1715 3115
475 171 638 219 CAP.
672 172 834 219 VIII.
881 175 972 219 Vs,
1003 175 1085 220 21.
1113 174 1211 219 22..
1499 173 1583 216 167

104 282 204 326 dum
229 280 476 339 praesentis
494 280 609 322 vitae
630 279 776 323 taedio
795 285 967 338 captum
993 280 1246 337 ingentique
1276 277 1430 321 mortis
1461 277 1580 321 desi-

104 339 227 382 derio
246 338 446 380 affectum
466 352 564 380 esse
588 338 795 393 lingeret,
834 339 873 379 si
895 345 1074 381 mortem
1100 338 1141 379 ei
1174 335 1447 379 metuendam
1479 345 1579 378 esse

104 401 304 454 putaret,
335 409 448 451 quae
467 409 563 436 eum
585 399 724 436 totum
745 394 1012 440 absumeret.
1072 394 1264 437 Accedit
1296 392 1409 450 quod
1444 393 1578 434 talem

103 451 255 494 mundi
276 457 437 494 sortem
459 452 648 493 futuram
669 466 768 493 esse
789 453 1021 508 perspicue
1052 452 1284 503 indicavit,
1325 449 1469 506 qualis
1499 449 1578 490 ho-

102 510 267 551 minum
292 509 438 550 futura
462 510 536 551 sit.
597 509 659 550 Hi
680 523 781 551 vero
805 517 985 565 propter
1004 509 1165 552 Adami
1185 509 1330 550 scelus
1352 510 1491 548 morte
1511 506 1577 547 af-

101 566 205 608 fecti
226 565 393 610 Christi
415 565 623 607 beneficio
642 566 724 621 ipsi
742 566 1025 617 reviviscent,
1061 566 1121 606 ita
1146 571 1194 607 ut
1214 564 1364 617 fragili
1391 577 1576 620 corpore

101 623 282 664 liberati
312 637 494 678 corpore
524 623 787 663 amiciantur
813 636 897 663 non
928 624 1144 679 perituro.
1216 621 1375 664 Patres
1415 622 1575 664 eccles.

101 679 267 721 Mundo
287 679 339 721 de
362 679 625 736 scriptorum
647 694 684 722 s.
706 680 922 720 sententia
948 694 1029 727 uon
1053 676 1340 733 ἀνυπαρξιάν,
1372 677 1447 718 sed
1463 673 1574 718 ἀνα-

100 733 331 789 καινισμόν
353 737 517 777 instare
539 750 706 778 summo
727 750 943 778 consensu
964 737 1185 778 affirmant·
1215 742 1271 792 (v.
1295 735 1411 779 δαῖε.
1431 733 1573 779 Thes.

99 794 258 837 eccles,
282 791 457 844 11‚151.
477 802 583 849 sq.).
1356 820 1358 824 v

215 849 274 893 V.
294 851 365 892 22.
423 853 462 891 A
473 865 515 906 p.
536 851 612 890 boc
635 864 700 893 vs.
723 863 864 906 neque
884 863 1055 892 versum
1073 851 1127 892 19
1148 848 1286 890 munit
1306 846 1466 902 (dm),
1495 860 1573 888 ne-

102 921 188 963 que
207 907 366 948 mundo
390 906 737 948 immortalitatis
761 908 1086 963 recuperandae
1111 921 1231 963 spem
1257 905 1468 946 divinitus
1494 904 1572 944 da-

100 971 189 1005 tam
212 977 308 1005 esse
331 963 524 1004 ostendit
546 969 608 1018 (ν.
630 964 701 1006 20.
720 964 839 1016 21.),
870 970 918 1006 ut
937 963 1141 1017 meyerus
1161 962 1356 1015 neglecta
1381 976 1480 1002 voce
1501 956 1574 1001 οἷ’-

101 1021 237 1073 δαμεν
254 1020 491 1073 contendit,
513 1020 591 1062 scd
618 1035 728 1077 quae
748 1035 787 1064 v.
803 1022 1004 1064 19—21.
1027 1027 1261 1062 memorata
1285 1019 1374 1059 sint
1394 1017 1573 1059 lectori·
1594 1054 1597 1058 .

102 1078 185 1119 bus
208 1083 308 1119 uota
329 1092 426 1118 esse
449 1077 668 1129 declarat,
700 1082 747 1119 ut
767 1092 815 1119 ea
837 1078 1109 1130 argumentis
1134 1077 1422 1117 corroborare
1444 1074 1573 1115 mini-

102 1149 169 1175 me
191 1149 367 1178 necesse
389 1135 464 1176 sit.
502 1134 711 1176 Mundum
739 1135 822 1176 Dei
845 1136 1035 1176 liliorum
1070 1133 1343 1191 majestatem
1367 1144 1574 1188 perseve-

102 1198 253 1233 ranter
282 1199 538 1248 exspectare
566 1195 626 1246 (v.
648 1194 761 1245 19.)‚
801 1191 1153 1248 quandoquidem
1179 1192 1256 1231 bac
1285 1204 1363 1246 spe
1394 1188 1572 1241 fragilis

101 1248 301 1290 redditus
323 1249 482 1299 fuerit,
521 1255 568 1290 ut
593 1249 676 1290 Dei
698 1249 934 1290 liberorum
957 1248 1331 1289 inmortalitatem
1354 1246 1572 1300 adipisce-

101 1314 226 1347 retur
253 1311 315 1361 (ν.
338 1307 408 1348 20.
428 1306 521 1358 21.)
552 1306 785 1349 affirmavi.
817 1310 877 1361 (v,
904 1306 1139 1357 iti-210.
1210 1304 1325 1345 Nam
1356 1317 1475 1343 nemo
1497 1315 1571 1342 no-

100 1364 241 1405 strvim
263 1364 395 1404 nescit
415 1364 475 1417 (v,
497 1369 587 1406 not.
607 1362 661 1403 ad
689 1378 728 1407 v·
752 1364 821 1407 19.
850 1364 904 1404 cl.
928 1364 970 1414 2,
988 1363 1075 1413 2.)‚
1106 1367 1245 1403 totum
1270 1359 1472 1401 muudum
1494 1357 1570 1412 (ab

100 1418 267 1463 Adami
287 1418 387 1460 inde
408 1420 700 1478 temporibus)
722 1420 765 1461 iu
787 1421 977 1474 gemitus
1001 1420 1075 1475 qui
1095 1418 1290 1459 edendus
1311 1423 1428 1458 esset
1450 1429 1571 1469 mag-

103 1477 235 1533 nique
272 1478 483 1518 maeroris
518 1477 773 1519 societatem
813 1478 986 1518 venisse
1025 1490 1162 1532 usque
1194 1475 1247 1515 ad
1286 1475 1364 1516 hoc
1394 1480 1570 1528 tempus

102 1536 230 1589 (suae
268 1534 405 1575 sortis
442 1540 691 1591 pertaesum
723 1539 767 1574 et
804 1535 999 1575 melioris
1039 1531 1306 1574 conditionis
1346 1528 1570 1573 desiderio

102 1593 297 1648 captum)
328 1605 368 1633 v,
387 1591 477 1634 22..
534 1590 635 1633 Νοη
658 1605 768 1648 opus
789 1598 857 1632 est.
881 1591 1027 1642 igitur,
1052 1596 1099 1631 ut
1119 1590 1257 1642 vohis,
1276 1589 1434 1644 quibus
1458 1600 1571 1643 quae

102 1648 164 1690 sit
197 1647 346 1689 mundi
375 1654 475 1706 post
505 1648 673 1693 Adami
716 1649 860 1689 scelus
895 1647 1092 1689 conditio
1132 1661 1331 1703 quaeque
1366 1642 1570 1686 laetioris

104 1705 242 1746 sortis
270 1719 372 1761 spes
394 1706 436 1746 in
459 1704 685 1747 doctrinae
705 1705 860 1747 christ.
882 1705 1112 1746 elementis
1137 1703 1336 1757 magistri
1361 1701 1571 1752 dixerint,

105 1775 196 1802 rem
215 1775 341 1817 quam
360 1763 487 1815 tetigi
504 1763 638 1804 latius
653 1763 862 1819 explicem
883 1762 1215 1817 rationibusque
1235 1760 1428 1802 fulciam.
1463 1757 1573 1799 Per-

107 1831 232 1859 verse
260 1816 460 1872 Benyel.:
495 1818 634 1874 „yc‘zffl
679 1820 887 1875 supponit
918 1819 1021 1859 baec
1051 1819 1312 1870 aetiologia,
1360 1816 1571 1869 gemitum

105 1878 333 1915 creaturae
362 1888 441 1915 non
468 1889 558 1916 esse
585 1875 779 1927 irritum,
816 1876 892 1916 sed
919 1876 1062 1916 ‹nativ-i
1092 1890 1118 1915 ιι
1148 1874 1280 1916 I)eo”
1322 1873 1406 1928 (Ξ).
1482 1870 1570 1913 Pro

107 1925 376 1980 σινσῐενάζει
406 1935 450 1970 et
479 1929 719 1972 συνωδίνει
744 1933 872 1972 verba
897 1932 1113 1986 simplicia
1139 1927 1334 1980 στενάζει
1357 1937 1399 1970 et
1421 1927 1571 1970 αἶὸιίἐι

108 1987 270 2028 habent
303 1985 438 2039 Vulg.
469 1986 588 2029 Clar.
619 1987 921 2029 Ambrosiast.
959 1988 1073 2028 Beda
1106 2002 1128 2027 e
1156 1987 1425 2028 correctione.
1486 1984 1570 2025 l'a-

106 2057 203 2084 rum
233 2042 346 2083 enim
377 2043 713 2094 intellexerunt,
753 2057 837 2098 quo
868 2043 1171 2098 praeverbium
1204 2041 1282 2084 0151*
1313 2044 1572 2098 pertineret,

106 2099 160 2142 de
186 2098 309 2157 cujus
330 2098 370 2139 vi
395 2113 545 2153 magna
562 2099 930 2155 estinterpretum
953 2099 1186 2142 dubitatio.
1226 2099 1379 2140 Lectio
1402 2112 1572 2140 συστε-

106 2153 228 2208 νάζει
260 2161 304 2197 et
334 2152 481 2197 ὤόίνει
510 2156 582 2210 (F.
606 2156 662 2198 G.
684 2157 740 2198 al.
765 2171 801 2198 ν.
827 2156 944 2211 Oriy.
967 2156 1019 2196 ad
1042 2157 1084 2199 b.
1105 2157 1156 2210 Ι.)
1184 2170 1207 2196 e
1227 2156 1415 2209 genuina
1441 2155 1572 2211 hujus

106 2213 139 2256 l.
170 2212 386 2268 scriptur-'i
418 2218 462 2253 et
491 2213 778 2269 interpretum
810 2213 1111 2254 emendatione
1146 2214 1444 2266 conglutinata
1486 2217 1572 2256 est.

108 2267 350 2326 Perperam
374 2268 636 2320 Loesnerns,
668 2269 824 2312 Rueck.
855 2270 914 2312 al.
943 2267 1218 2321 (τι-στενάζειν
1245 2276 1288 2310 et
1319 2265 1573 2309 συνωὸῖνειν

109 2326 189 2368 hoc
211 2340 296 2367 uno
326 2340 350 2366 a
378 2340 418 2367 v.
447 2323 667 2377 σι·εν(ἑζειν
686 2332 729 2367 et
759 2324 929 2367 ὠδίνειν
946 2326 1147 2378 differre,
1181 2325 1295 2381 quod
1320 2322 1397 2366 ‹5152›
1419 2324 1573 2366 verbo-

108 2396 203 2424 rum
227 2382 563 2439 compositorum
590 2383 674 2424 vim
699 2383 962 2439 simplicium
985 2397 1048 2426 vv.
1075 2383 1298 2434 intendat,
1329 2387 1573 2426 autumant.

108 2438 266 2496 Neque
297 2440 410 2480 enim
444 2436 520 2479 σίν
552 2439 592 2481 ἰη
635 2440 803 2491 verbis,
851 2439 1095 2497 cujusmodi
1135 2445 1238 2480 suut
1276 2436 1572 2493 συνήδεσθαι,

54 2505 58 2509 ’
112 2494 380 2550 συγχαίρειν,
411 2497 669 2551 συγγιόθεῖν,
700 2496 945 2550 συναλγεῖν,
977 2493 1254 2549 συχκάμιέιν,
1285 2492 1574 2546 συστενάζειν,

115 2551 389 2600 cumdium,
432 2553 652 2594 notionem
678 2553 824 2594 verbis
854 2553 1128 2610 simplicibus
1156 2553 1393 2608 subjectam
1428 2555 1577 2604 auget,

113 2608 471 2664 quemadmodum
500 2610 543 2650 in
576 2624 615 2652 ν.
645 2610 1021 2664 συμπληροῦσθαι
1044 2612 1149 2653 Act.
1169 2610 1210 2660 2,
1235 2613 1330 2652 I.et
1354 2609 1576 2651 similibus

113 2678 175 2708 v..
234 2665 382 2717 Beza,
412 2665 608 2718 Grotius,
638 2665 818 2717 lum-us,
855 2665 1059 2720 Dleyerns
1077 2667 1135 2708 al.
1160 2666 1237 2717 σύν
1258 2667 1299 2707 in
1324 2663 1578 2716 συστενάζει

115 2726 161 2763 et
192 2720 419 2763 συνωδίνει
452 2723 509 2764 ml
537 2737 678 2764 omnes
705 2723 849 2764 mnndi
875 2728 1025 2777 lma-tes
1055 2724 1272 2773 referunt,
1314 2737 1424 2778 quae
1446 2721 1577 2762 simul

120 2779 344 2835 suspirent
370 2784 415 2820 et.
444 2784 689 2822 maereant:
729 2793 866 2835 neque
897 2780 1010 2820 enim
1032 2779 1306 2832 ignoramus,
1339 2780 1580 2820 unirersam

121 2847 269 2879 rerum
300 2840 498 2880 naturam
526 2839 572 2893 (e
600 2836 733 2881 caelis
745 2869 759 2892 ‚
798 2837 944 2892 terra,
981 2839 1108 2894 acre,
1146 2837 1256 2880 mari
1275 2836 1583 2894 compositam)
