1715 3115
139 189 228 232 474
414 191 798 236 EPISTOLA
829 192 933 237 AD
967 192 1327 240 ROMANOS

141 295 429 350 παράπτωμα
451 297 591 340 αὐτῶν
612 313 694 341 ηοη
709 297 887 341 denotat
900 313 1044 341 eorum
1066 299 1083 342 l
1092 313 1222 354 apsu
1233 304 1295 357 m)
1319 298 1461 344 καὶτὸ
1482 301 1607 358 πλή-

137 367 265 406 ρωμα
291 350 447 396 αὐτῶν.
504 354 604 396 Non
635 357 766 397 ardor
793 356 1044 412 ingeniique
1070 356 1277 398 alacritas
1305 355 1517 409 Paulum,
1555 362 1606 401 ut

137 409 301 449 nullam
322 410 554 452 verborum
586 409 627 454 εἰ
653 413 700 454 δὲ
728 412 788 453 τὸ
821 408 1179 468 παράπτωμα
1206 412 1379 455 αὐτῶν
1409 415 1606 464 πλοῦτος

137 465 306 515 κόσμου
324 466 538 509 rationem
559 468 601 508 in
625 468 807 525 apodosi
829 469 1030 521 duceret,
1055 468 1189 510 movit
1213 469 1486 526 (Meyer-us),
1524 470 1602 512 sed

136 521 403 563 Iudaeorum
419 555 430 574 ‚
474 538 584 579 quos
605 525 728 566 Deus
750 525 996 566 obstinatos
1027 524 1295 568 reddidisset
1323 540 1364 570 v.
1392 527 1436 570 7.
1454 552 1508 560 —-
1530 528 1602 572 10.

135 577 212 631 τὴν
231 574 468 627 ἀπιστίαν,
500 581 662 637 quippe
694 596 717 622 a
743 581 841 623 Deo
872 583 1110 638 profectam
1140 596 1224 623 non
1253 583 1493 625 satisrecte
1532 584 1600 624 in-

134 633 326 676 credulis
345 634 527 679 Judaeis
547 639 654 679 vitio
674 638 785 679 verti
815 653 1050 693 eorumque
1075 643 1297 691 peccatum
1325 639 1469 681 vocari
1496 640 1601 681 sub-

133 691 288 732 sensit.
354 690 505 747 Quare
528 694 698 747 peccati
727 695 982 749 cogitationi
1012 694 1179 735 diutius
1204 694 1427 737 immorari
1459 697 1601 738 noluit

133 747 208 800 (cf.
230 761 269 790 v.
294 747 399 793 15.).
457 749 653 801 Grotius,
685 750 777 792 Chr.
799 753 874 795 Fr.
893 751 1128 793 Schmidius
1147 751 1205 794 al.
1229 749 1411 793 Paulum
1431 752 1511 794 hoc
1531 751 1599 794 di·-

130 804 249 845 xisse
270 805 565 848 arbitrantur:
588 807 855 848 credentium
879 808 1144 851 Judaeorum
1170 809 1430 863 paucitatem
1454 822 1504 850 eo
1524 822 1598 851 va-

129 860 292 911 luisse,
326 866 374 902 ut
393 862 518 903 multi
551 865 697 917 Jagani
721 864 898 906 Christo
920 864 1046 905 {idem
1069 864 1301 908 haberent:
1342 866 1477 906 multo
1508 879 1597 906 ma-

129 917 198 968 gis
239 917 507 959 credentium
535 877 802 963 iudaeorum
845 921 1169 961 multitudinem
1210 921 1405 975 eoecmplo
1442 934 1516 963 suo
1545 935 1598 964 ac

129 973 322 1015 doctrina
342 975 448 1016 alios
466 976 644 1030 yentiles
661 978 718 1019 ad
732 976 859 1030 fidem
883 978 1185 1031 perducturam
1205 991 1307 1020 esse.
1352 977 1462 1019 Deci
1470 977 1596 1034 piun-

127 1036 216 1073 tur.
275 1029 389 1072 Nam
412 1037 720 1089 praeterquam
743 1033 858 1088 quod
875 1032 924 1074 τὸ
955 1031 1126 1088 ἥττημα
1154 1029 1298 1074 αὐτῶν
1329 1040 1373 1076 et
1397 1029 1449 1075 τό
1475 1030 1597 1090 πλή-

125 1101 253 1140 ρωμα
272 1084 415 1129 αὐτῶν
436 1090 545 1130 male
568 1090 846 1146 interpretati
868 1095 994 1141 sunt,
1026 1103 1109 1130 non
1136 1089 1360 1142 viderunt,
1399 1088 1593 1134 Judaeos

126 1157 257 1197 quum
279 1144 572 1201 resipuissent
590 1147 784 1201 exemplo
805 1160 880 1187 suo
907 1150 949 1187 et
977 1146 1172 1187 doctrina
1197 1146 1377 1199 yentiles
1403 1160 1592 1189 commo-

124 1203 243 1240 turos
270 1215 361 1242 esse
395 1200 578 1243 Paulum
611 1203 705 1244 sine
733 1203 899 1244 summa
930 1202 1224 1243 inconstantia
1250 1203 1471 1244 affirmare
1506 1216 1593 1245 non

124 1256 339 1310 potuisse.
398 1257 579 1301 Scilicet
600 1258 794 1302 Judaeos
814 1274 836 1299 a
862 1259 959 1300 Deo
980 1258 1208 1300 induratos
1230 1264 1456 1315 postquam
1478 1273 1590 1314 yen-

121 1311 263 1353 1ilz'um
284 1312 507 1357 multitado
527 1317 584 1358 ad
605 1316 764 1358 Christe·
781 1315 1051 1369 disciplinam
1074 1316 1319 1357 accessisset
1338 1315 1463 1356 tidem
1488 1314 1591 1356 ani-

123 1368 206 1409 mis
226 1377 515 1427 concepturos
537 1386 634 1414 esse
653 1373 746 1428 Ap.
768 1372 964 1427 speravit
992 1386 1030 1414 v.
1052 1372 1123 1414 25.
1149 1372 1237 1415 26..
1297 1371 1479 1414 Judaeos
1505 1370 1590 1425 igi-

121 1430 219 1477 tur,
276 1440 360 1468 non
399 1429 613 1481 gentiles,
670 1429 890 1470 hominum
928 1442 1007 1484 per
1047 1427 1271 1471 Christum
1320 1426 1587 1469 beandorum

121 1495 274 1534 agmen
297 1484 525 1527 clausuros
546 1499 645 1526 esse
666 1484 932 1526 existimavit
951 1499 991 1527 v,
1011 1485 1083 1528 30.
1104 1509 1159 1515 --
1181 1485 1267 1527 32..
1325 1483 1588 1526 Rueck-ersus

119 1551 259 1593 neque
279 1540 495 1594 quomodo
519 1555 591 1583 res
610 1541 664 1582 ah
684 1542 884 1598 apostolo
909 1540 1022 1581 dicta
1055 1541 1228 1581 evenire
1255 1541 1449 1595 potuerit
1473 1538 1586 1582 Pau-

118 1593 207 1634 lum
231 1595 420 1648 dixisse,
452 1611 592 1654 neque
619 1596 975 1653 quemadmodum
998 1595 1051 1641 P.
1079 1610 1172 1637 eam
1203 1602 1346 1638 mente
1377 1596 1589 1638 informa-

118 1651 231 1691 verit
261 1658 381 1694 certo
414 1653 500 1694 dici
531 1668 659 1708 posse
691 1667 807 1694 more
839 1667 918 1694 sno
948 1652 1213 1697 observavit.
1287 1650 1440 1694 Potest
1480 1666 1583 1694 vero

117 1709 307 1760 apostoli
333 1723 451 1752 mens
475 1724 497 1751 e
518 1723 581 1752 vs.
603 1709 669 1753 15.
694 1709 929 1761 constitui,
959 1708 1033 1749 ubi
1059 1708 1171 1749 idem
1202 1708 1363 1750 dicitur
1391 1709 1584 1764 planius,

117 1763 239 1805 Haec
261 1765 395 1819 igitur
418 1771 484 1807 est
506 1764 632 1807 Pauli
665 1765 907 1807 sententia:
946 1765 986 1805 si
1013 1769 1158 1806 autem
1177 1763 1468 1817 Judaeorum,
1507 1765 1584 1820 qui

118 1820 205 1861 Dei
229 1819 358 1877 jussu
389 1821 713 1873 obduruerunt,
743 1827 966 1879 peccatum
997 1820 1310 1877 felicitatisque
1341 1822 1583 1863 messianae

110 1876 285 1934 jactura
323 1880 379 1919 ab
407 1879 464 1920 iis
494 1879 607 1920 facta
641 1878 755 1920 dites
785 1878 887 1920 fecit
916 1878 1104 1931 gentiles
1133 1879 1227 1933 (np.
1259 1891 1389 1933 quum
1420 1877 1477 1918 iis
1504 1876 1582 1933 τὴν

116 1931 393 1991 καταλλαγήν
412 1942 455 1977 et
474 1949 554 1992 per
579 1949 671 1977 eam
703 1934 929 1976 beatitatis
958 1935 1201 1975 messianae
1229 1947 1346 1986 spem
1375 1939 1582 1990 apporta-

115 1992 217 2043 ret),
241 1998 403 2047 quanto
426 1992 565 2046 magis
583 2006 730 2033 eorum
752 1990 1017 2032 abundantia
1040 1991 1081 2031 in
1104 1989 1363 2046 recuperata
1384 1990 1582 2042 Deigra-

113 2046 175 2087 tia
193 2054 486 2105 conceptaque
507 2049 664 2090 salutis
694 2048 938 2089 messianae
968 2061 1045 2102 spe
1077 2046 1222 2103 posita
1253 2046 1440 2100 gentiles
1465 2046 1581 2088 dita-

112 2101 179 2143 bit
196 2104 315 2156 (scil.
335 2119 464 2159 quum
487 2105 739 2147 beatitatem
759 2104 1018 2146 messianam
1040 2103 1180 2157 ipsam
1200 2102 1256 2144 iis
1277 2103 1464 2143 allatura
1495 2103 1579 2148 sit:

112 2159 168 2202 cf.
193 2167 283 2203 not.
304 2162 356 2201 ad
379 2175 418 2205 v·
442 2162 547 2215 15.).
607 2160 730 2212 Quae
749 2160 1069 2213 argumentatio
1092 2159 1170 2199 hac
1191 2159 1427 2210 sententia,
1448 2173 1575 2214 quam

112 2228 256 2256 ieram
287 2232 384 2258 esse
418 2218 562 2273 quivis
590 2212 824 2259 concedere
851 2215 1030 2268 debeat,
1067 2215 1247 2258 nititur:
1285 2220 1448 2256 tantam
1476 2229 1575 2256 esse

111 2270 378 2316 Judaeorum
401 2274 698 2332 majestatem,
736 2281 783 2315 ut
805 2277 990 2327 utraque
1018 2285 1167 2313 eorum
1196 2272 1371 2314 fortuna
1398 2270 1576 2325 gentili·

111 2329 195 2370 bus
219 2330 429 2372 salutaris
451 2333 511 2372 sit
532 2337 575 2372 et
592 2331 803 2372 adversae
823 2329 998 2387 quidem
1017 2342 1166 2369 eorum
1187 2328 1458 2370 resminores
1473 2341 1573 2381 pro-

110 2385 345 2441 speritates
368 2387 552 2444 paganis
570 2387 771 2445 pariant,
812 2386 948 2426 multo
983 2383 1172 2441 majores
1207 2383 1391 2426 secunda
1421 2397 1572 2424 eorum

111 2442 284 2483 fortuna
303 2444 545 2496 gentilibus
564 2444 716 2498 gignat
732 2443 809 2496 (cf.
830 2457 869 2485 v.
894 2442 1001 2495 15.).
1058 2440 1182 2482 Hanc
1194 2439 1324 2483 Pauli
1341 2453 1572 2493 argumen-

110 2499 317 2540 tationem
339 2501 579 2555 speciosam
611 2500 775 2541 rectius
805 2498 992 2550 dixeris,
1028 2511 1157 2553 quam
1188 2510 1347 2539 veram.
1412 2494 1570 2561 Neque

109 2555 221 2595 enim
242 2555 451 2598 adversae
471 2556 734 2601 Iudaeorum
759 2570 854 2606 rcS,
891 2553 1006 2611 quod
1030 2559 1150 2594 tanta
1179 2556 1297 2594 esset
1323 2551 1473 2608 populi
1496 2566 1571 2609 Ju-

109 2610 222 2652 daici
245 2611 477 2670 majestas,
506 2620 554 2654 nt
576 2615 668 2669 ipsa
691 2612 786 2671 ejus
805 2611 1032 2652 calamitas
1052 2609 1291 2663 gentilibus
1322 2607 1570 2649 necessario

111 2667 362 2721 prodesset,
390 2669 650 2721 effecerunt,
683 2677 729 2709 nt
748 2669 936 2722 gentiles
959 2666 1044 2707 fide
1066 2665 1243 2709 Christo
1274 2663 1421 2705 habita
1449 2664 1568 2704 salu-

108 2725 167 2763 tis
191 2724 434 2766 messianae
453 2740 573 2782 spem
593 2725 750 2766 animis
770 2724 1072 2779 conciperent,
1103 2722 1178 2764 sed
1200 2719 1284 2762 Dei
1315 2719 1498 2761 consilia
1524 2725 1570 2760 et

108 2779 309 2821 instituta
326 2812 338 2832 ,
368 2781 441 2837 qui
463 2782 622 2822 multos
643 2781 833 2824 Judaeos
856 2777 1383 2836 obdurescerejusserat‚
1416 2782 1464 2817 ut
1491 2774 1568 2816 do-

109 2835 250 2878 ctrina
288 2837 375 2880 div.
416 2838 600 2895 paganis
630 2836 877 2879 traderetur
908 2836 977 2891 (v.
1009 2835 1122 2887 11.).
1191 2831 1292 2875 Non
1321 2831 1460 2888 magis
1489 2830 1569 2876 Ju-
