1715 3115
141 188 227 230 530
421 187 799 233 EPISTOLA
835 191 937 234 AD
966 191 1330 237 ROMANOS

144 291 291 347 γὲλιον
330 293 460 334 etiam
496 295 738 337 institutum
773 296 1008 339 hominibus
1034 298 1228 340 doctrina
1258 298 1495 342 christiam?
1520 300 1607 341 im-

146 350 344 401 buendis,
382 351 437 393 bie
465 353 768 408 &Sci-anstaltuag
807 367 873 408 gur
912 354 1170 409 ffierbteitung
1210 358 1271 398 bet
1301 355 1611 411 speitssbotfcbaft,

148 405 398 457 significare
424 408 481 451 V.
504 408 562 450 D.
584 416 746 450 temere
770 411 911 453 tinxit.
971 408 1081 450 κατὰ
1105 412 1152 452 δὲ
1181 408 1260 465 τὴν
1287 409 1377 453 ἐκλ.
1404 411 1537 467 dycta.
1569 413 1607 453 δ.

146 477 185 502 τ.
207 465 277 516 π]
313 462 505 505 Hebraei
525 479 678 506 numen
701 465 893 508 divinum
914 466 1130 507 huminum
1153 467 1324 508 modulo
1339 468 1474 509 mensi
1493 473 1610 512 sunt.

147 517 302 560 Solent
327 519 524 561 homines
545 536 693 562 eorum
716 524 847 565 caiisa
869 537 979 579 quos
1002 522 1125 563 valde
1147 523 1335 575 diligunt
1366 525 1508 565 omnia
1540 539 1611 566 ve-

147 574 372 617 hementer
401 578 513 618 velle
544 583 585 618 ct
618 593 783 620 summa
817 579 860 622 in
887 594 964 621 eos
991 579 1197 620 henelieia
1227 579 1424 621 conferre
1450 582 1613 622 ceteris

147 630 298 686 inique
328 634 556 686 neglectis,
616 635 733 689 Quin
766 636 896 678 etiam
926 641 1195 677 mortuorum
1226 649 1435 677 memores
1464 637 1613 678 vivunt

148 692 194 726 et
214 689 331 728 tilios
355 691 565 731 honorant
592 699 762 748 patrum
783 694 966 733 caritate
993 692 1179 749 permoti
1207 691 1236 732 2
1255 691 1374 736 Sam.
1401 693 1499 745 9,7.
1527 707 1613 748 sq..

150 742 223 785 Sic
245 744 439 792 Hebraei
462 748 602 789 Deum
628 750 901 804 patriarchas
922 755 1043 790 tanto
1070 762 1215 789 amore
1245 750 1489 804 amplexum
1516 763 1614 791 esse

148 808 381 855 putarunt,
411 808 458 845 ut
476 805 516 845 ei
540 806 673 846 ceteri
698 807 893 848 homines
915 819 1020 862 prae
1041 805 1131 846 illis
1152 804 1399 848 sorderent.
1459 803 1614 861 ltaque

147 858 293 899 Deum
315 866 357 899 et
379 860 500 915 ipsos
524 862 798 918 patriarchas
819 862 998 903 summis
1019 861 1240 902 beneficiis
1258 862 1503 902 cumulasse
1521 875 1616 903 cre-

145 913 352 956 diderunt
370 924 414 958 et
440 932 561 958 suam
594 932 767 975 semper
792 919 1056 960 voluntatem
1087 919 1131 960 in
1164 932 1438 958 numerosam
1466 932 1613 959 eorum

147 971 344 1012 subolem
361 1005 372 1025 ,
406 987 532 1028 quam
555 974 611 1015 iis
632 976 933 1031 promisisset,
964 976 1214 1016 inclinatam
1237 975 1330 1015 sore
1350 978 1496 1016 sancte
1519 974 1615 1030 pol-

147 1027 316 1069 licitum
355 1044 453 1072 csse
484 1031 648 1075 Genes.
688 1033 809 1085 12‚2.
846 1046 918 1087 sq.
955 1032 1080 1083 15‚4.
1109 1045 1176 1087 sq.
1219 1032 1337 1082 17‚7.
1364 1030 1516 1083 28,l3.
1546 1045 1622 1086 sq.·

100 1086 107 1095 '
146 1083 283 1126 Deut.
307 1086 374 1138 10,
391 1087 475 1129 15..
534 1086 630 1130 Jam
651 1090 856 1144 quoniam
877 1090 1001 1130 Deus
1023 1102 1106 1128 non
1132 1094 1282 1143 posset
1313 1101 1395 1128 non
1427 1087 1614 1143 promis—

147 1140 210 1181 sis
242 1141 335 1182 suis
365 1149 509 1194 stare,
557 1158 654 1185 eum
685 1151 728 1185 ct
757 1145 859 1186 olim
889 1144 1235 1201 patriarcharum
1265 1158 1412 1184 amore
1439 1143 1614 1184 ductum

147 1193 362 1252 dataeque
392 1197 495 1238 fidei
525 1213 752 1240 memorem
783 1202 989 1257 populum
1021 1200 1308 1240 israeliticum
1341 1205 1543 1255 potenter
1572 1204 1616 1240 et

147 1251 330 1293 mirifice
360 1253 583 1312 adjuvisse
603 1256 762 1308 (Dent.
789 1256 915 1307 4,37.
941 1256 1036 1308 7,8.
1068 1257 1134 1307 10,
1151 1256 1217 1299 15.
1247 1255 1322 1300 PS.
1346 1255 1494 1307 105,5.
1515 1269 1614 1310 sqq.

148 1309 254 1351 Act.
280 1309 548 1366 13,17.*sq.)
578 1326 718 1368 neque
746 1313 786 1354 ei
820 1313 862 1353 in
894 1319 1115 1368 posterum
1146 1326 1335 1367 unquam
1363 1310 1613 1353 defuturum

146 1379 247 1406 esse
267 1365 431 1418 (Levit.
449 1368 604 1415 26,41.
625 1370 716 1424 sq.)
735 1369 1057 1413 existimarunt.
1116 1368 1202 1410 His
1223 1368 1504 1424 opinionibus
1535 1367 1614 1408 im-

147 1421 279 1462 butus
309 1422 439 1464 Philo
468 1425 610 1465 Deum
643 1426 779 1467 nobili
811 1425 984 1482 sibique
1013 1439 1138 1467 sacro
1155 1424 1420 1469 Iudaeorum
1453 1424 1614 1481 populo

147 1491 322 1535 semper
341 1480 596 1522 clementem
617 1482 708 1522 fore
727 1487 903 1537 propter
925 1481 1275 1536 patriarcharum
1301 1482 1481 1523 virtutes
1509 1480 1615 1522 dicit

147 1534 241 1588 (De
266 1535 444 1593 justitia
473 1536 647 1586 ΙΙ,3()“6.
677 1538 855 1591 Manq.)
885 1538 1095 1593 ipsosque
1122 1537 1399 1593 patriarchas
1427 1550 1506 1593 pro
1536 1550 1614 1594 po-

147 1591 282 1632 steris
302 1593 396 1632 suis
424 1593 538 1648 apud
561 1593 705 1635 Deum
734 1595 969 1635 efficaciter
997 1593 1225 1649 deprecari
1254 1596 1400 1633 censet
1419 1592 1513 1647 (De
1543 1606 1615 1632 ex-

148 1648 470 1690 secrationibus
492 1648 668 1699 11‚436.
688 1649 883 1705 Il1m1y.).
944 1647 1108 1691 Paulus
1134 1662 1306 1704 quoque
1328 1649 1369 1692 b.
1390 1648 1423 1692 l.
1453 1662 1505 1690 ex
1536 1648 1614 1688 illa

151 1702 211 1746 V.
235 1704 293 1747 Τ.
315 1703 547 1761 disciplina
573 1706 801 1762 pependit,
833 1720 963 1761 quum
984 1705 1176 1748 diceret:
1207 1704 1285 1746 sed
1310 1703 1424 1759 quod
1452 1704 1508 1746 ad
1532 1704 1615 1746 Dei

147 1760 360 1802 delectum
390 1762 546 1803 attinet
573 1762 670 1817 (qui
703 1762 976 1818 patriarchas
1005 1775 1241 1817 eorumque
1271 1766 1473 1817 posteros
1500 1775 1616 1802 com-

151 1818 359 1870 plectitur
381 1818 542 1862 Genes.
566 1819 684 1871 17,7.
702 1821 808 1862 Act.
832 1819 981 1870 13,17.
1002 1820 1092 1873 sq.)
1114 1816 1348 1858 Israelitae
1374 1832 1401 1859 a
1423 1817 1516 1859 Deo
1542 1817 1614 1858 di-

149 1874 340 1929 le‘ymeim·
356 1871 597 1930 (ἀγαπητοί
616 1875 714 1918 scil.
743 1876 856 1916 θεοῦ
877 1875 974 1927 1,7.
999 1872 1110 1927 εἱσι)
1143 1879 1319 1928 propter
1342 1871 1618 1927 patriarchas

148 1929 179 1971 i.
196 1945 234 1973 e.
257 1930 357 1986 quia
380 1931 656 1987 patriarchas
677 1932 832 1972 dilexit
852 1936 1145 1987 quantumque
1179 1930 1246 1971 his
1272 1930 1441 1971 tribnat
1471 1943 1617 1970 amore

150 2001 230 2028 suo
251 1987 296 2028 in
325 1988 672 2042 patriarcharum
701 1993 902 2044 posteros
928 1999 1056 2029 verso
1091 2000 1203 2027 nunc
1231 1986 1513 2028 manifestare
1542 1984 1615 2026 de-

150 2043 238 2085 het.
299 2044 435 2096 (Hinc
457 2045 616 2100 optima
641 2058 838 2100 quaeque
860 2043 1081 2085 Israelitis
1099 2057 1123 2084 a
1149 2043 1242 2084 Deo
1273 2041 1488 2100 speranda
1518 2056 1616 2082 esse

150 2104 373 2157 apparet.)
438 2100 528 2142 Res
562 2115 666 2143 sane
694 2106 739 2141 et
769 2101 933 2142 veritas
964 2104 1173 2157 poscunt,
1216 2105 1264 2141 ut
1293 2097 1614 2140 sanctissimum

150 2170 307 2198 numen
329 2162 548 2198 aeternam
568 2158 754 2201 salutem
776 2158 976 2199 omnibus
996 2157 1163 2213 pariter
1185 2155 1432 2197 hominibus
1456 2154 1615 2196 offerre

151 2217 212 2266 (v.
231 2214 349 2267 32.)‚
380 2215 578 2255 conferre
597 2228 681 2255 non
704 2213 790 2254 nisi
813 2214 856 2254 in
879 2214 975 2270 pios
996 2212 1166 2268 fideque
1190 2212 1448 2269 conspicuos
1478 2210 1614 2252 homi-

153 2283 233 2310 nes
253 2271 395 2325 (1,16.
421 2271 547 2323 4‚ll.
571 2271 673 2313 Gal.
693 2269 734 2322 3,
747 2271 789 2313 7.
816 2270 880 2326 8.)
908 2270 1204 2312 conliteamur.
1233 2292 1289 2299 —
1348 2267 1437 2323 Qui
1464 2265 1509 2307 in
1535 2266 1614 2307 hu-

148 2324 223 2383 jus
243 2327 275 2370 l.
297 2327 661 2382 interpretatione
680 2330 916 2383 peccarunt
948 2331 1023 2367 aut
1055 2325 1167 2366 male
1196 2338 1298 2366 voce
1324 2321 1482 2378 ἐχθροί
1500 2322 1614 2363 ,αοῐί-
1679 2331 1688 2337 ’

150 2396 245 2424 vam
271 2389 531 2439 potestatem
555 2383 837 2441 subjecerunt
856 2388 932 2424 aut
956 2396 1087 2438 quum
1110 2381 1201 2424 voci
1223 2379 1379 2436 ἐχθροί
1397 2378 1613 2436 passivam

151 2439 236 2480 vim
260 2448 375 2480 recte
405 2441 666 2482 tribuissent
684 2439 869 2481 Paulum
896 2454 992 2481 eum
1020 2452 1144 2490 esse,
1178 2438 1248 2479 cui
1277 2436 1510 2478 israelitae
1539 2434 1609 2476 in-

152 2496 231 2536 visi
249 2510 348 2536 esse
369 2495 569 2537 dicantur
589 2500 650 2552 (v.
672 2511 721 2537 su
758 2504 848 2549 ra),
867 2496 1034 2552 opinati
1055 2499 1171 2537 sunt.
1230 2491 1478 2548 Benyeh'us,
1512 2491 1613 2546 quia

153 2552 312 2593 malum
335 2552 495 2594 homini
519 2510 813 2610 imputantium
836 2553 917 2604 sit,
947 2551 1104 2593 honum
1128 2565 1150 2590 a
1174 2549 1269 2591 Deo
1299 2548 1616 2605 proficiscatur,

151 2608 216 2649 sic
235 2615 434 2653 enarrat:
461 2609 574 2666 quod
594 2609 648 2650 ad
678 2608 949 2662 evangelium
979 2608 1137 2649 attinet
1155 2606 1386 2648 israelitae
1417 2617 1483 2645 me
1510 2604 1613 2645 ode-

149 2670 249 2706 runt
270 2670 449 2722 propter
468 2681 543 2708 vos
558 2700 570 2719 ‚
599 2665 675 2706 sed
699 2665 814 2721 quod
833 2665 888 2706 ad
909 2665 1122 2706 delectum
1153 2663 1312 2703 attinet
1341 2675 1368 2702 ιι
1389 2661 1480 2702 Deo
1507 2659 1613 2723 dili:

180 2726 307 2763 untur
334 2729 516 2778 propter
546 2722 839 2778 patriarchas.
911 2722 1107 2763 Grotius:
1145 2717 1370 2760 occasione
1398 2716 1614 2768 evangelii

146 2734 304 2819 gudae?
325 2779 431 2819 milei
450 2780 561 2819 male
581 2779 724 2820 volunt
744 2782 924 2834 propter
942 2791 1018 2818 vos
1042 2777 1084 2819 h.
1106 2789 1144 2818 e.
1165 2775 1272 2830 qumi
1291 2787 1357 2813 vos
1379 2772 1612 2835 incircum-⁶

149 2834 256 2877 cisoa
275 2836 331 2877 ad
348 2836 567 2878 ecclesiam
587 2835 766 2878 admitto
785 2835 913 2891 [sic],
950 2832 1027 2875 sed
1054 2832 1223 2874 ratione
1252 2828 1478 2872 electionis
1507 2828 1612 2869 mun
