1715 3115
625 156 786 202 GAP.
819 156 916 203 xl.
969 159 1058 202 vs.
1087 160 1185 202 32..
1561 163 1648 203 547

159 263 436 321 (Erasmus),
472 263 549 306 sed
570 263 626 306 ab
647 264 727 306 hoc
748 265 878 322 plane
898 279 983 306 non
1005 264 1156 306 differt
1181 264 1371 332 (Bezu),
1408 265 1465 308 cf.
1492 267 1511 306 l
1534 266 1637 311 Cor

163 323 294 376 1,27.
333 320 432 365 Col.
453 322 492 372 l,
512 322 584 366 20.
626 321 745 366 Xen.
773 321 924 366 Anah.
947 323 989 376 7,
1007 322 1049 375 3,
1072 324 1139 365 11.
1172 336 1247 362 και
1283 318 1346 361 τὰ
1383 322 1464 372 μὲν
1503 321 1637 390 φεύ-

160 393 328 435 γοντα
359 379 433 420 καὶ
465 354 989 446 ἀποδιδράσκοντα
1000 377 1124 446 ἡμεῖς
1147 393 1289 420 ικανοι
1309 373 1509 444 ἐσόμεθα
1531 377 1636 422 ὸιώ-

160 451 254 478 κειν
282 450 355 478 και
383 435 641 488 μαστεύειν·
681 436 734 493 ἢν
765 435 814 477 δέ
843 449 928 484 τις
958 431 1225 490 dvalamma
1258 449 1336 476 συν
1358 429 1457 486 ι’μῖν
1477 451 1635 504 πειρα-

160 487 339 545 σόμεθα
364 491 648 562 χειροῦσθαι.
715 492 904 535 Arrian.
926 492 1037 557 Exp.
1059 493 1194 534 Alex.
1214 491 1256 543 5,
1274 492 1344 544 22,
1366 492 1404 533 l.
1436 490 1634 548 -ἕξαγ-

158 548 361 618 γέλλεται
384 546 678 619 Ἀλεξάνδρῳ,
717 552 800 589 τῶν
827 545 1085 601 αὐτονόμων
1108 546 1252 588 Ἰιὸὦν
1269 572 1324 578 -
1341 563 1446 598 τους
1474 550 1635 618 uastoq-

156 604 314 658 μένους
336 605 574 656 Καθαίους
601 604 764 654 αὐτούς
793 620 840 648 τε
870 601 1300 673 παρασκευάζεσθαι
1333 603 1390 653 ὡς
1411 605 1524 660 πρὸς
1546 603 1635 660 μά-

157 678 237 717 χην
263 687 318 694 --
348 665 421 705 καὶ
453 660 556 706 ὅσα
588 659 765 719 ὅμορα
797 661 954 718 σφίσιν
982 658 1208 714 αιιόνομα
1241 662 1315 702 καὶ
1345 662 1513 704 ταῦτα
1547 678 1633 705 πα-

158 719 409 775 ρακαλεῒν’
389 736 431 768 ες
451 719 500 763 τὸ
522 717 665 773 ἔργον.
687 725 732 761 et
750 719 908 762 ninere·
931 719 1009 761 Gr.
1030 734 1073 776 p.
1088 719 1202 762 165..
1255 716 1322 760 Ίιὶ
1343 719 1431 760 πάι
1438 735 1487 760 ια
1509 734 1633 764 nemo

157 776 363 843 probavit
382 777 529 820 Millio
552 776 860 831 Pr01.§.449.
888 783 1095 832 excepto,
1138 776 1214 833 qui
1244 791 1350 824 τους
1375 778 1543 826 πάιτας
1565 793 1633 820 re-

213 834 279 876 uit
308 841 356 876 ut
382 836 618 889 glossema.
685 835 832 889 Quum
861 834 905 875 in
934 848 970 876 e.
963 835 1081 875 :dem
1108 833 1327 874 sententia
1353 832 1569 876 Neutrum
1591 841 1635 877 et

156 890 450 933 Basculinum
489 906 619 949 saepe
659 891 888 958 conjuncta
930 891 1244 957 repperiantur
1291 892 1336 942 (l
1365 890 1467 935 L'or.
1502 894 1538 943 l,
1560 893 1633 938 27.

157 948 360 1018 Thucyd
379 950 541 1004 3‚11.),
568 948 655 990 dici
679 949 875 1017 potuisse
897 942 1206 990 συνέκ)εισεν“
1189 962 1212 988 ο
1233 946 1341 995 θεὸς
1368 947 1430 989 τὰ
1457 948 1632 992 πάντα

155 1002 221 1055 εἷς
242 1002 499 1057 arcelaum,
528 1004 599 1047 c'va
628 1004 757 1055 τούς
788 1007 998 1054 πάντας
1030 1001 1190 1061 ἐλεήσῃ
1211 1004 1415 1049 concedo.
1465 1005 1632 1061 Onam-

156 1076 285 1118 quam
315 1063 365 1104 ha*
360 1078 394 1104 uc
420 1063 607 1105 lectione
631 1064 835 1130 suscepta
859 1063 944 1104 1οοί
967 1077 1146 1104 acumen
1170 1077 1192 1103 ι
1196 1061 1326 1103 ιἰΙάο
1315 1063 1513 1104 imminui
1536 1064 1632 1120 qui-

155 1120 222 1161 vis
242 1120 422 1163 sentiat.
491 1120 608 1162 Hinc
630 1121 744 1162 enim
767 1120 995 1162 subtilitas
1016 1119 1234 1171 nascitur,
1266 1124 1313 1160 ut
1336 1119 1464 1160 iidem
1491 1122 1630 1163 homi-

156 1191 234 1218 nes
268 1179 338 1219 bis
366 1177 516 1220 eadem
546 1177 741 1249 ejusdem
774 1177 975 1219 vocabuli
1004 1176 1143 1218 fortini
1175 1177 1470 1242 appellentur.
1531 1178 1630 1221 ιΙΊιιι

155 1248 289 1290 quum
312 1235 488 1277 varians
510 1236 642 1276 lectio
663 1235 830 1284 πάντα,
863 1248 973 1303 quae
996 1234 1199 1290 quoniam
1222 1234 1409 1275 articulo
1433 1250 1542 1291 opus
1562 1241 1631 1278 est

153 1291 264 1333 ferri
283 1293 458 1359 nequit,
494 1294 686 1349 scriptur
691 1306 740 1334 ae
760 1292 815 1333 τὰ
838 1290 982 1333 πάντα
1001 1291 1296 1348 suspicionem
1319 1292 1498 1345 conflet,
1536 1294 1630 1349 ple-

152 1349 305 1405 risque
324 1349 492 1391 criticis
511 1364 720 1392 assensus
718 1353 960 1417 receptam
979 1349 1211 1390 lectionem
1231 1353 1358 1390 tueor
1379 1363 1518 1405 neque
1535 1364 1631 1391 cor·

154 1412 351 1448 rectores
388 1407 650 1448 variationis
678 1405 731 1447 τὰ
765 1402 912 1447 πάντα
939 1431 993 1437 -
1019 1405 1122 1455 τοὺς
1150 1402 1319 1455 πάντας
1349 1405 1630 1462 impatientes

153 1478 258 1511 τους
288 1460 458 1512 minag
487 1477 567 1519 pro
597 1462 651 1504 τὰ
681 1460 826 1504 πάντα
854 1463 1057 1519 posuisse
1080 1462 1210 1504 credo
1231 1463 1306 1515 (cf.
1329 1463 1352 1504 l
1375 1462 1476 1507 Cor.
1500 1466 1538 1516 l,
1557 1466 1628 1507 27.

156 1534 273 1562 sarr.
294 1520 395 1562 lect.
405 1523 434 1572 ).
508 1520 656 1573 Vulgo
682 1518 737 1561 τὰ
766 1518 912 1561 πάιτα
941 1534 992 1561 ex
1015 1521 1116 1564 Gal.
1135 1521 1177 1572 3,
1198 1520 1268 1563 22.
1291 1521 1528 1577 irrepsisse
1550 1536 1629 1577 pu-

153 1581 250 1618 tant
278 1576 472 1631 (Belem,
504 1576 663 1619 Rueck.
653 1608 689 1628 .,
717 1576 886 1630 Dlescr
906 1577 963 1619 al.
970 1577 1002 1632 ).
1061 1575 1192 1631 Quod
1217 1591 1477 1632 quamquam
1504 1593 1631 1635 prae-

153 1633 291 1676 fracte
319 1647 481 1686 negare
511 1634 634 1686 nolo,
673 1634 750 1691 qui
775 1638 881 1690 quot
905 1634 1181 1700 corruptelas
1202 1634 1412 1675 similium
1434 1636 1630 1677 locorum

152 1691 437 1756 comparatio
454 1689 676 1759 pepererit
705 1693 841 1759 probe
867 1690 1025 1743 sciam,
1070 1697 1217 1732 tamen
1246 1691 1345 1732 fieri
1373 1697 1543 1748 potest,
1582 1699 1632 1734 ut

155 1747 361 1803 quoniam
388 1745 443 1787 τὰ
472 1748 615 1787 πάντα
639 1761 663 1787 ιι
693 1745 798 1796 τοὺς
826 1745 997 1796 πάιτας
1021 1762 1103 1788 non
1127 1747 1276 1788 differt
1296 1748 1437 1804 aliqui
1455 1749 1632 1791 librarii

155 1818 236 1860 per
255 1803 494 1854 negligenti
501 1818 567 1844 am
587 1801 642 1843 τὰ
660 1802 805 1844 πάντα
824 1817 905 1859 pro
927 1802 1065 1852 τούς
1056 1799 1225 1852 πάντας
1248 1811 1499 1850 exararent.
1561 1806 1629 1850 Cf.

156 1860 259 1904 soh.
282 1860 350 1911 12,
369 1860 440 1902 32.
461 1874 485 1901 ι
489 1874 579 1902 arr.
599 1859 717 1902 lect..
774 1856 846 1899 ιἰα
873 1873 980 1908 τους
1010 1859 1180 1908 πάντας
1210 1859 1392 1918 gZ-,er‘lio-J]
1424 1877 1470 1904 eo
1497 1864 1631 1905 consi-

155 1917 210 1960 lio
231 1917 356 1959 Deus
379 1921 613 1972 utrumque
638 1913 753 1981 quod
775 1914 865 1956 dixi
886 1916 1105 1957 hominum
1129 1931 1266 1969 genus
1299 1919 1385 1958 sibi
1415 1919 1630 1974 refragari

150 1974 313 2040 jussit,
344 1978 389 2014 ut
412 1979 645 2029 utrumque
664 1973 967 2016 miseraretur.
1034 1972 1147 2014 Nam
1173 1952 1558 2029 quemadmodum⁰
1555 1992 1632 2033 pa-

156 2032 283 2086 ganis
307 2029 509 2096 injectam
530 2029 844 2071 contumaciam
865 2028 1134 2073 Judaeorum
1153 2033 1420 2073 contumaci
1402 2048 1423 2073 ιι
1446 2048 1492 2073 5ιι
1512 2049 1537 2074 ιι
1541 2035 1632 2085 uit,

157 2089 222 2130 sic
250 2087 443 2129 vicissim
472 2086 738 2130 Judaeorum
773 2088 1073 2129 contumaciae
1110 2101 1379 2144 paganorum
1402 2047 1632 2147 obsl³qui0

157 2144 405 2187 medebitur
424 2146 486 2198 (v.
503 2144 574 2187 30.
595 2150 640 2184 et
657 2143 728 2186 31.
735 2145 767 2197 ).

271 2200 401 2244 Nunc
431 2201 683 2265 quaeritur,
731 2200 937 2256 quidnam
967 2200 1020 2242 de
1047 2202 1138 2244 tota
1169 2199 1298 2243 Pauli
1330 2203 1628 2268 disputatione

131 2259 472 2310 ,ο.9,1.-,11
489 2258 560 2300 32.
576 2256 859 2323 judicandum
882 2258 956 2301 sit.
1017 2258 1135 2300 Tres
1155 2261 1397 2300 sententias
1417 2264 1507 2318 Ap.
1530 2275 1628 2316 pro-

156 2292 330 2373 posiiit,
370 2315 530 2371 quibus
548 2313 754 2373 judaicae
777 2315 933 2371 stirpis
954 2316 1166 2357 lectorum
1190 2316 1243 2357 de
1261 2322 1327 2357 tot
1347 2316 1629 2367 Judaeorum,

158 2374 233 2439 qui
253 2372 433 2416 Christo
455 2363 581 2413 fidein
602 2377 864 2424 negassent,
903 2372 1046 2413 salute
1076 2373 1366 2414 sollicitorum
1399 2375 1626 2415 tristitiam

156 2430 398 2483 mitigaret.
460 2428 608 2470 Primo
633 2428 775 2470 Deum
798 2429 1159 2485 proarbitrionis
1179 2428 1404 2472 Israelitis
1418 2446 1570 2473 summ
1563 2446 1626 2471 ιιιι

155 2487 410 2528 felicitatem
435 2484 705 2537 destinasse,
745 2485 904 2541 quibus
935 2485 1042 2526 bene
1073 2487 1335 2552 (amisisset,
1373 2496 1542 2529 ceteros
1564 2488 1628 2528 in-

156 2542 367 2596 durasse,
407 2557 460 2584 ne
489 2557 568 2600 per
596 2541 724 2584 fidem
753 2542 938 2583 salutem
962 2544 1107 2584 messi.
1101 2558 1166 2583 ιιιι
1159 2558 1222 2584 un
1243 2551 1631 2600 consequerentur,

157 2599 309 2642 docuit
333 2576 376 2652 9,
399 2601 439 2643 l.
459 2601 618 2643 —29..
698 2598 871 2640 Deinde
903 2599 1111 2655 populum
1143 2600 1430 2642 israeliticum
1466 2602 1628 2642 idciico

160 2658 421 2700 messianam
442 2656 696 2698 felicitatem
718 2670 801 2697 non
824 2655 1028 2712 adeptum
1052 2671 1172 2709 esse,
1212 2658 1326 2713 quod
1349 2673 1476 2713 quam
1501 2659 1626 2699 tidem

160 2712 340 2756 Christo
360 2712 551 2770 adjicere
572 2714 777 2766 potuisset
797 2712 956 2754 habene
978 2689 1178 2755 noluiss1’t
1205 2715 1396 2756 ostendit
1420 2718 1461 2767 9,
1481 2716 1551 2758 30
1573 2741 1627 2747 -

161 2771 232 2823 10,
242 2770 330 2814 21.
386 2770 592 2826 Denique
614 2770 691 2810 hoc
712 2770 968 2824 mysterium
987 2769 1229 2812 lectoribus
1246 2772 1437 2827 aperuit,
1468 2773 1627 2824 Deum,

160 2831 211 2869 ut
236 2825 421 2871 Iudaeis
448 2833 493 2870 et
518 2826 760 2883 gentilibus
786 2827 955 2884 pariter
984 2827 1266 2926 ιιοιιειιῦῐίοιτεί2
1296 2829 1522 2871 maximam
1552 2828 1629 2873 Ju-

1171 2899 1208 2925 m
