1715 3115
485 203 643 250 CAP.
682 200 852 247 VIII.
884 201 979 247 Vs,
1009 202 1109 247 28..
1458 204 1542 245 103

68 313 235 372 inquit,
281 317 328 355 ut
354 312 699 355 efficacissimam
743 309 1002 352 medicinam
1043 306 1299 360 adhibeam,
1340 321 1420 348 nos
1449 322 1534 352 non

67 372 182 425 fugit.
210 375 294 415 etc.
355 370 471 411 Male
495 370 638 423 Bcnq:
678 369 916 421 „novimus
938 367 1102 420 autem]
1125 365 1417 408 Antitheton:
1449 380 1533 408 non

68 428 266 470 novimus
300 441 339 471 v.
370 427 478 470 26.''
547 426 618 468 lta
652 426 806 467 saltem
837 421 970 463 τοῖιό
1000 423 1047 464 δὲ
1077 418 1258 474 οἴδαμεν
1286 422 1534 478 ponendum

65 486 227 528 fuerat.
286 480 431 524 πάντα
460 484 657 538 συνεργεῖ
694 479 759 530 εἰς
788 479 979 534 ἀγαθόν]
1002 480 1066 523 Λ.
1086 479 1140 522 Β.
1171 475 1316 519 πάντα
1336 483 1534 534 συνεργεῖ

69 536 94 584 ὅ
125 538 260 587 θεὸς
289 537 354 589 εἷς
381 538 473 594 ἆγ.,
505 539 619 595 qumi
645 538 792 581 Grofio
822 535 1053 593 probatum
1086 536 1255 592 recepit
1276 535 1457 579 Lac-hm.
1499 540 1509 591 Ι

66 597 199 650 Orig.
228 596 320 639 Sel.
363 597 405 637 in
440 595 514 639 PS.
543 594 632 651 (Il,
660 596 780 649 509.)
814 590 959 635 πάντα
987 595 1184 649 συνεργεῖ
1213 589 1278 639 εἰς
1307 589 1478 645 ἀγαθὸν
1506 590 1530 634 ὃ

66 651 220 703 θεός.
287 653 369 695 Est
407 649 429 695 ὃ
464 650 572 702 θεός
600 666 748 694 eorum
776 651 1021 703 glossema,
1061 650 1135 705 qui
1166 649 1413 704 antiquitus
1444 663 1532 691 non

65 707 274 760 πάντα,
313 710 391 751 sed
422 711 557 751 Deum
579 708 830 765 Subjectum
856 720 955 748 esse
983 706 1299 755 credidissent,
1331 710 1380 746 ut
1401 704 1530 761 Orig.

64 767 171 822 περὶ
203 764 275 818 εὐχ
288 768 337 821 ¹79
365 767 424 819 (l,
443 767 568 817 2154.)
596 772 640 808 et
659 767 783 816 θρα,
813 778 896 805 non
919 762 1092 815 Chrys„
1124 762 1199 818 qui
1220 762 1442 815 vulgarem
1463 763 1531 804 in-

65 837 248 878 gressus
295 823 699 879 interpretationem
741 835 914 863 sensum
954 820 1102 875 paullo
1142 819 1327 860 liberius
1362 817 1530 861 descri-

64 880 171 938 psit.
231 878 326 921 Has
357 894 494 935 nuper
527 878 819 922 Brctsclmeid.
841 877 949 919 Lex.
971 875 1035 927 ΙΙ,
1060 877 1162 920 468.
1193 879 1406 931 sequutus
1436 881 1530 919 est:

65 937 249 993 „ipsum
283 945 479 977 amantes
515 937 634 978 Deus
661 930 932 991 fortumetff)
965 933 1082 974 omni
1110 933 1154 973 in
1189 932 1289 975 rc.”
1345 931 1530 974 Dicitur

65 1007 171 1035 sane
201 996 418 1048 συνεργεῖν
448 991 534 1035 τινί
564 1008 632 1043 τι,
663 1006 774 1048 quae
804 1004 1053 1048 praegnans
1078 994 1301 1031 structura
1324 993 1393 1030 est
1412 988 1528 1032 idem

65 1049 319 1102 declarans,
361 1050 476 1106 quod
510 1046 798 1104 συνεργοῦντα
826 1047 1028 1102 πορίζειν
1061 1044 1149 1087 τινί
1167 1062 1210 1087 τι
1233 1045 1370 1099 (Xen.
1395 1045 1528 1092 Mem.

64 1107 108 1158 3,
138 1106 180 1158 5,
213 1109 281 1150 16.
310 1107 365 1150 cf.
398 1108 527 1148 etiam
561 1105 696 1162 Sopb.
729 1103 918 1147 Philoct.
951 1102 1048 1146 143.
1080 1097 1312 1156 ὑπουργεῖν
1339 1099 1426 1143 τινί
1444 1105 1525 1159 τι).

67 1162 283 1218 Quocirca
312 1178 379 1205 w.
414 1167 507 1212 τοῖς
537 1161 745 1218 ἀγαπῶσι
774 1159 849 1201 τὸν
876 1158 985 1201 θεὸν
1007 1158 1151 1200 πάντα
1174 1161 1372 1214 συνεργεῖ
1395 1159 1480 1212 [sc.
1502 1155 1527 1202 ὅ

65 1219 194 1274 θεὸς]
238 1218 304 1269 εἷς
343 1218 515 1276 ἀγαθον
552 1220 698 1260 valere
726 1222 923 1272 possunt:
966 1216 1022 1257 iis
1055 1216 1128 1272 qui
1163 1215 1304 1257 Deum
1335 1214 1528 1267 diligunt

67 1277 209 1319 omnia
232 1276 356 1318 Deus
385 1276 598 1331 opitnlmm
624 1275 810 1328 lar-qitm·
842 1276 901 1315 ita
934 1279 981 1314 ut
1009 1273 1064 1314 iis
1096 1273 1204 1313 bene
1234 1272 1309 1316 sit.
1369 1271 1526 1315 Nihilo

67 1333 212 1376 secius
240 1333 345 1374 baec
373 1333 611 1390 explicatio
646 1345 779 1388 prava
810 1337 901 1382 est,
930 1331 1073 1386 primo
1108 1329 1209 1385 quia
1233 1328 1338 1370 haec
1364 1343 1403 1372 v.
1426 1344 1528 1386 pos-

67 1391 131 1432 cit
151 1415 204 1422 —
228 1387 297 1432 ὅτι
317 1389 340 1431 ὁ
362 1393 426 1431 {ste
441 1390 496 1439 ὸς
516 1393 608 1438 τοῖς
628 1387 858 1443 ἀγαπῶσιν
881 1387 942 1430 αὖ
959 1403 979 1428 c
993 1386 1048 1428 ὸν
1068 1411 1124 1417 -
1145 1385 1298 1428 deinde
1319 1387 1528 1441 quoniam

65 1447 188 1489 notio
217 1447 349 1489 verbo
381 1449 577 1499 συνεργεῖ
606 1445 802 1502 subjecta
835 1444 1036 1486 nonnihil
1067 1442 1274 1494 offendit,
1326 1450 1373 1483 ut
1403 1457 1527 1486 nemo

65 1518 150 1546 non
183 1503 443 1561 simpliciter
472 1503 633 1544 dictum
667 1502 819 1543 mallet
837 1526 891 1532 -—
917 1499 986 1542 ὅτι
1008 1496 1031 1544 ὃ
1051 1497 1162 1549 θεὸς
1182 1503 1275 1548 τοῖς
1295 1495 1528 1553 ἀγαπῶσιν

67 1558 201 1603 αὐτὸν
226 1559 406 1602 πάντα
425 1557 746 1615 χαρίζεται,
778 1564 826 1599 ut
846 1573 886 1602 V.
908 1557 1003 1610 32.‚
1035 1564 1253 1612 postremo
1276 1556 1390 1612 quod
1414 1557 1527 1599 hunc

65 1631 132 1661 vs.
172 1618 284 1659 male
324 1632 419 1658 eum
457 1631 497 1660 v.
536 1616 608 1659 27.
648 1615 865 1657 connectit
904 1615 946 1658 h.
989 1627 1068 1656 m.:
1115 1613 1230 1654 haud
1271 1614 1527 1667 ignoramus

66 1679 238 1726 autem,
266 1673 410 1716 Deum
441 1674 527 1730 piis
551 1672 819 1716 Christianis
843 1672 985 1713 omnia
1006 1670 1291 1725 opitulantem
1316 1670 1446 1722 (lare,
1477 1675 1526 1712 ut:

65 1730 180 1772 hono
208 1731 410 1773 fruantur
439 1731 558 1786 (scil.
580 1744 710 1785 quum
734 1744 780 1770 se
802 1743 880 1785 pro
904 1728 959 1769 iis
981 1727 1167 1784 spiritus
1188 1742 1225 1769 s,
1249 1727 1525 1783 interposue-

64 1786 128 1827 rit
154 1801 195 1830 v.
224 1788 334 1841 27.).
392 1789 459 1829 Λῖ
476 1788 596 1827 locus
616 1787 668 1827 de
691 1786 778 1829 div.
799 1785 984 1842 spiritus
1005 1784 1210 1825 clientela
1238 1797 1364 1824 versu
1387 1785 1458 1827 26.
1481 1787 1526 1825 et

65 1842 137 1884 27.
166 1842 427 1886 absolvitur.
485 1843 581 1884 Hoc
610 1857 676 1886 VS.
704 1857 859 1883 novum
882 1842 1093 1882 malorum
1117 1840 1322 1881 solatium
1345 1841 1525 1896 exponi-

67 1904 156 1950 tur,
196 1900 401 1940 nonillud
423 1901 644 1955 aspiritus
664 1914 700 1942 S.
724 1899 766 1940 in
781 1897 1059 1941 Christianos
1087 1898 1309 1938 voluntate
1333 1897 1524 1951 ductum,

68 1954 146 1996 sed
185 1969 208 1995 a
248 1956 420 1997 consilio
451 1957 709 2011 repetitum,
752 1955 865 2010 quod
900 1956 1017 1995 Deus
1047 1953 1100 1994 de
1133 1954 1220 2010 piis
1253 1952 1524 1996 Christianis

66 2015 240 2068 captum
278 2011 517 2052 destituere
554 2018 755 2067 nequeat.
824 2011 960 2052 Recte
998 2010 1134 2062 igitur
1163 2011 1291 2063 longe
1323 2010 1522 2066 plerique

66 2068 334 2125 interpretes
360 2066 503 2109 πάνια
528 2068 767 2109 sententiae
789 2066 1042 2124 Sub-jectum
1065 2066 1277 2107 fecerunt.
1337 2065 1408 2107 De
1429 2068 1520 2108 sin·

66 2125 185 2180 gulis
215 2139 255 2168 v.
286 2125 391 2166 haec
419 2125 582 2181 accipe.
644 2123 816 2165 Primus
846 2124 876 2166 l.
909 2122 1054 2164 verbis
1083 2125 1175 2171 τοῖς
1205 2120 1412 2174 ἀγαπῶσι
1442 2123 1520 2164 τὸν

65 2179 177 2223 θεόν
205 2181 460 2235 assignatus
492 2187 583 2231 est,
622 2185 667 2221 ut
691 2181 799 2221 hanc
820 2180 1141 2235 oppositionem
1168 2179 1434 2222 indicarent:
1465 2180 1520 2221 iis

66 2238 138 2295 qui
156 2238 294 2280 Deum
326 2239 529 2293 diligunt,
562 2252 644 2279 non
683 2237 735 2278 iis
766 2237 839 2291 qui
862 2237 1002 2277 Deum
1033 2250 1113 2276 non
1137 2235 1342 2289 diligunt.
1404 2237 1520 2278 Sunt

68 2291 111 2335 οἱ
135 2292 389 2348 ἀγαπῶντες
405 2292 481 2335 τὸν
500 2291 608 2335 θεόν
629 2293 726 2348 (Ps.
747 2296 815 2342 97,
841 2295 906 2335 10.
942 2296 962 2333 1
985 2292 1086 2335 Cor.
1107 2293 1149 2344 2,
1169 2294 1209 2334 9.
1242 2292 1336 2335 Jac.
1362 2294 1401 2344 l,
1429 2295 1518 2345 12.)

64 2350 263 2393 homines
323 2351 353 2393 ii
384 2357 428 2392 et
457 2350 631 2406 quidem
665 2351 724 2407 pii
756 2350 1014 2393 Christiani.
1075 2349 1141 2390 De
1170 2350 1238 2389 bis
1266 2349 1380 2389 enim
1410 2349 1452 2391 h.
1482 2349 1517 2393 1.

66 2407 238 2461 agitur:
267 2422 288 2449 c
312 2439 322 2450 .
346 2411 439 2456 τοῖς
468 2406 577 2448 κατὰ
598 2405 818 2460 πρόθεσιν
838 2407 1011 2461 κλητοῖς
1033 2400 1170 2447 οὖσιν.
1229 2405 1283 2446 Et
1306 2406 1400 2460 pios
1421 2412 1518 2446 tan-

64 2463 285 2506 tummodo
307 2464 587 2507 Christianos
608 2464 750 2506 Deum
780 2477 877 2505 vere
909 2477 1035 2518 posse
1059 2462 1245 2515 diligere
1271 2461 1340 2513 l'.,
1371 2463 1409 2503 si
1431 2463 1518 2504 sibi

65 2520 286 2573 constitit,
319 2520 549 2579 judicavit.
608 2521 891 2563 Aestimatur
920 2533 1042 2560 annor
1064 2518 1148 2559 Dei
1177 2533 1307 2574 quum
1340 2520 1518 2571 affectu,

63 2580 157 2618 tum
195 2577 422 2633 obsequio.
490 2577 558 2620 At
595 2578 739 2634 turpis
778 2583 873 2617 erat
911 2576 1139 2629 gentilium
1171 2577 1258 2617 vita
1294 2577 1332 2626 1,
1363 2577 1418 2617 :2ss
1448 2590 1517 2631 sq.

63 2631 179 2690 Eph.
198 2634 240 2686 2,
260 2634 304 2677 2.
331 2639 375 2675 θῖ
394 2632 574 2685 Iudaei,
604 2638 652 2675 ut
680 2635 794 2676 servi
820 2634 991 2684 herum,
1022 2633 1085 2674 sic
1104 2633 1244 2673 Deum
1268 2633 1518 2674 metuebant

64 2702 106 2733 v.
131 2689 199 2733 15.
221 2691 322 2734 Gal.
346 2691 389 2742 4,
409 2691 470 2734 3..
530 2689 618 2732 Sed
638 2695 730 2739 τοῖς
749 2693 926 2737 πιστοῖς
948 2689 1033 2731 (liv.
1051 2689 1234 2745 spiritus
1261 2694 1416 2729 metum
1439 2689 1516 2728 ab·

62 2750 252 2800 sterget,
290 2761 465 2789 sensum
489 2749 764 2804 animumque
788 2748 1023 2787 liberorum
1043 2760 1064 2785 a
1090 2746 1185 2787 Deo
1206 2746 1513 2802 adoptatorum

62 2803 195 2844 affert
222 2809 266 2845 et
294 2804 472 2846 virtutis
503 2804 693 2846 studium
723 2803 921 2846 accendit
950 2818 987 2846 v.
1021 2803 1090 2846 15.
1123 2804 1224 2846 Gal.
1247 2805 1348 2854 4,6.
1379 2803 1421 2854 5,
1441 2803 1514 2843 22.

61 2855 227 2914 πάντα]
266 2861 384 2902 nulla
419 2875 498 2902 non
531 2875 599 2902 res
633 2860 676 2905 b.
705 2876 744 2906 e.
774 2875 859 2902 nou
890 2861 1027 2903 solum
1059 2874 1129 2902 res
1161 2859 1400 2911 secundae,
1439 2858 1516 2900 sed

104 2926 289 2961 Frl‘ltsclee
310 2927 370 2971 Ep.
395 2929 435 2961 ad
457 2928 562 2963 lion».
585 2928 621 2961 Ρ.
651 2929 691 2962 ll·
1044 2916 1086 2959 Ν
