1715 3115
140 177 198 223 30
419 177 795 223 EPISTOLA
824 179 926 222 AD
955 178 1317 223 ROMANOS

143 284 331 336 diceret,
371 283 484 340 quod
523 284 596 341 qui
622 285 875 340 loqueretur
905 285 1125 328 voluntate
1159 287 1200 328 in
1234 285 1460 328 honestum
1490 299 1593 342 pro-

141 342 352 398 penderet
374 347 416 382 et
435 341 522 385 div.
546 343 642 393 lege
661 342 948 384 delectaretur
976 357 1016 387 v,
1040 345 1105 385 15.
1130 358 1196 399 sq.
1214 344 1301 386 22..
1363 342 1460 397 Quo
1490 341 1595 397 qui-

142 398 238 439 dem
278 399 450 438 invento
485 403 634 454 aperte
667 398 934 454 impugnavit
963 400 1253 456 Apostolum,
1302 414 1386 454 quo
1415 405 1594 439 auctore

139 454 211 495 lex
234 468 340 496 moS.
363 454 634 509 quantumvis
657 454 761 505 irae,
791 455 1038 496 severitatis
1060 461 1103 497 et
1131 455 1349 507 dirarum,
1379 454 1464 497 div.
1496 468 1595 507 gra-

143 511 230 551 tiae
265 510 375 551 nibil
413 510 541 551 babet
570 511 722 562 (4,15.
756 511 784 550 2
815 511 917 554 Cor.
948 514 1040 562 Qu.
1076 511 1175 553 Gal.
1202 513 1244 563 3,
1268 514 1334 553 ll.
1362 526 1426 566 sq.
1453 511 1596 562 4,5.),

177 567 305 623 uippe
333 581 458 622 quam
490 567 680 608 Clu-istus
710 567 956 608 bominibus
983 569 1183 609 attulerit
1212 569 1333 619 5,15.
1355 567 1478 619 6,14.
1508 581 1594 622 sq..

142 580 201 664 {t
219 637 476 678 quamquam
498 622 634 664 Mosis
659 624 723 664 lex
746 623 917 664 divinae
938 624 1020 665 suit
1047 624 1254 677 originis,
1290 638 1501 679 nusquam
1529 630 1595 663 ta-

143 693 238 720 men
267 677 315 722 P.
337 679 405 720 vel
428 678 573 720 docuit
602 680 668 720 vel
697 679 1038 732 adsignifinmst,
1075 680 1170 736 pios
1201 679 1390 723 Judaeos
1418 679 1596 736 pietatis

143 734 289 777 studio
327 736 394 776 vel
436 735 575 776 Deum
613 736 958 778 extraordinario
998 737 1199 776 instituto
1237 736 1471 787 imbuisse,
1526 735 1596 776 vel

143 791 345 848 spiritum
377 791 584 834 divinum.
657 791 783 833 Hunc
817 793 929 834 enim
970 806 1052 832 non
1093 792 1253 832 babent
1285 791 1371 832 nisi
1401 791 1596 832 homines

143 849 313 902 gratiae
345 846 430 890 div.
463 848 699 904 participes
725 849 851 901 facti,
900 849 942 890 h.
974 863 1013 891 e.
1045 848 1239 889 homines
1265 847 1417 890 christ.
1438 849 1533 900 7‚6.
1553 847 1597 899 8,

143 907 187 948 3.
210 919 294 960 sq..
358 902 588 945 Praeterea
613 904 726 960 quod
749 905 942 948 Tholncc.
964 919 1045 946 non
1070 918 1199 960 posse
1222 904 1361 957 legem
1385 918 1492 947 mos.
1520 904 1595 945 bo·

144 961 282 1002 mines
303 960 461 1017 probos
482 965 525 1002 et
546 962 641 1017 pios
670 961 851 1002 reddere
875 960 1058 1002 Paulum
1088 961 1130 1003 b.
1158 961 1189 1004 l.
1219 959 1448 1003 ostendere
1476 961 1595 1001 astir-

144 1017 301 1069 mavit,
341 1017 551 1073 Apostoli
589 1018 818 1059 consilium
852 1016 1250 1074 disputationisque
1292 1023 1595 1068 argumentum

144 1087 240 1115 cum
270 1073 321 1114 ea
349 1074 565 1116 sententia
593 1073 812 1123 confudit,
849 1088 976 1129 quam
1014 1088 1035 1114 e
1069 1071 1120 1116 P.
1150 1072 1449 1130 disputatione
1477 1077 1595 1114 recte

142 1129 305 1186 aliquis
325 1130 518 1183 colligat.
574 1129 753 1172 Scilicet
775 1128 939 1171 Paulus
971 1129 1228 1172 sententiam
1259 1143 1386 1171 versu
1407 1129 1449 1173 5.
1480 1143 1596 1170 com-

142 1189 400 1243 prehensam
424 1193 513 1227 tum
532 1187 846 1243 explanaturus
875 1192 964 1228 tum
997 1187 1271 1237 firmaturus,
1300 1185 1447 1242 pravis
1474 1185 1596 1242 cupi-

145 1243 359 1284 ditatibus
384 1257 463 1299 per
480 1244 618 1296 legem
642 1257 750 1286 mos.
769 1242 857 1284 Dei
877 1243 944 1284 vel
967 1249 1071 1284 nutu
1095 1241 1278 1297 quodam
1300 1242 1366 1283 vel
1392 1242 1596 1283 instituto

144 1299 339 1341 accensis
379 1306 465 1340 tam
510 1299 704 1356 improbe
744 1299 940 1340 homines
982 1299 1141 1340 vixisse
1172 1298 1507 1349 demonstravit„
1547 1303 1597 1340 ut:

142 1356 499 1413 praesentissima
523 1356 566 1397 in
596 1370 671 1398 eos
700 1371 816 1397 mors
845 1355 1127 1412 impenderet.
1187 1355 1302 1396 Hinc
1332 1369 1435 1396 sane
1467 1369 1596 1409 aryu-

143 1413 367 1454 mcniando
395 1412 584 1463 eslicias,
626 1425 706 1452 non
739 1413 934 1469 potuisse
962 1413 1103 1463 legem
1137 1426 1240 1453 mos.
1270 1410 1324 1452 ad
1350 1412 1463 1453 vitae
1496 1425 1596 1451 san-

143 1469 335 1509 ctitatem
364 1469 558 1509 homines
587 1468 822 1521 adducere3
867 1467 942 1510 sed
975 1468 1134 1508 idcirco
1169 1468 1211 1508 id
1241 1465 1291 1510 P.
1319 1481 1457 1523 neque
1490 1467 1532 1510 b.
1563 1468 1597 1512 l.

143 1524 290 1566 docuit
320 1539 456 1580 neque
488 1524 641 1566 docere
673 1525 825 1567 voluit.
858 1549 909 1556 -—
967 1523 1065 1565 Non
1100 1524 1240 1565 minus
1269 1529 1435 1576 autem,
1469 1538 1596 1579 quam

143 1581 446 1632 Augustinus,
485 1582 597 1621 bunc
623 1582 654 1623 l.
682 1581 895 1637 pervertit
925 1580 1119 1634 Koppius
1146 1595 1239 1621 cum
1269 1581 1361 1621 suis
1403 1587 1596 1621 assecta-

142 1637 332 1679 toribus.
392 1636 568 1678 Putavit
586 1638 696 1678 enim
722 1638 987 1693 Apostolum
1015 1637 1056 1679 b.
1077 1637 1106 1679 l.
1137 1638 1221 1678 sibi
1253 1635 1464 1678 accidisse
1493 1651 1596 1692 que-

143 1695 209 1746 ri,
240 1708 350 1749 quae
372 1699 461 1735 tum
485 1694 569 1734 sibi
590 1693 876 1745 accidissent,
906 1699 996 1734 tum
1017 1693 1153 1734 cuivis
1173 1693 1360 1744 bomini,
1399 1708 1452 1734 ne
1482 1693 1598 1749 opti-

144 1765 212 1792 mo
236 1749 405 1806 quidem
426 1750 519 1791 viro
541 1751 771 1806 legumque
801 1750 1044 1791 divinarum
1075 1750 1372 1790 amantissimo
1403 1755 1599 1805 excepto,

144 1807 337 1848 accidere
356 1807 562 1849 solerent.
620 1807 687 1849 At
707 1807 890 1864 primum
915 1806 1086 1862 quidem
1123 1807 1188 1846 bis
1217 1805 1470 1859 vulgaribus
1498 1820 1598 1846 sen-

145 1864 320 1906 tentiis:
350 1863 594 1905 accenditur
614 1863 836 1905 interdicto
850 1877 987 1917 prava
1007 1862 1297 1916 cupiditasve]
1325 1863 1480 1914 optimo
1509 1861 1597 1903 cui—

145 1934 222 1976 que
241 1933 445 1975 saepeque
465 1919 500 1960 is
521 1919 658 1961 doleat
679 1920 786 1974 quod
808 1919 1040 1972 cupiditate
1061 1919 1200 1959 clatus
1228 1917 1439 1973 officium,
1473 1916 1598 1972 cujus

145 1977 421 2017 sanctitatem
450 1979 491 2016 et
521 1980 658 2016 mente
685 1976 973 2029 perspexisset
1000 1979 1041 2016 et
1071 1975 1211 2015 maimo
1239 1974 1443 2016 reveritus
1472 1978 1596 2024 esset,

144 2031 376 2073 deseruerit
397 2045 446 2072 eo
467 2031 559 2071 loco
580 2032 726 2072 nullus
745 2032 865 2072 loeus
887 2035 1005 2083 erat,
1044 2045 1128 2086 quo
1147 2033 1240 2087 Ap.
1265 2044 1373 2085 quae
1401 2029 1596 2086 proxime

144 2088 198 2128 de
223 2088 395 2128 miseria
420 2101 497 2143 per
517 2089 652 2141 legem
676 2102 783 2129 mos.
809 2086 1044 2143 importata
1067 2087 1181 2128 etde
1210 2086 1419 2127 felicitate
1446 2099 1596 2126 corum

146 2145 220 2199 qui
248 2142 414 2186 Christi
435 2149 581 2185 essent
603 2145 763 2185 alumni
784 2144 887 2184 facti
909 2143 1149 2199 scripserat
1170 2157 1209 2185 v.
1231 2141 1273 2185 5.
1295 2144 1337 2184 6.
1369 2141 1596 2182 illustrare

145 2200 298 2243 voluit.
357 2199 528 2241 Deinde
555 2200 707 2240 mirum
732 2201 813 2251 sit,
844 2201 881 2241 si
903 2202 994 2256 Ap.
1014 2200 1114 2240 illas
1144 2199 1315 2239 minime
1349 2197 1597 2239 reconditas

147 2255 387 2297 sententias
422 2262 544 2297 tanto
586 2257 810 2297 verborum
843 2261 1053 2313 apparatu
1084 2260 1288 2309 tantoque
1315 2253 1447 2294 animi
1479 2260 1598 2295 motu

145 2312 413 2363 enuntiarit,
445 2319 606 2368 quanto
626 2326 720 2353 eum
744 2313 785 2356 b.
810 2313 842 2356 l.
869 2313 933 2353 uti
961 2311 1170 2354 videmus.
1238 2309 1353 2350 Tum
1384 2324 1493 2365 quae
1525 2310 1598 2351 bic

145 2368 347 2409 dicuntur
375 2382 457 2409 non
488 2369 703 2424 quadrant
731 2369 772 2409 in
804 2382 950 2409 omnes
978 2367 1247 2422 prorniscue,
1284 2366 1360 2407 sed
1388 2366 1598 2422 pleraque

145 2439 230 2465 non
252 2424 335 2464 nisi
351 2423 402 2464 de
426 2423 1134 2479 hominibusinsigniterimprobis
1150 2424 1293 2464 valent
1307 2427 1366 2477 (v.
1381 2423 1598 2478 l4.sqq.)‚

145 2481 189 2521 in
213 2480 405 2520 homines
424 2481 603 2533 christ„
640 2482 714 2535 qui
744 2495 844 2522 vere
875 2481 936 2520 sic
963 2480 1263 2535 appellentur,
1300 2493 1483 2536 prorsus
1512 2493 1596 2520 non

145 2536 304 2577 cadunt
323 2540 382 2590 (V.
404 2540 574 2591 supra).
630 2536 858 2578 Postremo
882 2535 1075 2589 Koppius
1094 2535 1258 2576 summa
1279 2549 1384 2576 sane
1415 2535 1597 2577 levitate

145 2599 189 2634 et
209 2593 495 2633 inconstantia
518 2593 558 2631 in
583 2592 624 2635 b.
647 2594 679 2634 1.
705 2591 958 2648 explicando
991 2599 1188 2632 versatus
1219 2599 1367 2633 acutas
1386 2593 1426 2633 A
1465 2590 1618 2632 ostoli.

146 2648 386 2690 sententias
407 2647 600 2700 obtudit,
636 2662 789 2703 graves
812 2648 1059 2689 extenuavit
1080 2654 1292 2704 aptasque
1320 2648 1374 2688 ad
1404 2661 1425 2686 a
1453 2649 1595 2702 iquam

146 2705 502 2761 perversitatem,
543 2711 590 2744 ut
620 2719 641 2744 a
681 2703 730 2746 P.
760 2705 943 2745 consilio
972 2704 1262 2759 institutoque
1294 2703 1596 2755 abhorrerent,

147 2761 346 2803 detorsit.
406 2760 491 2802 Sed
522 2760 631 2801 salsa
652 2760 812 2814 Koppi‘e'
839 2761 984 2815 opinio
1021 2762 1086 2801 vel
1117 2775 1254 2816 nuper
1280 2759 1500 2800 nonnullis
1533 2760 1597 2799 in-

147 2817 413 2874 terpretibus
432 2817 621 2872 aliquam
651 2816 815 2859 erroris
843 2816 1042 2860 nebulam
1073 2816 1248 2876 objecit.
1306 2815 1380 2860 sic
1407 2816 1457 2859 de
1483 2815 1597 2863 Wet-

824 2885 846 2894 A
