<?xml version="1.0" encoding="UTF-8"?>
<!DOCTYPE html PUBLIC "-//W3C//DTD XHTML 1.0 Transitional//EN"
    "http://www.w3.org/TR/xhtml1/DTD/xhtml1-transitional.dtd">
<html xmlns="http://www.w3.org/1999/xhtml" xml:lang="en" lang="en">
 <head>
  <title>
</title>
<meta http-equiv="Content-Type" content="text/html;charset=utf-8" />
  <meta name='ocr-system' content='tesseract 3.04.00' />
  <meta name='ocr-capabilities' content='ocr_page ocr_carea ocr_par ocr_line ocrx_word'/>
</head>
<body>
  <div class='ocr_page' id='page_1' title='image "./pauliadromanosep02frituoft/pauliadromanosep02frituoft_0040.png"; bbox 0 0 1715 3115; ppageno 0'>
   <div class='ocr_carea' id='block_1_1' title="bbox 127 189 1302 240">
    <p class='ocr_par' dir='ltr' id='par_1_1' title="bbox 127 189 1302 240">
     <span class='ocr_line' id='line_1_1' title="bbox 127 189 1302 240; baseline 0.006 -7"><span class='ocrx_word' id='word_1_1' title='bbox 127 189 185 233; x_wconf 86' lang='lat'><strong>28</strong></span> <span class='ocrx_word' id='word_1_2' title='bbox 404 190 782 236; x_wconf 79' lang='lat' dir='ltr'><strong>EPISTOLA</strong></span> <span class='ocrx_word' id='word_1_3' title='bbox 813 193 912 236; x_wconf 86' lang='lat' dir='ltr'><strong>AD</strong></span> <span class='ocrx_word' id='word_1_4' title='bbox 943 193 1302 240; x_wconf 78' lang='lat' dir='ltr'>ROMANOS</span> 
     </span>
    </p>
   </div>
   <div class='ocr_carea' id='block_1_2' title="bbox 121 293 1583 1711">
    <p class='ocr_par' dir='ltr' id='par_1_2' title="bbox 121 293 1583 1711">
     <span class='ocr_line' id='line_1_2' title="bbox 128 293 1581 349; baseline 0.006 -13"><span class='ocrx_word' id='word_1_5' title='bbox 128 293 275 337; x_wconf 75' lang='lat' dir='ltr'><strong>infans</strong></span> <span class='ocrx_word' id='word_1_6' title='bbox 305 296 329 338; x_wconf 93' lang='lat' dir='ltr'>l</span> <span class='ocrx_word' id='word_1_7' title='bbox 350 296 452 341; x_wconf 90' lang='lat' dir='ltr'><strong>Cor.</strong></span> <span class='ocrx_word' id='word_1_8' title='bbox 480 297 696 349; x_wconf 72' lang='lat'><strong>3,1—4..</strong></span> <span class='ocrx_word' id='word_1_9' title='bbox 753 296 855 340; x_wconf 88' lang='lat' dir='ltr'><strong>Non</strong></span> <span class='ocrx_word' id='word_1_10' title='bbox 888 304 991 341; x_wconf 90' lang='lat' dir='ltr'><strong>sunt</strong></span> <span class='ocrx_word' id='word_1_11' title='bbox 1019 300 1216 344; x_wconf 87' lang='lat' dir='ltr'><strong>homines</strong></span> <span class='ocrx_word' id='word_1_12' title='bbox 1243 302 1398 346; x_wconf 83' lang='lat' dir='ltr'><strong>christ.</strong></span> <span class='ocrx_word' id='word_1_13' title='bbox 1428 300 1581 344; x_wconf 85' lang='lat' dir='ltr'><strong>existi-</strong></span> 
     </span>
     <span class='ocr_line' id='line_1_3' title="bbox 130 352 1582 411; baseline 0.005 -18"><span class='ocrx_word' id='word_1_14' title='bbox 130 352 302 406; x_wconf 88' lang='lat' dir='ltr'><strong>mandi,</strong></span> <span class='ocrx_word' id='word_1_15' title='bbox 349 354 424 409; x_wconf 87' lang='lat' dir='ltr'><strong>qui</strong></span> <span class='ocrx_word' id='word_1_16' title='bbox 454 353 541 399; x_wconf 76' lang='lat' dir='ltr'><strong>div.</strong></span> <span class='ocrx_word' id='word_1_17' title='bbox 568 355 727 411; x_wconf 83' lang='lat' dir='ltr'><strong>spiritu</strong></span> <span class='ocrx_word' id='word_1_18' title='bbox 757 368 840 396; x_wconf 91' lang='lat' dir='ltr'><strong>non</strong></span> <span class='ocrx_word' id='word_1_19' title='bbox 869 353 1083 398; x_wconf 88' lang='lat' dir='ltr'><strong>ducuntur</strong></span> <span class='ocrx_word' id='word_1_20' title='bbox 1112 358 1238 403; x_wconf 83' lang='lat' dir='ltr'><strong>Rom.</strong></span> <span class='ocrx_word' id='word_1_21' title='bbox 1265 361 1308 410; x_wconf 86' lang='lat'><strong>8,</strong></span> <span class='ocrx_word' id='word_1_22' title='bbox 1326 360 1393 409; x_wconf 81' lang='grc'><strong>9.,</strong></span> <span class='ocrx_word' id='word_1_23' title='bbox 1429 357 1582 411; x_wconf 70' lang='lat' dir='ltr'><strong>contra</strong></span> 
     </span>
     <span class='ocr_line' id='line_1_4' title="bbox 129 410 1582 472; baseline 0.006 -23"><span class='ocrx_word' id='word_1_24' title='bbox 129 416 257 462; x_wconf 86' lang='lat' dir='ltr'><strong>sunt,</strong></span> <span class='ocrx_word' id='word_1_25' title='bbox 289 423 396 465; x_wconf 88' lang='lat' dir='ltr'><strong>quos</strong></span> <span class='ocrx_word' id='word_1_26' title='bbox 424 410 501 452; x_wconf 90' lang='lat' dir='ltr'><strong>ille</strong></span> <span class='ocrx_word' id='word_1_27' title='bbox 531 411 780 452; x_wconf 75' lang='lat' dir='ltr'><strong>moderatur</strong></span> <span class='ocrx_word' id='word_1_28' title='bbox 801 410 1084 464; x_wconf 80' lang='lat' dir='ltr'><strong>Ron1.8‚14..</strong></span> <span class='ocrx_word' id='word_1_29' title='bbox 1144 414 1206 456; x_wconf 90' lang='lat' dir='ltr'><strong>Hi</strong></span> <span class='ocrx_word' id='word_1_30' title='bbox 1235 415 1289 456; x_wconf 88' lang='lat' dir='ltr'><strong>ad</strong></span> <span class='ocrx_word' id='word_1_31' title='bbox 1316 414 1498 472; x_wconf 87' lang='lat' dir='ltr'><strong>spiritus</strong></span> <span class='ocrx_word' id='word_1_32' title='bbox 1527 431 1582 468; x_wconf 80' lang='lat' dir='ltr'><strong>s.,</strong></span> 
     </span>
     <span class='ocr_line' id='line_1_5' title="bbox 127 465 1582 528; baseline 0.005 -22"><span class='ocrx_word' id='word_1_33' title='bbox 127 465 199 507; x_wconf 87' lang='lat' dir='ltr'><strong>cui</strong></span> <span class='ocrx_word' id='word_1_34' title='bbox 220 466 424 522; x_wconf 87' lang='lat' dir='ltr'><strong>pietatem</strong></span> <span class='ocrx_word' id='word_1_35' title='bbox 443 472 486 509; x_wconf 86' lang='lat' dir='ltr'><strong>et</strong></span> <span class='ocrx_word' id='word_1_36' title='bbox 505 467 763 523; x_wconf 78' lang='lat' dir='ltr'>probitatem</span> <span class='ocrx_word' id='word_1_37' title='bbox 783 468 1080 510; x_wconf 86' lang='lat' dir='ltr'><strong>commendare</strong></span> <span class='ocrx_word' id='word_1_38' title='bbox 1108 471 1333 528; x_wconf 86' lang='lat' dir='ltr'><strong>antiquum</strong></span> <span class='ocrx_word' id='word_1_39' title='bbox 1361 476 1451 522; x_wconf 86' lang='lat' dir='ltr'><strong>est,</strong></span> <span class='ocrx_word' id='word_1_40' title='bbox 1492 486 1582 513; x_wconf 88' lang='lat' dir='ltr'><strong>mo-</strong></span> 
     </span>
     <span class='ocr_line' id='line_1_6' title="bbox 127 523 1581 583; baseline 0.004 -20"><span class='ocrx_word' id='word_1_41' title='bbox 127 535 203 563; x_wconf 81' lang='lat' dir='ltr'><strong>res</strong></span> <span class='ocrx_word' id='word_1_42' title='bbox 238 536 341 564; x_wconf 86' lang='lat' dir='ltr'><strong>suos</strong></span> <span class='ocrx_word' id='word_1_43' title='bbox 371 523 696 565; x_wconf 83' lang='lat' dir='ltr'><strong>accommodant</strong></span> <span class='ocrx_word' id='word_1_44' title='bbox 725 524 824 568; x_wconf 84' lang='lat' dir='ltr'><strong>Gal.</strong></span> <span class='ocrx_word' id='word_1_45' title='bbox 853 525 895 578; x_wconf 85' lang='lat'><strong>5,</strong></span> <span class='ocrx_word' id='word_1_46' title='bbox 908 526 964 565; x_wconf 79' lang='lat'><strong>22</strong></span> <span class='ocrx_word' id='word_1_47' title='bbox 982 550 1036 556; x_wconf 83' lang='lat'><strong>——</strong></span> <span class='ocrx_word' id='word_1_48' title='bbox 1054 527 1148 580; x_wconf 64' lang='lat'><strong>23„</strong></span> <span class='ocrx_word' id='word_1_49' title='bbox 1198 543 1332 583; x_wconf 83' lang='lat' dir='ltr'><strong>quarc</strong></span> <span class='ocrx_word' id='word_1_50' title='bbox 1373 526 1468 568; x_wconf 82' lang='lat' dir='ltr'><strong>lieri</strong></span> <span class='ocrx_word' id='word_1_51' title='bbox 1496 541 1581 581; x_wconf 81' lang='lat' dir='ltr'><strong>non</strong></span> 
     </span>
     <span class='ocr_line' id='line_1_7' title="bbox 128 579 1582 636; baseline 0.004 -17"><span class='ocrx_word' id='word_1_52' title='bbox 128 584 301 635; x_wconf 87' lang='lat' dir='ltr'><strong>potest,</strong></span> <span class='ocrx_word' id='word_1_53' title='bbox 330 579 433 635; x_wconf 88' lang='lat' dir='ltr'><strong>quin</strong></span> <span class='ocrx_word' id='word_1_54' title='bbox 454 579 621 622; x_wconf 86' lang='lat' dir='ltr'><strong>Christi</strong></span> <span class='ocrx_word' id='word_1_55' title='bbox 649 587 877 636; x_wconf 74' lang='lat' dir='ltr'><strong>praerepta</strong></span> <span class='ocrx_word' id='word_1_56' title='bbox 909 582 952 623; x_wconf 93' lang='lat' dir='ltr'><strong>in</strong></span> <span class='ocrx_word' id='word_1_57' title='bbox 982 596 1127 624; x_wconf 91' lang='lat' dir='ltr'><strong>eorum</strong></span> <span class='ocrx_word' id='word_1_58' title='bbox 1155 585 1312 625; x_wconf 89' lang='lat' dir='ltr'><strong>animis</strong></span> <span class='ocrx_word' id='word_1_59' title='bbox 1343 585 1426 625; x_wconf 87' lang='lat' dir='ltr'><strong>vim</strong></span> <span class='ocrx_word' id='word_1_60' title='bbox 1455 597 1582 625; x_wconf 85' lang='lat' dir='ltr'><strong>exer·-</strong></span> 
     </span>
     <span class='ocr_line' id='line_1_8' title="bbox 129 634 1583 696; baseline 0.004 -21"><span class='ocrx_word' id='word_1_61' title='bbox 129 640 256 676; x_wconf 80' lang='lat' dir='ltr'><strong>ceant</strong></span> <span class='ocrx_word' id='word_1_62' title='bbox 283 634 409 679; x_wconf 85' lang='lat' dir='ltr'><strong>Rom.</strong></span> <span class='ocrx_word' id='word_1_63' title='bbox 436 635 477 685; x_wconf 87' lang='lat'><strong>8,</strong></span> <span class='ocrx_word' id='word_1_64' title='bbox 490 637 531 679; x_wconf 87' lang='grc'><strong>9.</strong></span> <span class='ocrx_word' id='word_1_65' title='bbox 557 637 624 680; x_wconf 83' lang='lat'><strong>10.</strong></span> <span class='ocrx_word' id='word_1_66' title='bbox 656 636 755 679; x_wconf 81' lang='lat' dir='ltr'><strong>Gal.</strong></span> <span class='ocrx_word' id='word_1_67' title='bbox 775 638 817 690; x_wconf 85' lang='grc'><strong>2,</strong></span> <span class='ocrx_word' id='word_1_68' title='bbox 830 639 927 690; x_wconf 78' lang='grc'><strong>20.,</strong></span> <span class='ocrx_word' id='word_1_69' title='bbox 963 644 1053 680; x_wconf 86' lang='lat' dir='ltr'><strong>tum</strong></span> <span class='ocrx_word' id='word_1_70' title='bbox 1076 640 1257 692; x_wconf 85' lang='lat' dir='ltr'><strong>summi,</strong></span> <span class='ocrx_word' id='word_1_71' title='bbox 1286 655 1370 696; x_wconf 84' lang='lat' dir='ltr'><strong>quo</strong></span> <span class='ocrx_word' id='word_1_72' title='bbox 1389 655 1436 681; x_wconf 85' lang='lat' dir='ltr'><strong>se</strong></span> <span class='ocrx_word' id='word_1_73' title='bbox 1456 636 1583 681; x_wconf 86' lang='lat' dir='ltr'><strong>Deus</strong></span> 
     </span>
     <span class='ocr_line' id='line_1_9' title="bbox 125 692 1582 748; baseline 0.003 -16"><span class='ocrx_word' id='word_1_74' title='bbox 125 692 355 748; x_wconf 85' lang='lat' dir='ltr'><strong>amplexus</strong></span> <span class='ocrx_word' id='word_1_75' title='bbox 374 693 456 744; x_wconf 89' lang='lat' dir='ltr'><strong>sit,</strong></span> <span class='ocrx_word' id='word_1_76' title='bbox 496 692 659 735; x_wconf 87' lang='lat' dir='ltr'><strong>amoris</strong></span> <span class='ocrx_word' id='word_1_77' title='bbox 686 698 840 736; x_wconf 87' lang='lat' dir='ltr'><strong>testem</strong></span> <span class='ocrx_word' id='word_1_78' title='bbox 871 693 1082 736; x_wconf 82' lang='lat' dir='ltr'><strong>divinitus</strong></span> <span class='ocrx_word' id='word_1_79' title='bbox 1110 695 1254 737; x_wconf 88' lang='lat' dir='ltr'><strong>datum</strong></span> <span class='ocrx_word' id='word_1_80' title='bbox 1284 696 1460 739; x_wconf 88' lang='lat' dir='ltr'><strong>virtutis</strong></span> <span class='ocrx_word' id='word_1_81' title='bbox 1492 711 1582 746; x_wconf 53' lang='lat' dir='ltr'><strong>mog-</strong></span> 
     </span>
     <span class='ocr_line' id='line_1_10' title="bbox 128 747 1582 816; baseline 0.003 -27"><span class='ocrx_word' id='word_1_82' title='bbox 128 747 313 790; x_wconf 85' lang='lat' dir='ltr'><strong>nitorem</strong></span> <span class='ocrx_word' id='word_1_83' title='bbox 345 748 597 791; x_wconf 88' lang='lat' dir='ltr'><strong>existimant</strong></span> <span class='ocrx_word' id='word_1_84' title='bbox 626 749 811 816; x_wconf 80' lang='lat' dir='ltr'><strong>ideoque</strong></span> <span class='ocrx_word' id='word_1_85' title='bbox 846 765 927 792; x_wconf 91' lang='lat' dir='ltr'><strong>non</strong></span> <span class='ocrx_word' id='word_1_86' title='bbox 961 750 1186 804; x_wconf 83' lang='lat' dir='ltr'><strong>dubitant,</strong></span> <span class='ocrx_word' id='word_1_87' title='bbox 1225 752 1330 808; x_wconf 88' lang='lat' dir='ltr'><strong>quin</strong></span> <span class='ocrx_word' id='word_1_88' title='bbox 1359 767 1432 804; x_wconf 89' lang='lat' dir='ltr'><strong>se,</strong></span> <span class='ocrx_word' id='word_1_89' title='bbox 1470 766 1582 808; x_wconf 84' lang='lat' dir='ltr'><strong>quos</strong></span> 
     </span>
     <span class='ocr_line' id='line_1_11' title="bbox 126 803 1582 864; baseline 0.002 -18"><span class='ocrx_word' id='word_1_90' title='bbox 126 803 254 847; x_wconf 86' lang='lat' dir='ltr'><strong>Deus</strong></span> <span class='ocrx_word' id='word_1_91' title='bbox 275 804 408 847; x_wconf 87' lang='lat' dir='ltr'><strong>misso</strong></span> <span class='ocrx_word' id='word_1_92' title='bbox 427 804 516 848; x_wconf 78' lang='lat' dir='ltr'><strong>div.</strong></span> <span class='ocrx_word' id='word_1_93' title='bbox 533 806 692 864; x_wconf 87' lang='lat' dir='ltr'><strong>spiritu</strong></span> <span class='ocrx_word' id='word_1_94' title='bbox 713 806 898 849; x_wconf 80' lang='lat' dir='ltr'><strong>dilectos</strong></span> <span class='ocrx_word' id='word_1_95' title='bbox 928 822 1030 850; x_wconf 91' lang='lat' dir='ltr'><strong>suos</strong></span> <span class='ocrx_word' id='word_1_96' title='bbox 1060 808 1176 850; x_wconf 87' lang='lat' dir='ltr'><strong>tilios</strong></span> <span class='ocrx_word' id='word_1_97' title='bbox 1203 823 1300 850; x_wconf 78' lang='lat' dir='ltr'><strong>csse</strong></span> <span class='ocrx_word' id='word_1_98' title='bbox 1331 807 1582 861; x_wconf 78' lang='lat' dir='ltr'><strong>declarave-</strong></span> 
     </span>
     <span class='ocr_line' id='line_1_12' title="bbox 126 861 1582 919; baseline 0.003 -17"><span class='ocrx_word' id='word_1_99' title='bbox 126 862 213 913; x_wconf 82' lang='lat' dir='ltr'><strong>rit,</strong></span> <span class='ocrx_word' id='word_1_100' title='bbox 243 861 285 902; x_wconf 92' lang='lat' dir='ltr'><strong>in</strong></span> <span class='ocrx_word' id='word_1_101' title='bbox 307 861 598 918; x_wconf 80' lang='lat' dir='ltr'><strong>sempiternae</strong></span> <span class='ocrx_word' id='word_1_102' title='bbox 619 863 733 905; x_wconf 74' lang='lat' dir='ltr'><strong>vitae</strong></span> <span class='ocrx_word' id='word_1_103' title='bbox 756 863 967 906; x_wconf 72' lang='lat' dir='ltr'><strong>beatitate</strong></span> <span class='ocrx_word' id='word_1_104' title='bbox 992 865 1286 907; x_wconf 77' lang='lat' dir='ltr'><strong>collocaturus</strong></span> <span class='ocrx_word' id='word_1_105' title='bbox 1313 865 1373 906; x_wconf 89' lang='lat' dir='ltr'><strong>sit</strong></span> <span class='ocrx_word' id='word_1_106' title='bbox 1393 864 1518 907; x_wconf 83' lang='lat' dir='ltr'><strong>Rom.</strong></span> <span class='ocrx_word' id='word_1_107' title='bbox 1540 862 1582 919; x_wconf 81' lang='lat'><strong>5,</strong></span> 
     </span>
     <span class='ocr_line' id='line_1_13' title="bbox 125 917 1583 987; baseline 0.001 -27"><span class='ocrx_word' id='word_1_108' title='bbox 125 918 170 962; x_wconf 85' lang='lat'><strong>2.</strong></span> <span class='ocrx_word' id='word_1_109' title='bbox 191 932 289 974; x_wconf 84' lang='lat' dir='ltr'><strong>sqq.</strong></span> <span class='ocrx_word' id='word_1_110' title='bbox 307 917 430 969; x_wconf 84' lang='lat'><strong>8‚15.</strong></span> <span class='ocrx_word' id='word_1_111' title='bbox 464 919 564 963; x_wconf 87' lang='lat' dir='ltr'><strong>Gal.</strong></span> <span class='ocrx_word' id='word_1_112' title='bbox 584 920 627 971; x_wconf 78' lang='lat'><strong>4,</strong></span> <span class='ocrx_word' id='word_1_113' title='bbox 638 921 680 962; x_wconf 82' lang='lat'><strong>6.</strong></span> <span class='ocrx_word' id='word_1_114' title='bbox 702 934 773 976; x_wconf 89' lang='lat' dir='ltr'><strong>sq.</strong></span> <span class='ocrx_word' id='word_1_115' title='bbox 803 921 915 977; x_wconf 85' lang='lat' dir='ltr'><strong>Eph.</strong></span> <span class='ocrx_word' id='word_1_116' title='bbox 937 923 975 973; x_wconf 91' lang='lat'><strong>1,</strong></span> <span class='ocrx_word' id='word_1_117' title='bbox 990 922 1058 965; x_wconf 83' lang='lat'><strong>14.</strong></span> <span class='ocrx_word' id='word_1_118' title='bbox 1078 922 1153 965; x_wconf 88' lang='lat' dir='ltr'><strong>al..</strong></span> <span class='ocrx_word' id='word_1_119' title='bbox 1210 921 1275 963; x_wconf 90' lang='lat' dir='ltr'><strong>Ex</strong></span> <span class='ocrx_word' id='word_1_120' title='bbox 1303 921 1372 963; x_wconf 87' lang='lat' dir='ltr'><strong>his</strong></span> <span class='ocrx_word' id='word_1_121' title='bbox 1401 921 1583 987; x_wconf 60' lang='lat' dir='ltr'><strong>manife3</strong></span> 
     </span>
     <span class='ocr_line' id='line_1_14' title="bbox 126 975 1582 1034; baseline 0.002 -18"><span class='ocrx_word' id='word_1_122' title='bbox 126 980 242 1016; x_wconf 89' lang='lat' dir='ltr'><strong>stum</strong></span> <span class='ocrx_word' id='word_1_123' title='bbox 272 978 361 1027; x_wconf 87' lang='lat' dir='ltr'><strong>est,</strong></span> <span class='ocrx_word' id='word_1_124' title='bbox 390 975 467 1032; x_wconf 88' lang='lat' dir='ltr'><strong>qui</strong></span> <span class='ocrx_word' id='word_1_125' title='bbox 494 975 794 1032; x_wconf 88' lang='lat' dir='ltr'><strong>Augustinum</strong></span> <span class='ocrx_word' id='word_1_126' title='bbox 823 978 1000 1034; x_wconf 87' lang='lat' dir='ltr'><strong>sequuti</strong></span> <span class='ocrx_word' id='word_1_127' title='bbox 1029 984 1133 1021; x_wconf 88' lang='lat' dir='ltr'><strong>sunt</strong></span> <span class='ocrx_word' id='word_1_128' title='bbox 1160 977 1425 1034; x_wconf 71' lang='lat' dir='ltr'><strong>interpretes</strong></span> <span class='ocrx_word' id='word_1_129' title='bbox 1453 975 1582 1019; x_wconf 74' lang='lat' dir='ltr'><strong>Pauu</strong></span> 
     </span>
     <span class='ocr_line' id='line_1_15' title="bbox 122 1031 1582 1090; baseline 0.002 -17"><span class='ocrx_word' id='word_1_130' title='bbox 122 1031 353 1073; x_wconf 82' lang='lat' dir='ltr'><strong>formulam</strong></span> <span class='ocrx_word' id='word_1_131' title='bbox 393 1032 581 1089; x_wconf 82' lang='lat' dir='ltr'><strong>pessime</strong></span> <span class='ocrx_word' id='word_1_132' title='bbox 607 1033 897 1090; x_wconf 74' lang='lat' dir='ltr'><strong>pervertisse,</strong></span> <span class='ocrx_word' id='word_1_133' title='bbox 926 1040 988 1089; x_wconf 28' lang='lat' dir='ltr'><strong>&lt;et</strong></span> <span class='ocrx_word' id='word_1_134' title='bbox 1027 1035 1319 1085; x_wconf 82' lang='lat' dir='ltr'><strong>commisisse,</strong></span> <span class='ocrx_word' id='word_1_135' title='bbox 1365 1039 1414 1075; x_wconf 88' lang='lat' dir='ltr'><strong>ut</strong></span> <span class='ocrx_word' id='word_1_136' title='bbox 1444 1031 1495 1077; x_wconf 89' lang='lat' dir='ltr'><strong>P.</strong></span> <span class='ocrx_word' id='word_1_137' title='bbox 1530 1047 1582 1076; x_wconf 75' lang='lat' dir='ltr'><strong>ea</strong></span> 
     </span>
     <span class='ocr_line' id='line_1_16' title="bbox 124 1086 1582 1147; baseline 0.002 -19"><span class='ocrx_word' id='word_1_138' title='bbox 124 1086 314 1140; x_wconf 85' lang='lat' dir='ltr'><strong>diceret,</strong></span> <span class='ocrx_word' id='word_1_139' title='bbox 342 1102 453 1144; x_wconf 86' lang='lat' dir='ltr'><strong>quae</strong></span> <span class='ocrx_word' id='word_1_140' title='bbox 474 1103 558 1131; x_wconf 92' lang='lat' dir='ltr'><strong>non</strong></span> <span class='ocrx_word' id='word_1_141' title='bbox 579 1091 718 1132; x_wconf 93' lang='lat' dir='ltr'><strong>solum</strong></span> <span class='ocrx_word' id='word_1_142' title='bbox 737 1089 794 1131; x_wconf 89' lang='lat' dir='ltr'><strong>iis</strong></span> <span class='ocrx_word' id='word_1_143' title='bbox 813 1096 1107 1147; x_wconf 84' lang='lat' dir='ltr'><strong>repugnarent</strong></span> <span class='ocrx_word' id='word_1_144' title='bbox 1127 1105 1236 1147; x_wconf 88' lang='lat' dir='ltr'><strong>quae</strong></span> <span class='ocrx_word' id='word_1_145' title='bbox 1263 1090 1365 1132; x_wconf 85' lang='lat' dir='ltr'><strong>aliis</strong></span> <span class='ocrx_word' id='word_1_146' title='bbox 1396 1089 1582 1132; x_wconf 85' lang='lat' dir='ltr'><strong>homini-</strong></span> 
     </span>
     <span class='ocr_line' id='line_1_17' title="bbox 125 1143 1583 1202; baseline 0.001 -17"><span class='ocrx_word' id='word_1_147' title='bbox 125 1143 210 1186; x_wconf 83' lang='lat' dir='ltr'><strong>bus</strong></span> <span class='ocrx_word' id='word_1_148' title='bbox 231 1143 320 1186; x_wconf 88' lang='lat' dir='ltr'><strong>alio</strong></span> <span class='ocrx_word' id='word_1_149' title='bbox 340 1153 535 1202; x_wconf 84' lang='lat' dir='ltr'><strong>tempore</strong></span> <span class='ocrx_word' id='word_1_150' title='bbox 559 1145 838 1202; x_wconf 75' lang='lat' dir='ltr'><strong>scripsisset,</strong></span> <span class='ocrx_word' id='word_1_151' title='bbox 867 1161 1013 1189; x_wconf 88' lang='lat' dir='ltr'><strong>verum</strong></span> <span class='ocrx_word' id='word_1_152' title='bbox 1035 1147 1165 1190; x_wconf 84' lang='lat' dir='ltr'><strong>etiam</strong></span> <span class='ocrx_word' id='word_1_153' title='bbox 1185 1147 1404 1189; x_wconf 87' lang='lat' dir='ltr'><strong>contraria</strong></span> <span class='ocrx_word' id='word_1_154' title='bbox 1433 1151 1583 1198; x_wconf 79' lang='lat' dir='ltr'><strong>essent</strong></span> 
     </span>
     <span class='ocr_line' id='line_1_18' title="bbox 122 1199 1582 1262; baseline 0.001 -19"><span class='ocrx_word' id='word_1_155' title='bbox 122 1214 298 1254; x_wconf 85' lang='lat' dir='ltr'><strong>eorum,</strong></span> <span class='ocrx_word' id='word_1_156' title='bbox 325 1216 435 1257; x_wconf 84' lang='lat' dir='ltr'><strong>quae</strong></span> <span class='ocrx_word' id='word_1_157' title='bbox 467 1203 615 1260; x_wconf 84' lang='lat' dir='ltr'><strong>paullo</strong></span> <span class='ocrx_word' id='word_1_158' title='bbox 641 1208 741 1244; x_wconf 87' lang='lat' dir='ltr'><strong>ante</strong></span> <span class='ocrx_word' id='word_1_159' title='bbox 769 1217 808 1246; x_wconf 88' lang='lat' dir='ltr'><strong>c.</strong></span> <span class='ocrx_word' id='word_1_160' title='bbox 834 1204 878 1247; x_wconf 89' lang='grc'><strong>6.</strong></span> <span class='ocrx_word' id='word_1_161' title='bbox 907 1203 1118 1246; x_wconf 86' lang='lat' dir='ltr'><strong>Romanis</strong></span> <span class='ocrx_word' id='word_1_162' title='bbox 1149 1203 1438 1262; x_wconf 79' lang='lat' dir='ltr'><strong>exposuisset.</strong></span> <span class='ocrx_word' id='word_1_163' title='bbox 1494 1199 1582 1244; x_wconf 82' lang='lat' dir='ltr'>Mi&#39;-</span> 
     </span>
     <span class='ocr_line' id='line_1_19' title="bbox 123 1258 1581 1317; baseline 0.001 -16"><span class='ocrx_word' id='word_1_164' title='bbox 123 1271 209 1301; x_wconf 87' lang='lat' dir='ltr'><strong>nus</strong></span> <span class='ocrx_word' id='word_1_165' title='bbox 247 1258 379 1300; x_wconf 89' lang='lat' dir='ltr'><strong>etiam</strong></span> <span class='ocrx_word' id='word_1_166' title='bbox 407 1258 451 1299; x_wconf 91' lang='lat' dir='ltr'><strong>in</strong></span> <span class='ocrx_word' id='word_1_167' title='bbox 480 1260 664 1302; x_wconf 83' lang='lat' dir='ltr'><strong>Paulum</strong></span> <span class='ocrx_word' id='word_1_168' title='bbox 698 1260 900 1302; x_wconf 83' lang='lat' dir='ltr'><strong>convenit</strong></span> <span class='ocrx_word' id='word_1_169' title='bbox 926 1260 1167 1311; x_wconf 86' lang='lat' dir='ltr'><strong>hominum,</strong></span> <span class='ocrx_word' id='word_1_170' title='bbox 1218 1274 1399 1317; x_wconf 89' lang='lat' dir='ltr'><strong>quorum</strong></span> <span class='ocrx_word' id='word_1_171' title='bbox 1428 1259 1581 1303; x_wconf 71' lang='lat' dir='ltr'><strong>infelix</strong></span> 
     </span>
     <span class='ocr_line' id='line_1_20' title="bbox 122 1313 1580 1373; baseline 0 -17"><span class='ocrx_word' id='word_1_172' title='bbox 122 1313 316 1356; x_wconf 86' lang='lat' dir='ltr'><strong>conditio</strong></span> <span class='ocrx_word' id='word_1_173' title='bbox 352 1315 477 1367; x_wconf 81' lang='lat'><strong>7,14.</strong></span> <span class='ocrx_word' id='word_1_174' title='bbox 516 1330 584 1371; x_wconf 83' lang='lat' dir='ltr'><strong>sq.</strong></span> <span class='ocrx_word' id='word_1_175' title='bbox 613 1315 901 1369; x_wconf 87' lang='lat' dir='ltr'><strong>describitur,</strong></span> <span class='ocrx_word' id='word_1_176' title='bbox 941 1317 1211 1360; x_wconf 86' lang='lat' dir='ltr'><strong>lamentatio.</strong></span> <span class='ocrx_word' id='word_1_177' title='bbox 1282 1315 1438 1373; x_wconf 84' lang='lat' dir='ltr'><strong>Neque</strong></span> <span class='ocrx_word' id='word_1_178' title='bbox 1465 1315 1580 1357; x_wconf 85' lang='lat' dir='ltr'><strong>enim</strong></span> 
     </span>
     <span class='ocr_line' id='line_1_21' title="bbox 122 1372 1582 1430; baseline 0 -18"><span class='ocrx_word' id='word_1_179' title='bbox 122 1385 220 1413; x_wconf 90' lang='lat' dir='ltr'><strong>eum</strong></span> <span class='ocrx_word' id='word_1_180' title='bbox 242 1377 330 1412; x_wconf 89' lang='lat' dir='ltr'><strong>tam</strong></span> <span class='ocrx_word' id='word_1_181' title='bbox 347 1372 509 1425; x_wconf 82' lang='lat' dir='ltr'><strong>levem,</strong></span> <span class='ocrx_word' id='word_1_182' title='bbox 538 1379 626 1414; x_wconf 89' lang='lat' dir='ltr'><strong>tam</strong></span> <span class='ocrx_word' id='word_1_183' title='bbox 648 1372 954 1426; x_wconf 86' lang='lat' dir='ltr'><strong>libidinosum,</strong></span> <span class='ocrx_word' id='word_1_184' title='bbox 983 1379 1071 1415; x_wconf 87' lang='lat' dir='ltr'><strong>tam</strong></span> <span class='ocrx_word' id='word_1_185' title='bbox 1100 1373 1313 1430; x_wconf 87' lang='lat' dir='ltr'><strong>impurum</strong></span> <span class='ocrx_word' id='word_1_186' title='bbox 1342 1373 1502 1421; x_wconf 84' lang='lat' dir='ltr'><strong>fuisse,</strong></span> <span class='ocrx_word' id='word_1_187' title='bbox 1532 1375 1582 1413; x_wconf 89' lang='lat' dir='ltr'><strong>ut</strong></span> 
     </span>
     <span class='ocr_line' id='line_1_22' title="bbox 123 1427 1581 1486; baseline 0 -17"><span class='ocrx_word' id='word_1_188' title='bbox 123 1428 267 1470; x_wconf 92' lang='lat' dir='ltr'><strong>animo</strong></span> <span class='ocrx_word' id='word_1_189' title='bbox 287 1434 331 1470; x_wconf 88' lang='lat' dir='ltr'><strong>et</strong></span> <span class='ocrx_word' id='word_1_190' title='bbox 352 1429 545 1484; x_wconf 80' lang='lat' dir='ltr'><strong>moribus</strong></span> <span class='ocrx_word' id='word_1_191' title='bbox 564 1427 723 1471; x_wconf 91' lang='lat' dir='ltr'><strong>similis</strong></span> <span class='ocrx_word' id='word_1_192' title='bbox 744 1435 862 1471; x_wconf 87' lang='lat' dir='ltr'><strong>esset</strong></span> <span class='ocrx_word' id='word_1_193' title='bbox 881 1429 963 1481; x_wconf 86' lang='lat' dir='ltr'><strong>iis,</strong></span> <span class='ocrx_word' id='word_1_194' title='bbox 991 1430 1066 1486; x_wconf 89' lang='lat' dir='ltr'><strong>qui</strong></span> <span class='ocrx_word' id='word_1_195' title='bbox 1083 1431 1124 1482; x_wconf 85' lang='lat'><strong>7,</strong></span> <span class='ocrx_word' id='word_1_196' title='bbox 1141 1431 1209 1475; x_wconf 83' lang='lat'><strong>14.</strong></span> <span class='ocrx_word' id='word_1_197' title='bbox 1231 1445 1300 1486; x_wconf 88' lang='lat' dir='ltr'><strong>sq.</strong></span> <span class='ocrx_word' id='word_1_198' title='bbox 1320 1443 1440 1471; x_wconf 87' lang='lat' dir='ltr'><strong>suam</strong></span> <span class='ocrx_word' id='word_1_199' title='bbox 1463 1443 1581 1469; x_wconf 88' lang='lat' dir='ltr'><strong>men-</strong></span> 
     </span>
     <span class='ocr_line' id='line_1_23' title="bbox 123 1483 1580 1543; baseline -0.001 -17"><span class='ocrx_word' id='word_1_200' title='bbox 123 1491 209 1526; x_wconf 80' lang='lat' dir='ltr'><strong>tem</strong></span> <span class='ocrx_word' id='word_1_201' title='bbox 233 1485 585 1542; x_wconf 81' lang='lat' dir='ltr'><strong>voluntatemque</strong></span> <span class='ocrx_word' id='word_1_202' title='bbox 604 1484 768 1527; x_wconf 84' lang='lat' dir='ltr'><strong>nudant</strong></span> <span class='ocrx_word' id='word_1_203' title='bbox 785 1492 829 1527; x_wconf 85' lang='lat' dir='ltr'><strong>et</strong></span> <span class='ocrx_word' id='word_1_204' title='bbox 850 1487 1092 1543; x_wconf 83' lang='lat' dir='ltr'><strong>explicant,</strong></span> <span class='ocrx_word' id='word_1_205' title='bbox 1130 1485 1184 1527; x_wconf 86' lang='lat' dir='ltr'><strong>ab</strong></span> <span class='ocrx_word' id='word_1_206' title='bbox 1217 1487 1464 1528; x_wconf 87' lang='lat' dir='ltr'><strong>hominibus</strong></span> <span class='ocrx_word' id='word_1_207' title='bbox 1496 1483 1580 1525; x_wconf 85' lang='lat' dir='ltr'><strong>tide</strong></span> 
     </span>
     <span class='ocr_line' id='line_1_24' title="bbox 122 1540 1580 1598; baseline 0 -16"><span class='ocrx_word' id='word_1_208' title='bbox 122 1540 269 1595; x_wconf 82' lang='lat' dir='ltr'><strong>dignis</strong></span> <span class='ocrx_word' id='word_1_209' title='bbox 291 1542 556 1598; x_wconf 84' lang='lat' dir='ltr'><strong>accepimus,</strong></span> <span class='ocrx_word' id='word_1_210' title='bbox 586 1542 741 1598; x_wconf 88' lang='lat' dir='ltr'><strong>etipse</strong></span> <span class='ocrx_word' id='word_1_211' title='bbox 761 1549 851 1583; x_wconf 89' lang='lat' dir='ltr'><strong>tum</strong></span> <span class='ocrx_word' id='word_1_212' title='bbox 875 1543 919 1583; x_wconf 90' lang='lat' dir='ltr'><strong>in</strong></span> <span class='ocrx_word' id='word_1_213' title='bbox 949 1543 1028 1584; x_wconf 91' lang='lat' dir='ltr'><strong>hoc</strong></span> <span class='ocrx_word' id='word_1_214' title='bbox 1056 1556 1189 1598; x_wconf 88' lang='lat' dir='ltr'><strong>saepe</strong></span> <span class='ocrx_word' id='word_1_215' title='bbox 1219 1543 1434 1595; x_wconf 85' lang='lat' dir='ltr'><strong>laetatur,</strong></span> <span class='ocrx_word' id='word_1_216' title='bbox 1464 1540 1580 1598; x_wconf 88' lang='lat' dir='ltr'><strong>quod</strong></span> 
     </span>
     <span class='ocr_line' id='line_1_25' title="bbox 122 1597 1581 1654; baseline 0.001 -15"><span class='ocrx_word' id='word_1_217' title='bbox 122 1597 249 1641; x_wconf 88' lang='lat' dir='ltr'><strong>Deus</strong></span> <span class='ocrx_word' id='word_1_218' title='bbox 267 1598 469 1654; x_wconf 89' lang='lat' dir='ltr'><strong>spiritum</strong></span> <span class='ocrx_word' id='word_1_219' title='bbox 493 1614 531 1642; x_wconf 89' lang='lat' dir='ltr'><strong>s.</strong></span> <span class='ocrx_word' id='word_1_220' title='bbox 556 1598 643 1640; x_wconf 89' lang='lat' dir='ltr'><strong>sibi</strong></span> <span class='ocrx_word' id='word_1_221' title='bbox 661 1598 849 1652; x_wconf 85' lang='lat' dir='ltr'><strong>largitus</strong></span> <span class='ocrx_word' id='word_1_222' title='bbox 870 1599 928 1639; x_wconf 89' lang='lat' dir='ltr'><strong>sit</strong></span> <span class='ocrx_word' id='word_1_223' title='bbox 961 1600 984 1640; x_wconf 93' lang='lat'>1</span> <span class='ocrx_word' id='word_1_224' title='bbox 1007 1599 1108 1642; x_wconf 85' lang='lat' dir='ltr'><strong>Cor.</strong></span> <span class='ocrx_word' id='word_1_225' title='bbox 1127 1599 1252 1651; x_wconf 83' lang='lat'><strong>7‚40.</strong></span> <span class='ocrx_word' id='word_1_226' title='bbox 1285 1600 1313 1639; x_wconf 88' lang='lat'>2</span> <span class='ocrx_word' id='word_1_227' title='bbox 1333 1599 1435 1642; x_wconf 90' lang='lat' dir='ltr'><strong>Cor.</strong></span> <span class='ocrx_word' id='word_1_228' title='bbox 1459 1597 1581 1649; x_wconf 83' lang='lat'><strong>10‚3.</strong></span> 
     </span>
     <span class='ocr_line' id='line_1_26' title="bbox 121 1654 1581 1711; baseline -0.001 -15"><span class='ocrx_word' id='word_1_229' title='bbox 121 1654 251 1698; x_wconf 79' lang='lat' dir='ltr'><strong>Rom.</strong></span> <span class='ocrx_word' id='word_1_230' title='bbox 266 1655 418 1707; x_wconf 84' lang='lat'><strong>15‚19.‚</strong></span> <span class='ocrx_word' id='word_1_231' title='bbox 438 1659 527 1696; x_wconf 88' lang='lat' dir='ltr'><strong>tum</strong></span> <span class='ocrx_word' id='word_1_232' title='bbox 550 1669 597 1696; x_wconf 91' lang='lat' dir='ltr'><strong>se</strong></span> <span class='ocrx_word' id='word_1_233' title='bbox 617 1654 705 1696; x_wconf 75' lang='lat' dir='ltr'><strong>frui</strong></span> <span class='ocrx_word' id='word_1_234' title='bbox 723 1655 986 1696; x_wconf 74' lang='lat' dir='ltr'><strong>conscientia</strong></span> <span class='ocrx_word' id='word_1_235' title='bbox 1011 1655 1198 1711; x_wconf 86' lang='lat' dir='ltr'><strong>optimae</strong></span> <span class='ocrx_word' id='word_1_236' title='bbox 1217 1655 1375 1698; x_wconf 84' lang='lat' dir='ltr'><strong>mentis</strong></span> <span class='ocrx_word' id='word_1_237' title='bbox 1396 1655 1581 1706; x_wconf 80' lang='lat' dir='ltr'><strong>ingenue</strong></span> 
     </span>
    </p>
   </div>
   <div class='ocr_carea' id='block_1_3' title="bbox 122 1710 1580 1769">
    <p class='ocr_par' dir='ltr' id='par_1_3' title="bbox 122 1710 1580 1769">
     <span class='ocr_line' id='line_1_27' title="bbox 122 1710 1580 1769; baseline -0.002 -16"><span class='ocrx_word' id='word_1_238' title='bbox 122 1711 287 1754; x_wconf 77' lang='lat' dir='ltr'><strong>fatetur</strong></span> <span class='ocrx_word' id='word_1_239' title='bbox 312 1713 419 1756; x_wconf 89' lang='lat' dir='ltr'><strong>Act.</strong></span> <span class='ocrx_word' id='word_1_240' title='bbox 449 1713 574 1765; x_wconf 84' lang='lat' dir='ltr'><strong>23,l.</strong></span> <span class='ocrx_word' id='word_1_241' title='bbox 607 1712 633 1754; x_wconf 87' lang='lat'><em>1</em></span> <span class='ocrx_word' id='word_1_242' title='bbox 667 1710 770 1756; x_wconf 87' lang='lat' dir='ltr'><strong>Cor.</strong></span> <span class='ocrx_word' id='word_1_243' title='bbox 797 1712 841 1765; x_wconf 82' lang='lat'><strong>4,</strong></span> <span class='ocrx_word' id='word_1_244' title='bbox 853 1712 896 1756; x_wconf 83' lang='lat'><strong>4.</strong></span> <span class='ocrx_word' id='word_1_245' title='bbox 927 1711 956 1753; x_wconf 87' lang='lat'><strong>2</strong></span> <span class='ocrx_word' id='word_1_246' title='bbox 983 1711 1085 1756; x_wconf 79' lang='lat' dir='ltr'><strong>cor.</strong></span> <span class='ocrx_word' id='word_1_247' title='bbox 1115 1714 1155 1766; x_wconf 91' lang='lat'><strong>1,</strong></span> <span class='ocrx_word' id='word_1_248' title='bbox 1168 1713 1237 1755; x_wconf 90' lang='lat'><strong>12.</strong></span> <span class='ocrx_word' id='word_1_249' title='bbox 1262 1711 1308 1769; x_wconf 57' lang='lat'><strong>²²³)</strong></span> <span class='ocrx_word' id='word_1_250' title='bbox 1374 1710 1580 1755; x_wconf 85' lang='lat' dir='ltr'><strong>Ceterum</strong></span> 
     </span>
    </p>
   </div>
   <div class='ocr_carea' id='block_1_4' title="bbox 167 1892 1580 2852">
    <p class='ocr_par' dir='ltr' id='par_1_4' title="bbox 167 1892 1580 2852">
     <span class='ocr_line' id='line_1_28' title="bbox 167 1892 1578 1939; baseline -0.002 -13"><span class='ocrx_word' id='word_1_251' title='bbox 167 1892 204 1937; x_wconf 63' lang='lat'><strong>²⁶¹)</strong></span> <span class='ocrx_word' id='word_1_252' title='bbox 231 1893 283 1927; x_wconf 90' lang='lat' dir='ltr'><strong>Ne</strong></span> <span class='ocrx_word' id='word_1_253' title='bbox 300 1893 370 1928; x_wconf 87' lang='lat' dir='ltr'><strong>hoc</strong></span> <span class='ocrx_word' id='word_1_254' title='bbox 395 1893 537 1939; x_wconf 85' lang='lat' dir='ltr'><strong>quidem</strong></span> <span class='ocrx_word' id='word_1_255' title='bbox 567 1894 822 1937; x_wconf 86' lang='lat' dir='ltr'><strong>concedimus,</strong></span> <span class='ocrx_word' id='word_1_256' title='bbox 855 1894 950 1939; x_wconf 88' lang='lat' dir='ltr'><strong>quod</strong></span> <span class='ocrx_word' id='word_1_257' title='bbox 979 1907 1088 1939; x_wconf 84' lang='lat' dir='ltr'><strong>quum</strong></span> <span class='ocrx_word' id='word_1_258' title='bbox 1115 1893 1172 1927; x_wconf 85' lang='lat' dir='ltr'><strong>alii</strong></span> <span class='ocrx_word' id='word_1_259' title='bbox 1202 1892 1466 1938; x_wconf 81' lang='lat' dir='ltr'><strong>judicaverunt,</strong></span> <span class='ocrx_word' id='word_1_260' title='bbox 1501 1896 1578 1924; x_wconf 90' lang='lat' dir='ltr'><strong>tum</strong></span> 
     </span>
     <span class='ocr_line' id='line_1_29' title="bbox 212 1935 1580 1985; baseline -0.004 -12"><span class='ocrx_word' id='word_1_261' title='bbox 212 1940 348 1974; x_wconf 77' lang='lat' dir='ltr'><strong>Rueck.</strong></span> <span class='ocrx_word' id='word_1_262' title='bbox 369 1939 566 1985; x_wconf 84' lang='lat' dir='ltr'><strong>perhibuit,</strong></span> <span class='ocrx_word' id='word_1_263' title='bbox 591 1940 736 1973; x_wconf 78' lang='lat' dir='ltr'><strong>miserae</strong></span> <span class='ocrx_word' id='word_1_264' title='bbox 754 1940 940 1974; x_wconf 88' lang='lat' dir='ltr'><strong>hominum</strong></span> <span class='ocrx_word' id='word_1_265' title='bbox 961 1939 1027 1984; x_wconf 74' lang='lat' dir='ltr'><strong>legi</strong></span> <span class='ocrx_word' id='word_1_266' title='bbox 1057 1953 1144 1973; x_wconf 80' lang='lat' dir='ltr'><strong>mos.</strong></span> <span class='ocrx_word' id='word_1_267' title='bbox 1176 1939 1419 1982; x_wconf 85' lang='lat' dir='ltr'><strong>subjectorum</strong></span> <span class='ocrx_word' id='word_1_268' title='bbox 1448 1935 1580 1971; x_wconf 90' lang='lat' dir='ltr'><strong>condi-</strong></span> 
     </span>
     <span class='ocr_line' id='line_1_30' title="bbox 214 1982 1580 2031; baseline -0.004 -12"><span class='ocrx_word' id='word_1_269' title='bbox 214 1985 323 2020; x_wconf 77' lang='lat' dir='ltr'><strong>tionis</strong></span> <span class='ocrx_word' id='word_1_270' title='bbox 341 1984 616 2029; x_wconf 78' lang='lat' dir='ltr'><strong>descriptionem</strong></span> <span class='ocrx_word' id='word_1_271' title='bbox 636 1982 791 2019; x_wconf 46' lang='lat' dir='ltr'><strong>Paulum*</strong></span> <span class='ocrx_word' id='word_1_272' title='bbox 806 1999 824 2019; x_wconf 88' lang='lat' dir='ltr'><strong>e</strong></span> <span class='ocrx_word' id='word_1_273' title='bbox 842 1992 972 2028; x_wconf 85' lang='lat' dir='ltr'><strong>status,</strong></span> <span class='ocrx_word' id='word_1_274' title='bbox 998 1987 1033 2018; x_wconf 90' lang='lat' dir='ltr'><strong>in</strong></span> <span class='ocrx_word' id='word_1_275' title='bbox 1054 1998 1124 2030; x_wconf 87' lang='lat' dir='ltr'><strong>quo</strong></span> <span class='ocrx_word' id='word_1_276' title='bbox 1147 1985 1219 2031; x_wconf 86' lang='lat' dir='ltr'><strong>ipse</strong></span> <span class='ocrx_word' id='word_1_277' title='bbox 1239 1984 1323 2018; x_wconf 87' lang='lat' dir='ltr'><strong>olim</strong></span> <span class='ocrx_word' id='word_1_278' title='bbox 1341 1982 1478 2023; x_wconf 73' lang='lat' dir='ltr'><strong>suisset,</strong></span> <span class='ocrx_word' id='word_1_279' title='bbox 1502 1994 1580 2014; x_wconf 83' lang='lat' dir='ltr'><strong>rne—</strong></span> 
     </span>
     <span class='ocr_line' id='line_1_31' title="bbox 214 2027 1580 2075; baseline -0.004 -11"><span class='ocrx_word' id='word_1_280' title='bbox 214 2030 329 2065; x_wconf 65' lang='lat' dir='ltr'><strong>moriat</strong></span> <span class='ocrx_word' id='word_1_281' title='bbox 348 2031 393 2064; x_wconf 81' lang='lat' dir='ltr'><strong>ita</strong></span> <span class='ocrx_word' id='word_1_282' title='bbox 412 2030 586 2073; x_wconf 78' lang='lat' dir='ltr'><strong>hausisse,</strong></span> <span class='ocrx_word' id='word_1_283' title='bbox 610 2037 648 2063; x_wconf 89' lang='lat' dir='ltr'><strong>ut</strong></span> <span class='ocrx_word' id='word_1_284' title='bbox 667 2031 725 2075; x_wconf 85' lang='lat' dir='ltr'><strong>qui</strong></span> <span class='ocrx_word' id='word_1_285' title='bbox 746 2032 780 2064; x_wconf 89' lang='lat' dir='ltr'><strong>id</strong></span> <span class='ocrx_word' id='word_1_286' title='bbox 802 2037 931 2065; x_wconf 86' lang='lat' dir='ltr'><strong>teneret</strong></span> <span class='ocrx_word' id='word_1_287' title='bbox 953 2039 1027 2064; x_wconf 81' lang='lat' dir='ltr'><strong>tum</strong></span> <span class='ocrx_word' id='word_1_288' title='bbox 1047 2043 1225 2065; x_wconf 72' lang='lat' dir='ltr'><strong>sumniam</strong></span> <span class='ocrx_word' id='word_1_289' title='bbox 1246 2028 1332 2066; x_wconf 75' lang='lat' dir='ltr'><strong>viri,</strong></span> <span class='ocrx_word' id='word_1_290' title='bbox 1361 2027 1462 2072; x_wconf 88' lang='lat' dir='ltr'><strong>cujus</strong></span> <span class='ocrx_word' id='word_1_291' title='bbox 1487 2027 1580 2061; x_wconf 79' lang='lat' dir='ltr'><strong>votis</strong></span> 
     </span>
     <span class='ocr_line' id='line_1_32' title="bbox 215 2074 1578 2118; baseline -0.004 -9"><span class='ocrx_word' id='word_1_292' title='bbox 215 2077 266 2110; x_wconf 85' lang='lat' dir='ltr'><strong>lex</strong></span> <span class='ocrx_word' id='word_1_293' title='bbox 288 2089 372 2111; x_wconf 77' lang='lat' dir='ltr'><strong>mos.</strong></span> <span class='ocrx_word' id='word_1_294' title='bbox 399 2077 548 2109; x_wconf 88' lang='lat' dir='ltr'><strong>minime</strong></span> <span class='ocrx_word' id='word_1_295' title='bbox 568 2076 811 2118; x_wconf 78' lang='lat' dir='ltr'><strong>satisfecisset,</strong></span> <span class='ocrx_word' id='word_1_296' title='bbox 835 2078 1104 2111; x_wconf 81' lang='lat' dir='ltr'><strong>contentionem</strong></span> <span class='ocrx_word' id='word_1_297' title='bbox 1127 2077 1172 2109; x_wconf 78' lang='lat' dir='ltr'><strong>ob</strong></span> <span class='ocrx_word' id='word_1_298' title='bbox 1193 2077 1315 2108; x_wconf 81' lang='lat' dir='ltr'><strong>ocutos</strong></span> <span class='ocrx_word' id='word_1_299' title='bbox 1334 2074 1486 2115; x_wconf 79' lang='lat' dir='ltr'><strong>baberet,</strong></span> <span class='ocrx_word' id='word_1_300' title='bbox 1502 2079 1578 2104; x_wconf 87' lang='lat' dir='ltr'><strong>tum</strong></span> 
     </span>
     <span class='ocr_line' id='line_1_33' title="bbox 215 2117 1576 2168; baseline -0.004 -13"><span class='ocrx_word' id='word_1_301' title='bbox 215 2122 384 2156; x_wconf 84' lang='lat' dir='ltr'><strong>idoneam</strong></span> <span class='ocrx_word' id='word_1_302' title='bbox 405 2134 544 2155; x_wconf 85' lang='lat' dir='ltr'><strong>causam</strong></span> <span class='ocrx_word' id='word_1_303' title='bbox 564 2122 718 2163; x_wconf 83' lang='lat' dir='ltr'><strong>videret,</strong></span> <span class='ocrx_word' id='word_1_304' title='bbox 744 2121 812 2168; x_wconf 61' lang='lat' dir='ltr'><strong>qua</strong></span> <span class='ocrx_word' id='word_1_305' title='bbox 835 2123 960 2156; x_wconf 81' lang='lat' dir='ltr'><strong>ductus</strong></span> <span class='ocrx_word' id='word_1_306' title='bbox 979 2123 1018 2156; x_wconf 78' lang='lat' dir='ltr'><strong>P.</strong></span> <span class='ocrx_word' id='word_1_307' title='bbox 1045 2122 1162 2155; x_wconf 84' lang='lat' dir='ltr'><strong>subito</strong></span> <span class='ocrx_word' id='word_1_308' title='bbox 1194 2121 1228 2154; x_wconf 90' lang='lat' dir='ltr'><strong>in</strong></span> <span class='ocrx_word' id='word_1_309' title='bbox 1250 2119 1378 2153; x_wconf 67' lang='lat' dir='ltr'><strong>Christi</strong></span> <span class='ocrx_word' id='word_1_310' title='bbox 1405 2131 1440 2151; x_wconf 88' lang='lat' dir='ltr'><strong>se</strong></span> <span class='ocrx_word' id='word_1_311' title='bbox 1469 2117 1576 2151; x_wconf 79' lang='lat' dir='ltr'><strong>disci-</strong></span> 
     </span>
     <span class='ocr_line' id='line_1_34' title="bbox 215 2163 1576 2214; baseline -0.004 -14"><span class='ocrx_word' id='word_1_312' title='bbox 215 2168 348 2214; x_wconf 77' lang='lat' dir='ltr'><strong>plinam</strong></span> <span class='ocrx_word' id='word_1_313' title='bbox 373 2167 533 2201; x_wconf 75' lang='lat' dir='ltr'><strong>dedisset.</strong></span> <span class='ocrx_word' id='word_1_314' title='bbox 582 2167 690 2201; x_wconf 81' lang='lat' dir='ltr'><strong>Recte</strong></span> <span class='ocrx_word' id='word_1_315' title='bbox 709 2169 831 2202; x_wconf 62' lang='lat' dir='ltr'><strong>Reice.</strong></span> <span class='ocrx_word' id='word_1_316' title='bbox 851 2168 960 2205; x_wconf 74' lang='lat' dir='ltr'><strong>ll‚28.</strong></span> <span class='ocrx_word' id='word_1_317' title='bbox 980 2168 1070 2202; x_wconf 80' lang='lat' dir='ltr'><strong>hane</strong></span> <span class='ocrx_word' id='word_1_318' title='bbox 1087 2167 1291 2211; x_wconf 82' lang='lat' dir='ltr'><strong>opinionem</strong></span> <span class='ocrx_word' id='word_1_319' title='bbox 1309 2163 1445 2214; x_wconf 72' lang='lat' dir='ltr'><strong>rejecit.</strong></span> <span class='ocrx_word' id='word_1_320' title='bbox 1486 2163 1576 2214; x_wconf 71' lang='lat' dir='ltr'><strong>Nan·</strong></span> 
     </span>
     <span class='ocr_line' id='line_1_35' title="bbox 213 2209 1580 2259; baseline -0.004 -13"><span class='ocrx_word' id='word_1_321' title='bbox 213 2213 370 2259; x_wconf 89' lang='lat' dir='ltr'><strong>primum</strong></span> <span class='ocrx_word' id='word_1_322' title='bbox 383 2213 527 2259; x_wconf 83' lang='lat' dir='ltr'><strong>quidem</strong></span> <span class='ocrx_word' id='word_1_323' title='bbox 542 2213 695 2247; x_wconf 85' lang='lat' dir='ltr'><strong>Lucasin</strong></span> <span class='ocrx_word' id='word_1_324' title='bbox 707 2215 804 2248; x_wconf 80' lang='lat' dir='ltr'><strong>Actis</strong></span> <span class='ocrx_word' id='word_1_325' title='bbox 816 2213 914 2247; x_wconf 90' lang='lat' dir='ltr'><strong>nullo</strong></span> <span class='ocrx_word' id='word_1_326' title='bbox 928 2214 1032 2247; x_wconf 78' lang='lat' dir='ltr'><strong>verbo</strong></span> <span class='ocrx_word' id='word_1_327' title='bbox 1052 2219 1110 2246; x_wconf 82' lang='lat' dir='ltr'><strong>aut</strong></span> <span class='ocrx_word' id='word_1_328' title='bbox 1136 2212 1311 2244; x_wconf 67' lang='lat' dir='ltr'><strong>elemento</strong></span> <span class='ocrx_word' id='word_1_329' title='bbox 1331 2209 1580 2246; x_wconf 67' lang='lat' dir='ltr'><strong>subindicavit.</strong></span> 
     </span>
     <span class='ocr_line' id='line_1_36' title="bbox 216 2254 1578 2304; baseline -0.004 -12"><span class='ocrx_word' id='word_1_330' title='bbox 216 2259 437 2304; x_wconf 71' lang='lat' dir='ltr'><strong>displicuisse</strong></span> <span class='ocrx_word' id='word_1_331' title='bbox 458 2258 543 2292; x_wconf 87' lang='lat' dir='ltr'><strong>olim</strong></span> <span class='ocrx_word' id='word_1_332' title='bbox 566 2258 676 2292; x_wconf 81' lang='lat' dir='ltr'><strong>Paulo</strong></span> <span class='ocrx_word' id='word_1_333' title='bbox 704 2258 815 2301; x_wconf 78' lang='lat' dir='ltr'><strong>legem</strong></span> <span class='ocrx_word' id='word_1_334' title='bbox 847 2271 960 2301; x_wconf 84' lang='lat' dir='ltr'><strong>mos.,</strong></span> <span class='ocrx_word' id='word_1_335' title='bbox 991 2259 1085 2303; x_wconf 89' lang='lat' dir='ltr'><strong>quod</strong></span> <span class='ocrx_word' id='word_1_336' title='bbox 1118 2269 1232 2300; x_wconf 87' lang='lat' dir='ltr'><strong>neque</strong></span> <span class='ocrx_word' id='word_1_337' title='bbox 1257 2254 1396 2287; x_wconf 84' lang='lat' dir='ltr'><strong>virtutis</strong></span> <span class='ocrx_word' id='word_1_338' title='bbox 1421 2254 1578 2287; x_wconf 81' lang='lat' dir='ltr'><strong>studium</strong></span> 
     </span>
     <span class='ocr_line' id='line_1_37' title="bbox 214 2299 1578 2353; baseline -0.005 -15"><span class='ocrx_word' id='word_1_339' title='bbox 214 2306 396 2349; x_wconf 76' lang='lat' dir='ltr'><strong>adjuvaret</strong></span> <span class='ocrx_word' id='word_1_340' title='bbox 415 2317 529 2349; x_wconf 86' lang='lat' dir='ltr'><strong>neque</strong></span> <span class='ocrx_word' id='word_1_341' title='bbox 549 2305 608 2347; x_wconf 80' lang='grc' dir='ltr'><strong>τῆς</strong></span> <span class='ocrx_word' id='word_1_342' title='bbox 627 2303 855 2347; x_wconf 78' lang='grc' dir='ltr'><strong><em>δικαιοσύνης</em></strong></span> <span class='ocrx_word' id='word_1_343' title='bbox 872 2303 968 2337; x_wconf 85' lang='lat' dir='ltr'><strong>sitim</strong></span> <span class='ocrx_word' id='word_1_344' title='bbox 991 2303 1156 2347; x_wconf 83' lang='lat' dir='ltr'><strong>expleret.</strong></span> <span class='ocrx_word' id='word_1_345' title='bbox 1205 2299 1343 2333; x_wconf 73' lang='lat' dir='ltr'><strong>Deinde</strong></span> <span class='ocrx_word' id='word_1_346' title='bbox 1367 2312 1438 2332; x_wconf 87' lang='lat' dir='ltr'><strong>non</strong></span> <span class='ocrx_word' id='word_1_347' title='bbox 1467 2299 1578 2353; x_wconf 57' lang='lat' dir='ltr'><strong>m&#39;agis</strong></span> 
     </span>
     <span class='ocr_line' id='line_1_38' title="bbox 217 2344 1579 2396; baseline -0.004 -13"><span class='ocrx_word' id='word_1_348' title='bbox 217 2350 259 2383; x_wconf 90' lang='grc' dir='ltr'><strong>Ρ.</strong></span> <span class='ocrx_word' id='word_1_349' title='bbox 287 2351 359 2392; x_wconf 84' lang='lat' dir='ltr'><strong>ipse</strong></span> <span class='ocrx_word' id='word_1_350' title='bbox 388 2350 475 2383; x_wconf 86' lang='lat' dir='ltr'><strong>banc</strong></span> <span class='ocrx_word' id='word_1_351' title='bbox 500 2363 575 2382; x_wconf 87' lang='lat' dir='ltr'><strong>rem</strong></span> <span class='ocrx_word' id='word_1_352' title='bbox 603 2351 876 2396; x_wconf 74' lang='lat' dir='ltr'><strong>adsignilicavit;</strong></span> <span class='ocrx_word' id='word_1_353' title='bbox 920 2349 1004 2382; x_wconf 72' lang='lat' dir='ltr'><strong>dixit</strong></span> <span class='ocrx_word' id='word_1_354' title='bbox 1029 2348 1145 2393; x_wconf 84' lang='lat' dir='ltr'><strong>potius</strong></span> <span class='ocrx_word' id='word_1_355' title='bbox 1171 2360 1207 2380; x_wconf 88' lang='lat' dir='ltr'><strong>se</strong></span> <span class='ocrx_word' id='word_1_356' title='bbox 1234 2344 1323 2380; x_wconf 60' lang='lat' dir='ltr'><strong>aaut</strong></span> <span class='ocrx_word' id='word_1_357' title='bbox 1347 2346 1579 2386; x_wconf 75' lang='grc' dir='ltr'><em>δικτιιοσυνην</em></span> 
     </span>
     <span class='ocr_line' id='line_1_39' title="bbox 215 2391 1576 2443; baseline -0.004 -14"><span class='ocrx_word' id='word_1_358' title='bbox 215 2395 279 2438; x_wconf 69' lang='grc' dir='ltr'><strong>τήν</strong></span> <span class='ocrx_word' id='word_1_359' title='bbox 299 2397 338 2431; x_wconf 72' lang='grc' dir='ltr'><strong>ἐν</strong></span> <span class='ocrx_word' id='word_1_360' title='bbox 355 2393 455 2440; x_wconf 81' lang='grc' dir='ltr'>νόμῳ</span> <span class='ocrx_word' id='word_1_361' title='bbox 481 2393 677 2441; x_wconf 70' lang='grc' dir='ltr'><em>ἄμεμπτον</em></span> <span class='ocrx_word' id='word_1_362' title='bbox 705 2395 810 2429; x_wconf 77' lang='lat' dir='ltr'><strong>fnisse</strong></span> <span class='ocrx_word' id='word_1_363' title='bbox 835 2394 927 2428; x_wconf 85' lang='lat' dir='ltr'><strong>Phil.</strong></span> <span class='ocrx_word' id='word_1_364' title='bbox 947 2393 1020 2433; x_wconf 81' lang='lat'><strong>3,6.</strong></span> <span class='ocrx_word' id='word_1_365' title='bbox 1047 2394 1240 2437; x_wconf 82' lang='lat' dir='ltr'><strong>Deumque</strong></span> <span class='ocrx_word' id='word_1_366' title='bbox 1266 2391 1476 2443; x_wconf 65' lang='lat' dir='ltr'><strong>celebravit,</strong></span> <span class='ocrx_word' id='word_1_367' title='bbox 1504 2402 1576 2424; x_wconf 88' lang='lat' dir='ltr'><strong>non</strong></span> 
     </span>
     <span class='ocr_line' id='line_1_40' title="bbox 214 2435 1574 2486; baseline -0.005 -11"><span class='ocrx_word' id='word_1_368' title='bbox 214 2443 308 2486; x_wconf 91' lang='lat' dir='ltr'><strong>quod</strong></span> <span class='ocrx_word' id='word_1_369' title='bbox 330 2455 364 2475; x_wconf 89' lang='lat' dir='ltr'><strong>se</strong></span> <span class='ocrx_word' id='word_1_370' title='bbox 384 2441 539 2482; x_wconf 77' lang='lat' dir='ltr'><strong>libidini,</strong></span> <span class='ocrx_word' id='word_1_371' title='bbox 567 2455 671 2486; x_wconf 83' lang='lat' dir='ltr'><strong>quam</strong></span> <span class='ocrx_word' id='word_1_372' title='bbox 691 2441 741 2474; x_wconf 84' lang='lat' dir='ltr'><strong>lex</strong></span> <span class='ocrx_word' id='word_1_373' title='bbox 762 2454 849 2474; x_wconf 83' lang='lat' dir='ltr'><strong>mos.</strong></span> <span class='ocrx_word' id='word_1_374' title='bbox 869 2438 998 2472; x_wconf 85' lang='lat' dir='ltr'><strong>mirum</strong></span> <span class='ocrx_word' id='word_1_375' title='bbox 1022 2439 1056 2472; x_wconf 92' lang='lat' dir='ltr'><strong>in</strong></span> <span class='ocrx_word' id='word_1_376' title='bbox 1078 2438 1225 2472; x_wconf 83' lang='lat' dir='ltr'><strong>modum</strong></span> <span class='ocrx_word' id='word_1_377' title='bbox 1247 2435 1470 2474; x_wconf 79' lang='lat' dir='ltr'><strong>nutrivisset,</strong></span> <span class='ocrx_word' id='word_1_378' title='bbox 1495 2448 1574 2470; x_wconf 84' lang='lat' dir='ltr'><strong>ere-</strong></span> 
     </span>
     <span class='ocr_line' id='line_1_41' title="bbox 216 2481 1578 2533; baseline -0.005 -12"><span class='ocrx_word' id='word_1_379' title='bbox 216 2495 317 2533; x_wconf 86' lang='lat' dir='ltr'><strong>ptum</strong></span> <span class='ocrx_word' id='word_1_380' title='bbox 335 2488 371 2520; x_wconf 91' lang='lat' dir='ltr'><strong>in</strong></span> <span class='ocrx_word' id='word_1_381' title='bbox 393 2487 462 2520; x_wconf 83' lang='lat' dir='ltr'><strong>div.</strong></span> <span class='ocrx_word' id='word_1_382' title='bbox 481 2487 646 2530; x_wconf 81' lang='lat' dir='ltr'><strong>spiritus,</strong></span> <span class='ocrx_word' id='word_1_383' title='bbox 675 2486 734 2531; x_wconf 84' lang='lat' dir='ltr'><strong>qui</strong></span> <span class='ocrx_word' id='word_1_384' title='bbox 756 2486 916 2519; x_wconf 73' lang='lat' dir='ltr'><strong>homines</strong></span> <span class='ocrx_word' id='word_1_385' title='bbox 937 2484 973 2517; x_wconf 91' lang='lat' dir='ltr'><strong>in</strong></span> <span class='ocrx_word' id='word_1_386' title='bbox 1002 2483 1194 2517; x_wconf 80' lang='lat' dir='ltr'><strong>honestatis</strong></span> <span class='ocrx_word' id='word_1_387' title='bbox 1219 2481 1338 2516; x_wconf 84' lang='lat' dir='ltr'><strong>studio</strong></span> <span class='ocrx_word' id='word_1_388' title='bbox 1366 2483 1578 2526; x_wconf 81' lang='lat' dir='ltr'><strong>contineret,</strong></span> 
     </span>
     <span class='ocr_line' id='line_1_42' title="bbox 216 2527 1577 2576; baseline -0.005 -10"><span class='ocrx_word' id='word_1_389' title='bbox 216 2533 414 2567; x_wconf 81' lang='lat' dir='ltr'><strong>clientelam</strong></span> <span class='ocrx_word' id='word_1_390' title='bbox 432 2533 649 2572; x_wconf 79' lang='lat' dir='ltr'><strong>tradidisset,</strong></span> <span class='ocrx_word' id='word_1_391' title='bbox 671 2531 729 2565; x_wconf 90' lang='lat' dir='ltr'><strong>sed</strong></span> <span class='ocrx_word' id='word_1_392' title='bbox 751 2532 830 2576; x_wconf 85' lang='lat' dir='ltr'><strong>quia</strong></span> <span class='ocrx_word' id='word_1_393' title='bbox 848 2542 903 2571; x_wconf 88' lang='lat' dir='ltr'><strong>se,</strong></span> <span class='ocrx_word' id='word_1_394' title='bbox 931 2529 1113 2562; x_wconf 72' lang='lat' dir='ltr'><strong>hominem</strong></span> <span class='ocrx_word' id='word_1_395' title='bbox 1138 2529 1342 2573; x_wconf 87' lang='lat' dir='ltr'><strong>improbum</strong></span> <span class='ocrx_word' id='word_1_396' title='bbox 1357 2551 1367 2569; x_wconf 87' lang='lat'><strong>,</strong></span> <span class='ocrx_word' id='word_1_397' title='bbox 1399 2528 1459 2572; x_wconf 89' lang='lat' dir='ltr'><strong>qui</strong></span> <span class='ocrx_word' id='word_1_398' title='bbox 1485 2527 1577 2560; x_wconf 87' lang='lat' dir='ltr'><strong>divi—</strong></span> 
     </span>
     <span class='ocr_line' id='line_1_43' title="bbox 216 2573 1578 2621; baseline -0.005 -9"><span class='ocrx_word' id='word_1_399' title='bbox 216 2591 296 2612; x_wconf 90' lang='lat' dir='ltr'><strong>nam</strong></span> <span class='ocrx_word' id='word_1_400' title='bbox 323 2577 453 2612; x_wconf 87' lang='lat' dir='ltr'><strong>Christi</strong></span> <span class='ocrx_word' id='word_1_401' title='bbox 479 2577 701 2621; x_wconf 82' lang='lat' dir='ltr'><strong>disciplinam</strong></span> <span class='ocrx_word' id='word_1_402' title='bbox 729 2582 901 2617; x_wconf 77' lang='lat' dir='ltr'><strong>vexasset,</strong></span> <span class='ocrx_word' id='word_1_403' title='bbox 941 2575 1091 2619; x_wconf 77' lang='lat' dir='ltr'><strong>henigne</strong></span> <span class='ocrx_word' id='word_1_404' title='bbox 1118 2582 1151 2608; x_wconf 83' lang='lat' dir='ltr'><strong>et</strong></span> <span class='ocrx_word' id='word_1_405' title='bbox 1178 2573 1307 2609; x_wconf 76' lang='lat' dir='ltr'><strong>Christi</strong></span> <span class='ocrx_word' id='word_1_406' title='bbox 1333 2573 1514 2606; x_wconf 85' lang='lat' dir='ltr'><strong>alumnum</strong></span> <span class='ocrx_word' id='word_1_407' title='bbox 1543 2578 1578 2605; x_wconf 88' lang='lat' dir='ltr'><strong>et</strong></span> 
     </span>
     <span class='ocr_line' id='line_1_44' title="bbox 218 2617 1577 2668; baseline -0.006 -10"><span class='ocrx_word' id='word_1_408' title='bbox 218 2623 428 2668; x_wconf 82' lang='lat' dir='ltr'><strong>Apostolum</strong></span> <span class='ocrx_word' id='word_1_409' title='bbox 458 2623 694 2656; x_wconf 85' lang='lat' dir='ltr'><strong>constituisset</strong></span> <span class='ocrx_word' id='word_1_410' title='bbox 726 2624 736 2654; x_wconf 90' lang='lat' dir='ltr'><strong>l</strong></span> <span class='ocrx_word' id='word_1_411' title='bbox 769 2623 853 2655; x_wconf 82' lang='lat' dir='ltr'><strong>Cor.</strong></span> <span class='ocrx_word' id='word_1_412' title='bbox 884 2620 978 2661; x_wconf 87' lang='lat' dir='ltr'><strong>l5‚7.</strong></span> <span class='ocrx_word' id='word_1_413' title='bbox 1000 2634 1052 2665; x_wconf 80' lang='lat' dir='ltr'><strong>sq.</strong></span> <span class='ocrx_word' id='word_1_414' title='bbox 1087 2623 1100 2653; x_wconf 92' lang='lat'>1</span> <span class='ocrx_word' id='word_1_415' title='bbox 1129 2619 1342 2661; x_wconf 71' lang='lat' dir='ltr'><strong>&#39;l&#39;i.n.1‚12.</strong></span> <span class='ocrx_word' id='word_1_416' title='bbox 1362 2631 1453 2662; x_wconf 82' lang='lat' dir='ltr'><strong>sqq..</strong></span> <span class='ocrx_word' id='word_1_417' title='bbox 1502 2617 1577 2650; x_wconf 84' lang='grc' dir='ltr'><strong>Ρο-</strong></span> 
     </span>
     <span class='ocr_line' id='line_1_45' title="bbox 215 2663 1576 2710; baseline -0.007 -7"><span class='ocrx_word' id='word_1_418' title='bbox 215 2678 348 2704; x_wconf 70' lang='lat' dir='ltr'><strong>stremo</strong></span> <span class='ocrx_word' id='word_1_419' title='bbox 371 2667 804 2701; x_wconf 67' lang='lat' dir='ltr'><strong>Rueckertibariotaticmi</strong></span> <span class='ocrx_word' id='word_1_420' title='bbox 824 2667 921 2699; x_wconf 75' lang='lat' dir='ltr'><strong>Pauli</strong></span> <span class='ocrx_word' id='word_1_421' title='bbox 947 2666 1126 2710; x_wconf 66' lang='lat' dir='ltr'><strong>ingo-nium</strong></span> <span class='ocrx_word' id='word_1_422' title='bbox 1159 2669 1347 2710; x_wconf 70' lang='lat' dir='ltr'><strong>repugnat,</strong></span> <span class='ocrx_word' id='word_1_423' title='bbox 1382 2663 1441 2707; x_wconf 85' lang='lat' dir='ltr'><strong>qui</strong></span> <span class='ocrx_word' id='word_1_424' title='bbox 1470 2663 1576 2708; x_wconf 78' lang='lat' dir='ltr'><strong>quic-</strong></span> 
     </span>
     <span class='ocr_line' id='line_1_46' title="bbox 217 2708 1575 2761; baseline -0.005 -14"><span class='ocrx_word' id='word_1_425' title='bbox 217 2716 302 2761; x_wconf 82' lang='lat' dir='ltr'><strong>quid</strong></span> <span class='ocrx_word' id='word_1_426' title='bbox 322 2719 438 2760; x_wconf 82' lang='lat' dir='ltr'><strong>ageret</strong></span> <span class='ocrx_word' id='word_1_427' title='bbox 455 2718 532 2747; x_wconf 74' lang='lat' dir='ltr'><strong>tota</strong></span> <span class='ocrx_word' id='word_1_428' title='bbox 553 2721 669 2746; x_wconf 85' lang='lat' dir='ltr'><strong>mente</strong></span> <span class='ocrx_word' id='word_1_429' title='bbox 689 2725 790 2757; x_wconf 65' lang='lat' dir='ltr'><strong>agere</strong></span> <span class='ocrx_word' id='word_1_430' title='bbox 817 2713 955 2746; x_wconf 68' lang='lat' dir='ltr'><strong>soleret.</strong></span> <span class='ocrx_word' id='word_1_431' title='bbox 1006 2715 1123 2754; x_wconf 81' lang='lat' dir='ltr'><strong>ltaque</strong></span> <span class='ocrx_word' id='word_1_432' title='bbox 1151 2711 1307 2744; x_wconf 72' lang='lat' dir='ltr'><strong>judaeus</strong></span> <span class='ocrx_word' id='word_1_433' title='bbox 1334 2708 1443 2741; x_wconf 56' lang='lat' dir='ltr'><strong>Most»</strong></span> <span class='ocrx_word' id='word_1_434' title='bbox 1465 2708 1575 2742; x_wconf 77' lang='lat' dir='ltr'><strong>disci-</strong></span> 
     </span>
     <span class='ocr_line' id='line_1_47' title="bbox 217 2754 1573 2806; baseline -0.007 -11"><span class='ocrx_word' id='word_1_435' title='bbox 217 2763 348 2806; x_wconf 83' lang='lat' dir='ltr'><strong>plinam</strong></span> <span class='ocrx_word' id='word_1_436' title='bbox 370 2761 414 2794; x_wconf 84' lang='lat' dir='ltr'><strong>ita</strong></span> <span class='ocrx_word' id='word_1_437' title='bbox 434 2760 623 2794; x_wconf 82' lang='lat' dir='ltr'><strong>admiratus</strong></span> <span class='ocrx_word' id='word_1_438' title='bbox 643 2765 713 2799; x_wconf 85' lang='lat' dir='ltr'><strong>cst,</strong></span> <span class='ocrx_word' id='word_1_439' title='bbox 741 2766 776 2791; x_wconf 85' lang='lat' dir='ltr'><strong>ut</strong></span> <span class='ocrx_word' id='word_1_440' title='bbox 795 2757 925 2802; x_wconf 65' lang='lat' dir='ltr'><strong>:aliquid</strong></span> <span class='ocrx_word' id='word_1_441' title='bbox 946 2759 1070 2791; x_wconf 68' lang='lat' dir='ltr'><strong>rna-lius</strong></span> <span class='ocrx_word' id='word_1_442' title='bbox 1088 2763 1146 2790; x_wconf 74' lang='lat' dir='ltr'><strong>aut</strong></span> <span class='ocrx_word' id='word_1_443' title='bbox 1169 2754 1356 2801; x_wconf 78' lang='lat' dir='ltr'><strong>perfectius</strong></span> <span class='ocrx_word' id='word_1_444' title='bbox 1376 2767 1418 2787; x_wconf 85' lang='lat' dir='ltr'><strong>ne</strong></span> <span class='ocrx_word' id='word_1_445' title='bbox 1445 2761 1573 2795; x_wconf 77' lang='lat' dir='ltr'><strong>optan-</strong></span> 
     </span>
     <span class='ocr_line' id='line_1_48' title="bbox 217 2799 1576 2852; baseline -0.006 -11"><span class='ocrx_word' id='word_1_446' title='bbox 217 2809 300 2841; x_wconf 80' lang='lat' dir='ltr'><strong>dnm</strong></span> <span class='ocrx_word' id='word_1_447' title='bbox 331 2807 495 2852; x_wconf 81' lang='lat' dir='ltr'><strong>quidem,</strong></span> <span class='ocrx_word' id='word_1_448' title='bbox 528 2805 659 2838; x_wconf 70' lang='lat' dir='ltr'><strong>nedum</strong></span> <span class='ocrx_word' id='word_1_449' title='bbox 685 2803 896 2849; x_wconf 69' lang='lat' dir='ltr'><strong>sperandum</strong></span> <span class='ocrx_word' id='word_1_450' title='bbox 924 2815 996 2835; x_wconf 80' lang='lat' dir='ltr'><strong>csse</strong></span> <span class='ocrx_word' id='word_1_451' title='bbox 1029 2809 1183 2846; x_wconf 56' lang='lat' dir='ltr'><strong>putat-cu</strong></span> <span class='ocrx_word' id='word_1_452' title='bbox 1217 2799 1435 2834; x_wconf 79' lang='lat' dir='ltr'><strong>Christianus</strong></span> <span class='ocrx_word' id='word_1_453' title='bbox 1462 2799 1576 2833; x_wconf 78' lang='lat' dir='ltr'><strong>sactus</strong></span> 
     </span>
    </p>
   </div>
   <div class='ocr_carea' id='block_1_5' title="bbox 215 2843 1575 2896">
    <p class='ocr_par' dir='ltr' id='par_1_5' title="bbox 215 2843 1575 2896">
     <span class='ocr_line' id='line_1_49' title="bbox 215 2843 1575 2896; baseline -0.005 -9"><span class='ocrx_word' id='word_1_454' title='bbox 215 2867 290 2887; x_wconf 74' lang='lat' dir='ltr'><strong>tem</strong></span> <span class='ocrx_word' id='word_1_455' title='bbox 312 2865 416 2888; x_wconf 78' lang='lat' dir='ltr'><strong>unam</strong></span> <span class='ocrx_word' id='word_1_456' title='bbox 439 2852 597 2887; x_wconf 86' lang='lat' dir='ltr'><strong>omnium</strong></span> <span class='ocrx_word' id='word_1_457' title='bbox 616 2850 930 2896; x_wconf 66' lang='lat' dir='ltr'><strong>praeclarissimam</strong></span> <span class='ocrx_word' id='word_1_458' title='bbox 952 2849 1089 2884; x_wconf 76' lang='lat' dir='ltr'><strong>censuit</strong></span> <span class='ocrx_word' id='word_1_459' title='bbox 1110 2847 1267 2884; x_wconf 77' lang='lat' dir='ltr'><strong>divinant</strong></span> <span class='ocrx_word' id='word_1_460' title='bbox 1290 2843 1417 2879; x_wconf 76' lang='lat' dir='ltr'><strong>Christi</strong></span> <span class='ocrx_word' id='word_1_461' title='bbox 1437 2846 1575 2885; x_wconf 76' lang='lat' dir='ltr'><strong>doctu-</strong></span> 
     </span>
    </p>
   </div>
  </div>
 </body>
</html>
