1715 3115
474 136 632 182 CAP.
664 136 762 183 XI.
805 137 896 182 Vs.
930 139 1006 182 11.
1039 143 1093 181 et
1123 138 1222 184 12..
1536 142 1623 185 467

138 243 366 303 potuisse,
396 247 442 286 ut
463 244 565 286 cura
588 245 693 287 tacti
714 243 899 296 Iudaei,
933 259 984 285 ne
1007 259 1132 286 suum
1153 245 1293 287 locum
1314 245 1505 300 gentiles
1530 248 1615 291 lide

137 306 426 360 occupassent
451 302 534 343 Dei
557 303 744 356 gratiam
765 308 808 344 et
834 303 918 359 ipsi
944 301 1027 344 lide
1063 316 1325 359 recuperare
1351 312 1615 347 conarentur

137 359 314 413 (Gran,
345 359 541 407 Boehm„
573 358 728 402 Rueck.
757 360 850 411 al.).
920 359 1006 410 Spe
1032 359 1176 411 enim,
1211 373 1294 400 non
1328 373 1374 400 re
1401 361 1613 404 felicitate

137 415 351 457 messianai
375 416 564 467 gentiles
594 420 685 456 tum
719 416 850 472 potiti
878 421 1005 456 eraut
1033 416 1215 469 (8‚2⁴.).
1274 416 1504 459 Miraculis
1534 434 1613 460 au-

134 477 219 514 tem
241 472 270 512 ii
295 479 544 523 moventur,
574 486 756 528 quorum
778 472 1022 513 teneriores
1043 472 1211 513 animos
1233 478 1275 514 et
1297 473 1352 514 ad
1376 474 1503 516 tidem
1533 477 1612 517 fle-

136 529 301 570 xibiles
327 528 449 570 Deus
471 528 608 581 linxit,
640 543 722 570 non
746 529 1045 585 percelluntur
1066 528 1286 570 increduli
1309 537 1510 587 portenta
1534 540 1610 574 aut

134 599 156 626 a
181 586 438 641 praestigiis
461 591 536 626 aut
556 599 577 626 a
599 585 791 627 fanatico
811 599 961 627 errore
987 592 1031 626 et
1060 585 1229 627 insania
1260 595 1462 644 repetere
1493 591 1612 632 sueti

132 641 315 699 (Matth.
337 643 488 692 2263.
518 656 585 697 sq.
617 641 718 685 Joh.
745 643 892 693 12557.
927 645 946 683 1
971 640 1074 686 Cor.
1110 643 1299 695 14‚21.).
1361 643 1606 699 Quamnam

134 701 176 741 in
199 705 366 755 partem
387 712 597 740 summum
620 698 874 740 miraculum
902 699 1119 740 increduli
1138 699 1295 744 Judaei
1327 700 1609 758 interpretati

133 757 226 797 sint
247 757 351 798 Act.
372 755 495 807 2,13.
515 760 703 799 constat.
765 755 890 811 Quae
912 770 1041 812 quum
1062 756 1123 798 ita
1153 758 1244 798 sint
1272 771 1294 797 a
1317 755 1444 800 Pauli
1479 759 1609 801 initio

166 813 356 854 rosectus
379 813 614 853 nonnullos
638 811 868 855 induratos
887 812 1083 857 Judaeos
1114 813 1290 870 recepta
1318 814 1523 858 libertate
1554 815 1611 859 ad

162 884 289 911 onam
319 869 489 922 frugem
521 869 744 912 redituros
782 870 922 911 fuisse
959 875 1076 911 recte
1125 871 1475 926 existimaveris,
1523 888 1611 917 non

131 926 235 969 item
256 930 331 967 aut
349 939 498 968 omnes
520 930 594 967 aut
615 926 850 983 plerosque
871 927 913 968 id
938 927 1130 969 facturos
1148 927 1305 971 fuisse.

245 982 306 1026 V.
335 983 403 1025 12.
464 981 719 1026 Sententia:
750 986 788 1026 si
808 984 1017 1039 jactura,
1056 997 1183 1039 (suam
1215 984 1371 1026 Jmeaei
1393 983 1608 1041 fecerunt,

132 1040 310 1090 qentiles
329 1039 496 1091 ditavit,
527 1038 658 1082 multo
677 1041 814 1095 mceyis
835 1055 902 1082 eos
917 1041 1174 1082 Jmlaeorum
1196 1041 1371 1083 divitiae
1390 1042 1607 1086 ditabunt.

128 1086 436 1137 Extollendam
464 1095 730 1140 Judaeorum
772 1097 1032 1150 dignitatem
1065 1099 1158 1152 Ap.
1190 1099 1384 1153 putavit,
1434 1112 1486 1140 ne
1528 1113 1606 1156 pa·-

131 1153 235 1206 gani
269 1151 510 1193 incredulis
544 1152 765 1194 israelitis
791 1160 955 1195 temere
989 1154 1154 1209 spretis
1185 1154 1484 1209 superbirent.
1553 1153 1606 1196 τὸ

131 1206 421 1261 παράπτωμα
452 1207 613 1262 αὐτῶν]
662 1208 928 1252 Judaeorum
972 1214 1197 1266 peccatum
1239 1210 1310 1249 hic
1350 1224 1524 1265 quoque
1553 1209 1604 1251 τὸ

129 1259 370 1319 ἁμάρτημα
390 1279 415 1304 τ
431 1265 488 1318 ἧς
507 1262 604 1306 ἀπι
618 1263 775 1315 στίας
793 1266 886 1322 Ap.
910 1265 1037 1308 dixit.
1084 1264 1260 1307 Rursus
1280 1267 1391 1307 male
1410 1263 1608 1316 Boelem„

129 1320 289 1363 Rueck.
308 1325 352 1361 et
372 1319 518 1362 Reich.
540 1319 589 1363 τὸ
610 1320 897 1375 παράπτωμα
917 1318 1060 1363 αὐτῶν
1076 1336 1219 1363 eorum
1250 1336 1393 1364 casnm
1408 1354 1419 1374 ‚
1459 1322 1605 1378 insin·-

128 1378 294 1420 tum‘um
314 1385 634 1434 exposuerunt,
666 1377 849 1420 Paulum
881 1385 929 1420 ut
949 1377 993 1419 in
1016 1378 1137 1420 verbi
1159 1375 1342 1419 πίπτειν
1361 1393 1400 1420 v.
1425 1378 1492 1421 11.
1517 1394 1606 1418 ine-

128 1433 318 1489 tapborxi
338 1439 530 1475 maneret
551 1435 601 1476 τὸ
624 1432 987 1490 παράπτωμα
1014 1435 1215 1491 posuisse
1237 1435 1420 1491 opinati,
1443 1435 1608 1478 chnut.

131 1490 187 1532 ad
209 1505 249 1533 v.
275 1492 357 1532 11..
418 1490 612 1540 πλοῦτος
639 1489 830 1546 κόσμου]
873 1492 972 1534 scil.
994 1489 1175 1546 ἐγένετο.
1196 1492 1466 1546 divitiarum,
1497 1504 1606 1547 qnae

126 1547 308 1603 yentae'les
334 1547 666 1600 locupletarent,
697 1562 890 1600 causa,
928 1546 1054 1604 fons
1073 1549 1263 1590 eoestitii.
1322 1542 1508 1600 Κόσμον
1530 1562 1605 1589 vo-

128 1604 355 1655 cabulum,
397 1603 511 1659 quod
530 1617 662 1659 yemis
678 1604 907 1646 humanum
930 1605 1259 1661 complectitur,
1291 1604 1333 1647 h.
1354 1606 1384 1647 l.
1408 1611 1450 1646 et
1471 1618 1511 1648 v.
1535 1605 1605 1648 15.

128 1662 186 1702 ad
202 1661 382 1716 yente‘tes
402 1661 678 1702 referendum
699 1668 783 1705 est.
843 1661 955 1703 Nam
978 1659 1143 1713 κόσμος
1161 1675 1242 1702 ηοη
1277 1662 1417 1702 solum
1449 1661 1504 1702 ab
1538 1662 1605 1701 in·-

127 1717 322 1758 credulis
343 1715 526 1760 Iudaeis
546 1717 858 1771 distinguitur,
888 1733 1036 1759 verum
1060 1719 1188 1760 etiam
1212 1732 1315 1759 voce
1336 1715 1445 1773 ἔθνη
1464 1719 1602 1775 expli-

128 1780 270 1815 catur.
330 1772 400 1814 Ne
419 1774 652 1814 articulum
676 1773 901 1815 desideres
921 1773 1132 1815 contende
1161 1772 1323 1816 lVinerz'
1341 1789 1407 1827 gr.
1437 1789 1479 1831 p.
1504 1777 1600 1816 117.

130 1835 175 1871 et
205 1829 307 1871 Gal.
333 1830 475 1880 6‚14..
535 1829 635 1871 Non
669 1838 785 1871 recte
816 1831 1098 1872 Theodoretns
1126 1830 1304 1871 divitias
1332 1832 1430 1886 τῆς
1461 1834 1603 1872 θεο-

131 1901 234 1940 γνω
249 1884 375 1935 σίας
400 1884 475 1926 τὸν
494 1885 687 1927 πλοῦτον
704 1889 748 1940 (1
774 1887 875 1929 Cor.
900 1887 1014 1937 1,5.)
1034 1887 1352 1944 interpretatus
1374 1892 1457 1929 est.
1516 1887 1601 1928 Di-

131 1943 247 1984 citur
268 1942 380 1982 enim
404 1943 457 1982 ab
480 1944 571 1997 Ap.
600 1938 623 1980 ἶ)
657 1942 851 1993 πλοῦτος
878 1945 972 1998 τῆς
1003 1942 1286 1999 σωτηρίας
1314 1959 1352 1986 v.
1388 1946 1472 1986 ll..
1530 1943 1599 1986 Cf.

134 1998 285 2048 10,12.
306 2000 334 2038 2
354 1998 454 2041 Cor.
473 1999 595 2048 6‚10.
620 2000 715 2051 8,st
747 1999 857 2056 Eph.
888 2002 982 2051 528.
1011 2000 1066 2041 cl.
1099 2015 1137 2043 v.
1167 2001 1227 2043 6..
1294 1998 1600 2051 integritatem

130 2056 279 2112 adepti
315 2054 452 2097 Paulo
477 2054 648 2111 judice,
697 2056 735 2097 si
768 2055 1079 2098 mendicissimi
1119 2056 1232 2109 sint,
1279 2055 1437 2099 divites
1476 2066 1603 2105 sunu

129 2118 280 2154 contra
305 2113 488 2154 mendici
513 2113 685 2154 etiamsi
707 2114 906 2155 omnibus
926 2114 1066 2169 copiis
1084 2113 1390 2154 circumfluant
1420 2112 1451 2154 ii
1485 2119 1604 2163 sunt,

132 2170 293 2226 quibus
326 2170 622 2224 integritatem
663 2184 748 2211 non
785 2171 1072 2227 consequutis
1113 2171 1298 2212 salutem
1338 2170 1600 2212 messianam

129 2240 311 2283 sperare
333 2241 414 2268 non
451 2227 569 2269 licet.
627 2226 772 2269 Locus
803 2227 942 2271 Hebr.
976 2228 1154 2279 11‚26.‚
1193 2227 1269 2268 ubi
1296 2229 1488 2274 πλοῦτος
1520 2241 1601 2283 pro

130 2297 180 2325 re
219 2282 344 2325 valde
379 2281 620 2339 expetenda
653 2291 942 2335 memoratur,
981 2290 1178 2325 nostrum
1207 2285 1239 2327 l.
1270 2298 1353 2325 uon
1386 2284 1601 2327 illustrat.

129 2340 195 2382 Eo
215 2347 357 2382 autem
379 2340 669 2394 Iudaeorum,
703 2341 776 2396 qui
799 2341 978 2384 Christo
1012 2341 1137 2382 iidem
1170 2346 1408 2394 negarunt,
1452 2355 1602 2397 pecca-

132 2403 222 2439 tum
243 2397 432 2451 gentiles
455 2398 637 2448 ditavit,
676 2399 791 2454 quod
824 2399 952 2451 fecit,
990 2405 1038 2439 ut
1067 2398 1120 2438 ad
1151 2411 1227 2438 eos
1258 2398 1438 2438 divitiae
1469 2401 1601 2452 atque

82 2454 85 2457 ’
131 2461 384 2496 ornamenta
428 2454 654 2496 beatitatis
693 2456 936 2497 messianae
974 2456 1029 2496 ab
1075 2455 1291 2511 apostolis
1338 2454 1602 2496 afferrentur

132 2512 195 2566 (v.
219 2513 323 2562 11.).
382 2513 454 2552 καῖ
476 2511 522 2551 τὸ
546 2508 797 2563 ἣ”ῑτ.αὗιῶν
826 2513 899 2553 πλ.
932 2511 1098 2564 ἐθνῶν]
1136 2511 1235 2553 scil.
1268 2509 1450 2564 ἐγένετο.
1492 2515 1531 2552 et
1562 2508 1603 2551 si

131 2582 272 2609 eorum
287 2566 470 2623 jactura
497 2568 672 2620 qentt'les
702 2569 987 2621 locupletarit.
1044 2567 1171 2609 Nihil
1203 2565 1374 2622 ἥττῃμα
1406 2571 1602 2624 praeter-

136 2638 264 2679 quam
287 2625 449 2666 cladem
472 2624 564 2667 Jcs.
589 2625 711 2676 31‚8.
729 2657 741 2676 ,
771 2626 1073 2667 detrimentum
1097 2626 1118 2664 1
1139 2623 1240 2667 Cor.
1262 2625 1357 2672 6‚7.
1377 2632 1420 2666 ot
1440 2624 1600 2679 jactu-

131 2693 229 2722 ram
259 2679 452 2724 denotat.
534 2680 590 2722 ll.
624 2682 653 2722 l.
677 2679 903 2736 jucturam
934 2681 1170 2733 significat.
1247 2679 1424 2722 Dicitur
1456 2686 1601 2721 autem

131 2736 286 2777 salutis
307 2739 541 2788 mess-ianae
562 2741 598 2791 (τ
612 2739 661 2792 ἢ..
683 2736 903 2792 σιιιτηριάς
935 2753 974 2780 v.
1002 2740 1087 2788 11.)
1119 2737 1282 2795 jactura
1315 2738 1369 2778 ab
1401 2736 1603 2779 incredu-

131 2793 190 2834 lis
213 2792 395 2836 Iudaeis
415 2796 546 2838 tacta.
606 2791 735 2849 πόσῳ
755 2794 926 2847 μᾶλλον
948 2793 995 2837 τὸ
1020 2795 1094 2836 πλ,
1110 2787 1280 2894 ’(ὃῖτιῦν]
1314 2808 1386 2850 np.
1410 2795 1605 2841 πλοῦτος

1180 2865 1207 2906 g
1246 2851 1276 2891 2
