1715 3115
434 158 593 206 CAP.
633 159 696 206 Χ.
752 159 842 203 Vs.
873 156 1251 204 14.—16.1⁷..
1498 160 1585 202 413

121 268 394 319 ἀποσταλείς
430 270 538 313 Act.
573 269 644 322 26,
668 269 753 314 17..
829 266 989 323 Neque
1034 264 1128 308 illis
1177 264 1496 322 interpretibus
1536 266 1583 308 in

123 345 165 373 v.
185 330 254 373 16.
282 326 577 385 explicatione
603 340 761 382 aquam
793 325 993 368 haesisse
1024 322 1181 365 mirum
1209 325 1295 366 est.
1354 319 1509 366 Morus
1538 328 1584 366 et

120 385 321 430 Rosenm.
340 390 418 425 aut
435 383 559 426 uncis
581 381 890 426 includendam
908 394 1008 424 esse
1027 395 1069 424 ν.
1092 381 1161 423 16.
1180 385 1257 421 aut
1276 379 1340 421 sic
1368 394 1467 422 cum
1498 382 1585 422 fine

122 458 163 487 v.
197 442 267 486 15.
292 440 584 500 copulandum
612 441 780 499 opinati
810 443 936 481 sunt:
979 451 1108 493 quam
1137 443 1292 491 gratus
1321 441 1390 479 est
1417 453 1586 492 eorum,

123 499 200 557 qui
232 499 342 542 bona
384 498 605 540 messiana
642 497 869 549 nuntiant,
915 494 1151 547 adventus,
1203 508 1460 563 quamquam
1499 509 1585 537 non

124 570 277 599 omnes
296 553 524 611 evangelio
542 555 637 597 obse
668 558 825 596 mentm·
848 553 899 606 (i.
920 567 960 597 e.
990 548 1032 594 εἰ
1062 552 1134 594 καὶ
1167 567 1218 594 ου
1251 549 1412 602 πάντες
1438 549 1587 593 ὕπα-

124 610 363 656 κούουσι
390 614 453 668 τῷ
482 607 636 667 εὐαγγε
667 609 756 667 ίῳ).
825 609 983 652 Rueck.
1014 613 1060 649 et
1095 609 1285 650 Usterins
1316 610 1586 666 Apostolum

123 684 166 715 v.
188 671 258 714 16.
290 667 346 712 ad
373 668 445 723 id,
482 667 597 710 unde
624 681 665 710 v.
695 667 768 713 14.
797 673 841 709 et
874 667 944 710 15.
973 664 1212 720 degressus
1240 671 1383 717 esset,
1422 666 1590 707 reverti

124 731 401 770 statuerunt:
440 724 517 767 sed
534 727 605 781 (ut
625 723 739 766 unde
758 723 975 766 declinavi
1002 737 1043 768 ν.
1065 724 1117 764 ll
1137 747 1191 752 ——
1212 723 1283 769 13.
1309 737 1361 764 eo
1394 721 1590 776 redeam)

123 798 212 826 non
242 797 394 825 omnes
421 783 574 824 Judaet'
602 780 836 838 obsequuti
867 785 968 823 sunt
993 778 1241 834 evangelio.
1300 780 1367 821 At
1397 794 1437 825 v.
1459 781 1514 822 11
1535 804 1593 812 -

125 840 199 886 13.
218 840 322 891 πᾶς,
334 840 414 882 hac
436 839 478 881 vi
499 838 662 896 pollet:
698 838 832 896 quivis
851 838 982 880 etiam
996 850 1207 892 payanus.
1265 834 1425 894 Itaque
1452 851 1494 882 v.
1520 839 1591 881 16.

126 894 179 940 οὖ
198 895 361 946 πάντες
381 897 537 939 saltem
557 893 614 938 ad
630 895 807 951 yentiles
828 895 995 937 referre
1022 893 1092 937 illi
1120 891 1380 936 debuerant.
1438 892 1591 938 Reiclt.

126 953 391 997 sententiam
409 967 455 998 λ’.
478 954 531 994 11
550 976 608 984 -—
626 952 698 997 13.
716 953 1012 1004 enuntiatam,
1049 950 1238 992 salutem
1268 964 1293 991 a
1314 949 1479 993 Messia
1512 966 1591 1008 pa-

126 1015 270 1054 ratam
291 1023 377 1053 non
397 1009 539 1053 solum
557 1008 586 1053 J
590 1008 767 1062 udaeiS,
804 1009 880 1052 sed
903 1008 1034 1051 etiam
1058 1007 1244 1062 pceyccnis
1270 1005 1485 1050 divinitus
1516 1008 1592 1050 de-

127 1068 337 1110 stinatam
357 1081 456 1109 esse
477 1065 724 1126 objectione
751 1080 774 1106 o
812 1065 999 1123 pugnari
1026 1062 1130 1105 inde
1159 1062 1323 1120 petita,
1362 1063 1478 1120 quod
1505 1079 1592 1107 non

127 1137 276 1167 omnes
298 1123 523 1167 Israelitae
541 1118 603 1178 (2²)
617 1135 780 1177 evange
805 1124 845 1163 io
867 1121 1097 1180 paruerint
1115 1134 1297 1176 eamque
1314 1119 1489 1178 Jesajae
1514 1136 1592 1165 au-

126 1180 334 1224 ctoritate
369 1179 470 1222 tolli
505 1179 593 1222 sibi
622 1178 847 1235 persuasit
873 1181 1043 1233 (nempe
1058 1175 1232 1235 Jesajas
1263 1176 1392 1230 dicit,
1432 1178 1590 1230 Sessias

127 1239 210 1293 fogt
227 1239 237 1288 i
252 1252 274 1281 α
293 1250 331 1281 u.
351 1237 376 1289 f.
399 1249 449 1280 m.
470 1235 500 1281 i.
520 1250 560 1280 e.
581 1234 774 1294 pondere
794 1235 1008 1278 destituta
1029 1238 1099 1276 est
1118 1233 1330 1293 objectio,
1362 1248 1492 1290 quum
1516 1235 1593 1278 Je-

126 1295 250 1354 sajas
292 1291 522 1334 admodum
563 1306 726 1359 paucos
756 1291 926 1335 Christi
953 1291 1171 1348 apostolis
1200 1290 1327 1333 fidem
1362 1292 1593 1334 habituros

127 1365 228 1394 esse
251 1349 515 1392 vaticinatus
535 1354 620 1403 snt,
651 1363 691 1393 v.
711 1349 948 1404 Hurtunye‘i
964 1350 1068 1398 geht.
1090 1358 1122 1392 υ.
1149 1353 1183 1393 b.
1203 1349 1316 1398 ⁵Part.
1343 1352 1377 1392 b.
1407 1362 1461 1404 gr.
1484 1351 1591 1405 &pta

128 1406 280 1464 1,4⁷3.
298 1409 406 1462 sq.).
465 1405 590 1461 Quae
618 1406 698 1449 alii
720 1403 862 1448 Paulo
893 1404 1102 1461 objiciant
1126 1404 1331 1447 inducere
1361 1406 1475 1447 solet
1504 1407 1594 1448 for-

131 1465 264 1508 mulis
286 1463 575 1522 objectionem
604 1462 837 1522 perspicue
868 1460 1167 1504 indicantibus
1193 1459 1310 1519 ἐρεῖς
1336 1456 1410 1503 οἶν
1437 1463 1593 1512 11,19.

131 1519 227 1564 ἀλλ’
255 1521 344 1576 ἐρεῖ
371 1535 439 1570 τις
469 1522 493 1562 1
515 1520 620 1565 Cor.
652 1520 820 1573 15,35..
882 1517 1119 1564 Praeterea
1155 1519 1397 1560 sententiae
1427 1533 1450 1560 a
1479 1519 1592 1561 Rei-

131 1578 222 1620 clu'o
250 1577 445 1621 invectae
477 1591 563 1621 non
597 1577 851 1620 cohaerent.
919 1575 1094 1618 Grotius
1125 1589 1299 1618 versum
1341 1576 1412 1618 14.
1452 1583 1495 1617 et
1524 1578 1595 1620 15.

131 1635 242 1678 hanc
264 1634 550 1693 objectionem
570 1633 626 1676 ad
646 1632 861 1692 Apostoli
890 1631 1008 1675 dicta
1039 1632 1287 1674 continere:
1316 1647 1443 1688 (letum
1466 1633 1592 1687 Apo-

133 1691 235 1734 stoli
252 1707 333 1734 non
357 1692 627 1746 pervenerint
657 1691 700 1732 in
729 1690 820 1732 loca
850 1690 1016 1741 omnia,
1053 1688 1096 1730 in
1122 1689 1271 1744 quibus
1299 1693 1398 1730 sunt
1427 1689 1595 1742 Judaei,

133 1753 181 1790 ut
202 1747 244 1788 ἱη
266 1752 428 1789 remota
450 1747 603 1801 Syriae
632 1751 672 1789 et
694 1747 902 1802 Aeqypti,
940 1746 1135 1788 invocare
1163 1749 1328 1801 (cutem,
1369 1750 1414 1787 nt
1443 1751 1592 1788 ‹ceter-

136 1817 237 1845 mtm
264 1803 518 1860 felicitatem
547 1803 836 1857 adipiscatur,
874 1815 993 1844 nemo
1018 1801 1177 1857 possit,
1213 1802 1272 1844 ml
1299 1816 1419 1858 quem
1449 1803 1594 1856 mayl-

136 1860 219 1903 stri
237 1873 315 1900 mm
335 1859 455 1900 7)ιίεεὶ
472 1859 637 1914 fuerint
660 1859 885 1910 divinitus,
910 1859 1077 1902 videtur
1097 1858 1233 1900 adhuc
1250 1873 1380 1900 causa
1411 1858 1463 1899 in
1481 1859 1594 1901 Deo

136 1931 251 1968 esse,
298 1929 373 1957 cm·
402 1915 526 1955 multi
557 1914 711 1956 Judaei
739 1919 959 1956 aeternum
984 1918 1164 1968 pereunt
1192 1928 1372 1970 eamque
1406 1913 1593 1957 Paulum

136 1973 344 2030 deinceps
365 1970 536 2012 idoneis
558 1970 829 2025 argumentis
848 1970 1050 2012 refellere
1071 1969 1276 2027 opinatus
1294 1976 1362 2012 est
1375 1985 1414 2015 v.
1431 1973 1596 2029 16.sq..

138 2029 270 2072 Talis
290 2042 391 2071 vero
412 2025 599 2086 objectio
619 2028 705 2069 isto
724 2028 757 2071 l.
778 2027 898 2070 nasci
919 2041 1003 2069 non
1023 2026 1194 2084 potuit,
1231 2027 1305 2069 ubi
1327 2026 1379 2071 P.
1409 2043 1493 2070 non
1523 2044 1598 2071 so-

137 2088 230 2131 lum
257 2085 476 2137 Iudaeos,
516 2098 658 2127 verum
687 2085 818 2127 etiam
843 2097 1034 2139 pctyataos
1061 2084 1375 2149 sempiternam
1408 2085 1596 2127 felicita-

138 2150 226 2187 tem
245 2157 324 2201 per
348 2141 475 2183 tidem
496 2145 844 2197 consequuturos
868 2154 967 2182 esse
996 2138 1262 2183 ostendisset
1290 2155 1330 2184 v.
1361 2143 1412 2183 11
1432 2168 1487 2173 —
1508 2144 1596 2187 13..

137 2198 316 2244 Deinde
335 2199 411 2240 illa
431 2196 617 2254 objectio
645 2198 767 2240 nulla
798 2211 901 2240 voce
931 2195 1121 2240 indicata
1152 2201 1236 2240 est.
1293 2197 1493 2242 Fuerunt
1520 2215 1595 2242 au-

140 2262 246 2327 ῐεῐῐιζ
264 2263 311 2300 ut
330 2260 666 2310 cognosceretur
681 2255 749 2296 his
768 2255 859 2296 sere
875 2269 916 2299 v,
927 2253 1233 2311 concipienda:
1254 2252 1368 2309 ἐρεῖς
1387 2251 1461 2297 οὖν
1474 2272 1483 2280 ·
1505 2259 1600 2305 πῶς

141 2310 198 2358 οὶ
225 2329 277 2357 εν
300 2312 363 2371 τῇ·
391 2314 678 2369 διασπορᾷ
702 2308 974 2354 Ἰουδαῖοι
1001 2309 1344 2353 ἐπικαλέσωνται
1363 2309 1427 2360 εἷς
1450 2305 1499 2353 ὃν
1520 2311 1597 2354 οἰκ

141 2368 429 2416 ἐπίστευσανς
449 2394 502 2400 —-
523 2393 574 2400 —
597 2371 693 2418 πῶς
710 2368 757 2411 δὲ
777 2363 1038 2424 κηρύξουσιν
1056 2363 1120 2409 αὐ
1134 2382 1157 2408 τ
1171 2369 1274 2416 οῖς,
1305 2365 1380 2409 ἐὰν
1398 2366 1458 2422 μὴ
1476 2365 1595 2410 ἀπτο-

84 2454 86 2457 >
144 2427 363 2478 σταλῶσις
401 2425 517 2468 Tum
545 2426 702 2468 melius
735 2425 828 2482 Ap.
861 2428 1162 2479 argumentum
1194 2422 1309 2478 quod
1339 2424 1526 2467 secundo
1567 2429 1596 2468 Ι.

142 2484 304 2527 locavit
325 2498 365 2529 v.
386 2484 454 2526 18.
476 2482 664 2539 primum
692 2481 946 2524 adversario
973 2479 1281 2537 opposuisset,
1318 2495 1444 2536 quam
1475 2498 1498 2523 a
1530 2498 1596 2524 sc-

142 2539 353 2584 cundario
373 2545 654 2595 argumento,
694 2544 741 2581 ut
769 2537 1070 2581 adversarium
1100 2537 1340 2586 reiutaret‚
1375 2539 1597 2594 profectus

144 2602 262 2640 esset
278 2599 340 2651 (v.
366 2600 468 2650 16.).
528 2594 758 2637 Postremo
781 2594 925 2637 ultimi
944 2593 1076 2651 hujus
1103 2593 1262 2650 capitis
1293 2606 1358 2638 vs-
1381 2598 1435 2638 m
1451 2619 1505 2626 —-
1523 2598 1594 2637 22.

144 2654 284 2698 Gratia·
304 2654 547 2710 opinionem
569 2652 695 2707 plane
714 2665 798 2694 non
821 2650 1076 2695 admittunt.

259 2709 318 2754 V.
338 2712 407 2754 17.
465 2709 652 2754 Coniicit
673 2708 765 2765 Ap.
785 2723 834 2750 ex
853 2707 1028 2773 Jesajae
1050 2719 1150 2747 voce
1173 2719 1211 2747 r.
1234 2706 1326 2750 lfi.:
1356 2706 1442 2761 ἄρα
1470 2703 1493 2762 ἦ
1515 2707 1597 2749 πί-

143 2779 240 2816 στις
269 2764 317 2817 ἑξ
340 2763 476 2822 ἀκοῆς
503 2768 627 2821 (ergo
655 2765 761 2806 fides
791 2780 814 2807 e
842 2769 994 2807 nuntio
1023 2762 1160 2804 allato
1192 2764 1407 2819 nascitur)
1441 2764 1597 2806 deind·-

143 2823 239 2879 ipse
260 2821 379 2866 addit
401 2818 424 2879 ἡ
449 2823 496 2868 δὲ
516 2819 624 2879 dnm)
657 2818 731 2864 ὕιά
757 2819 952 2878 ῥήματος
978 2821 1093 2864 θεοῦ
1118 2820 1317 2876 (nuntius
1349 2830 1490 2864 unicui
1522 2838 1596 2863 at.-
