1715 3115
126 151 214 196 344
406 150 785 222 EPISTOLA
824 156 927 199 AD
960 155 1330 200 ROMANOS

135 260 349 316 patientia
380 261 593 303 sustinuit
621 276 725 304 vasa
754 263 847 306 irae
878 263 933 306 ad
953 264 1173 309 interitum
1194 264 1424 318 composita
1444 268 1485 308 ct
1507 263 1598 319 qui-

133 317 227 357 dem
248 319 302 371 (s,
325 317 477 372 etiam)
507 325 763 375 propterea,
801 325 848 360 ut
870 321 1140 362 manifestam
1174 321 1335 362 faceret
1358 321 1600 374 benignita-

135 373 196 413 tis
215 387 319 415 suae
342 373 650 415 abundantiam
671 376 786 416 caris
808 376 948 428 vasis,
979 391 1088 433 quae
1107 376 1159 417 ad
1179 377 1450 431 splendorem
1474 390 1601 433 prae-

137 435 363 485 parasset,
401 445 510 487 quos
540 431 672 471 etiam
705 432 906 474 invit-‘uit
935 448 1014 474 nos
1042 447 1125 474 non
1156 434 1295 474 solum
1326 447 1378 474 ex
1403 431 1603 485 Judzmis,

139 483 215 525 sed
249 486 379 527 etiam
413 502 436 528 e
469 486 708 540 gentilibus
729 484 815 530 -ἳ
867 490 940 531 Sic
972 489 1188 530 sublatam
1229 503 1325 530 esse
1359 489 1603 531 sententiae

137 555 178 583 v.
204 541 268 584 18.
289 544 540 598 propositae
560 544 838 600 asperitatem
853 579 864 598 ,
893 546 930 586 si
951 546 1057 587 haec
1079 551 1218 586 tecum
1243 544 1603 598 consideraveris,

137 599 232 652 Ap.
253 597 382 642 dicit:
414 599 451 642 Ι.
474 600 660 641 nondum
681 602 878 644 nocuisse
901 602 1040 643 Deum
1068 603 1389 643 contumacibus
1408 600 1606 655 Judaeis,

139 656 337 708 quamvis
365 657 421 698 iis
450 655 683 712 perdendis
713 658 822 700 iram
852 673 972 700 suam
1002 659 1224 700 declarare
1251 659 1405 708 vellet,
1445 657 1521 700 sed
1538 659 1605 700 in-

139 711 476 763 dulgentissime
496 727 570 754 eos
589 714 746 756 tulisse
776 712 837 770 (εἰ
858 716 905 757 δὲ
926 740 981 746 -
1001 713 1133 770 σκεύη
1157 713 1287 769 ὀργῆς
1306 729 1346 758 V.
1365 714 1479 767 22.):
1517 715 1605 756 cle-

140 768 459 810 mentissimum
482 769 618 822 igitur
635 770 777 813 Deum
798 785 845 813 se
876 771 1030 813 invisis
1059 771 1305 812 hominibus
1329 770 1607 825 praebuisse:

139 819 207 865 Il.
236 823 398 867 idcirco
425 825 566 868 Deum
602 826 704 869 illos
734 828 929 871 homines
959 827 1013 868 ad
1044 829 1351 884 sempiternam
1374 827 1606 882 perniciem

140 884 459 935 composuisse,
496 888 543 922 ut
564 885 863 926 manifestaret
893 887 1024 940 (quae
1042 884 1235 939 alioquin
1265 899 1343 924 nos
1367 885 1542 936 lateret)
1563 884 1607 924 in

139 934 315 978 dilectis
339 939 601 989 hominibus,
631 955 741 996 quos
761 941 814 981 ad
835 948 1037 982 aeternae
1058 941 1171 982 vitae
1192 940 1464 996 splendorem
1482 954 1606 996 prae-

140 1001 367 1048 parasset,
400 995 526 1036 beata
552 996 642 1038 vita
658 997 888 1039 tribuenda
915 1012 1018 1038 suae
1041 996 1364 1038 benevolentiae
1384 995 1609 1038 abundan-

139 1048 269 1093 tiam:
301 1065 396 1092 nam
420 1053 638 1093 contraria
663 1068 686 1095 e
703 1054 936 1095 contrariis
957 1055 1202 1095 elucescere
1221 1054 1410 1109 (v.23.):
1441 1052 1611 1107 sapien-

139 1108 207 1147 ter
238 1105 374 1159 igitur
405 1108 548 1150 Deum
580 1109 658 1151 illo
688 1111 870 1152 consilio
911 1110 1020 1152 inito
1061 1110 1345 1163 benignitatis
1382 1123 1488 1150 suae
1524 1109 1609 1150 vim

141 1164 394 1204 severitatis
430 1166 667 1207 acerbitate
709 1168 927 1208 illustrem
968 1168 1111 1208 facere
1147 1167 1363 1209 voluisse:
1401 1164 1495 1208 ΙΙΙ.
1524 1177 1609 1206 non

144 1219 256 1260 satis
282 1220 420 1263 fuisse
449 1221 545 1264 Deo
577 1223 692 1264 caris
720 1224 966 1264 hominibus
1004 1223 1312 1278 sempiternam
1352 1221 1608 1262 felicitatem

143 1274 402 1329 decernere,
436 1279 523 1327 pisi
555 1278 684 1320 simul
715 1280 980 1331 curavisset,
1020 1280 1132 1321 utin
1153 1294 1229 1321 eos
1249 1279 1439 1319 conferri
1460 1280 1611 1333 posset

143 1332 204 1383 (v,
223 1332 296 1376 24.
324 1330 402 1382 οὓς
430 1336 521 1376 καὶ
551 1332 814 1377 ἐκάλεσεν
843 1333 1001 1391 ἦμᾶς).·
1039 1336 1190 1391 itaque
1221 1335 1362 1376 Deum
1392 1349 1516 1375 suam
1544 1333 1611 1375 di-

142 1387 271 1429 lectis
293 1390 537 1432 hominibus
559 1392 823 1434 voluntatem
843 1407 890 1434 re
910 1392 1156 1434 ostendisse
1176 1406 1315 1447 neque
1337 1406 1411 1432 eos
1434 1389 1611 1442 habere,

145 1445 259 1499 quod
281 1444 333 1487 de
359 1446 454 1488 Deo
472 1454 818 1503 conquerantur:
850 1448 934 1491 lV.
956 1449 1163 1490 latissime
1185 1451 1383 1501 vagatam
1405 1461 1503 1487 esse
1524 1445 1612 1488 Dei

143 1500 472 1556 benignitatem,
503 1507 577 1560 qui
601 1505 800 1546 homines
820 1504 1010 1546 beandos
1029 1505 1262 1546 nonsolum
1276 1518 1327 1545 ex
1344 1502 1525 1546 Judaeis
1537 1501 1614 1544 sed

145 1558 275 1598 etiam
298 1573 320 1599 e
343 1560 579 1612 gentilibus
599 1561 850 1615 collegisset
884 1565 944 1615 (v.
964 1562 1036 1603 24.
1058 1556 1109 1602 οὗ
1129 1561 1264 1611 μόνον
1287 1585 1338 1592 ——
1364 1559 1411 1609 ἐξ
1432 1557 1614 1614 effraim:

146 1612 291 1654 Deum
323 1615 458 1668 igitur
492 1616 700 1673 optimum
723 1632 826 1659 sane
855 1631 950 1659 esse
988 1617 1194 1670 intelligi.
1259 1615 1378 1658 Male
1405 1614 1516 1657 Win.
1546 1629 1615 1668 gr.

146 1683 191 1725 p.
212 1669 311 1713 495.
343 1685 425 1712 non
465 1686 574 1728 opus
611 1687 708 1715 esse
744 1674 787 1716 h.
817 1674 849 1715 l.
901 1673 1021 1714 tanta
1078 1672 1322 1714 sententiae
1360 1671 1616 1727 asperitate,

145 1732 350 1780 quantam
366 1728 788 1785 baeninterpretatio
810 1729 1038 1772 versui23.
1060 1729 1269 1780 includat,
1296 1727 1472 1784 objecit.
1532 1727 1614 1769 Mi-

146 1795 229 1823 nus
258 1784 370 1824 enim
400 1784 553 1826 durum
583 1791 675 1838 est,
719 1787 858 1827 Deum
889 1786 1053 1827 invisos
1084 1784 1280 1826 homines
1309 1787 1360 1824 ad
1386 1784 1617 1840 sempiter-

146 1851 245 1880 nam
276 1840 511 1896 perniciem
542 1843 861 1897 composuisse,
907 1846 955 1883 ut:
987 1842 1139 1882 horum
1171 1841 1307 1882 exitio
1336 1841 1465 1882 ditem
1492 1853 1615 1882 suam

150 1894 241 1936 ben
256 1895 543 1951 iynitcctem
561 1902 602 1939 in
622 1913 747 1940 caros
768 1898 965 1939 homines
986 1898 1257 1939 manifestam
1279 1897 1455 1947 faceret,
1487 1909 1614 1951 quam

150 1952 264 2006 quod
294 1955 385 2009 Ap.
419 1968 459 1998 ν.
483 1956 551 1997 17.
574 1960 616 1996 et
636 1956 706 1998 22.
738 1955 871 1996 claris
902 1954 1048 1997 verbis
1069 1953 1302 2005 indicavit,
1340 1951 1451 1994 illud
1473 1952 1616 1994 Deum

149 2008 331 2061 fecisse,
364 2014 410 2050 ut
439 2013 745 2063 potentium
775 2025 895 2052 suam
926 2018 971 2052 et
1001 2011 1141 2053 iram
1172 2008 1617 2072 reprobatorumsso-

149 2065 312 2105 minum
350 2066 530 2107 interitu
571 2067 837 2110 ostenderet.
907 2066 1063 2122 Neque
1115 2081 1170 2107 an
1219 2079 1366 2108 curere
1409 2077 1617 2116 possemus

149 2122 323 2176 asperti,
354 2136 465 2178 quae
487 2124 718 2180 interpreti
741 2123 999 2179 displiceat,
1029 2121 1245 2164 sententia
1268 2121 1509 2177 quaeritur,
1538 2118 1618 2160 sed

151 2177 357 2232 quidnam
390 2180 690 2234 praecedentis
714 2179 1027 2235 disputationis
1056 2178 1280 2220 subtilitas
1311 2177 1376 2217 vel
1409 2177 1521 2216 serat:
1550 2175 1618 2217 vel

149 2232 280 2274 etiam
314 2235 524 2290 postulet.
595 2235 722 2277 Nihil
749 2236 897 2288 video,
938 2236 992 2277 ob
1022 2234 1137 2290 quod
1159 2237 1265 2275 hanc
1285 2232 1616 2289 explicationem

150 2289 275 2344 prius
302 2291 499 2346 exposita
529 2290 790 2334 deteriorem
822 2297 939 2333 recte
961 2290 1159 2347 judices,
1199 2288 1284 2330 nisi
1312 2287 1426 2344 quod
1447 2288 1619 2345 simpli-

151 2345 247 2387 cius
279 2360 318 2389 v·
350 2361 389 2390 ν.
409 2347 481 2390 215.
515 2350 590 2390 καὶ
616 2345 687 2389 ἵνα
706 2345 895 2404 γνωρίσῃ
916 2348 971 2387 ab
995 2346 1166 2401 ἤνεγκεν
1188 2352 1296 2396 etc.,
1335 2358 1461 2402 quam
1486 2358 1509 2384 a
1533 2359 1616 2385 κα-

151 2402 417 2455 τηρτισμένα
429 2399 491 2451 εἷς
510 2400 737 2446 ἀπώλειαν
755 2403 964 2459 suspendi
986 2402 1067 2443 tibi
1087 2400 1328 2444 videantur.
1388 2399 1465 2443 Ne.
1482 2399 1618 2442 Prae-

151 2455 435 2500 destinatiani
473 2459 672 2514 quidem,
717 2474 741 2501 a
782 2460 942 2515 quibus
969 2459 1077 2500 solis
1118 2458 1161 2501 h.
1196 2458 1227 2500 l.
1257 2456 1460 2513 proficias
1499 2458 1618 2510 (nam

151 2514 661 2567 Antipraedestinatiani
697 2514 746 2559 P.
773 2516 901 2557 verba
935 2519 1262 2571 perverterunt,
1292 2526 1376 2554 non
1398 2513 1619 2569 explicue-

153 2571 294 2620 runt),
329 2572 438 2611 satis
470 2572 696 2614 subtiliter
727 2573 839 2613 hunc
871 2573 902 2613 l.
923 2571 1202 2626 interpretati
1235 2575 1351 2610 sunt.
1408 2567 1532 2610 Beza
1562 2565 1620 2608 ad

152 2639 192 2668 v.
214 2625 309 2669 22.:
337 2627 491 2677 „Dicit
508 2653 562 2658 —
579 2627 699 2681 (R),
729 2642 868 2683 neque
888 2628 1064 2668 exitium
1087 2626 1439 2681 reprobatorum,
1479 2636 1620 2678 neque

153 2682 340 2722 salutem
371 2683 607 2724 electorum
638 2698 735 2725 esse
755 2685 954 2725 ultimum
975 2684 1102 2723 linem
1131 2681 1298 2722 aeterni
1319 2681 1442 2722 illius
1461 2692 1620 2735 propo-

152 2737 253 2788 siti,
294 2737 370 2778 sed
401 2738 603 2794 quiddam
636 2740 761 2792 longe
793 2738 1114 2796 praestantius,
1153 2737 1294 2793 ipsius
1321 2736 1409 2777 Dei
1437 2736 1618 2799 yloritfm

152 2792 383 2846 videlicet,
425 2797 500 2852 qui
532 2810 653 2838 suam
682 2803 772 2838 tum
801 2795 1036 2850 potentiam
1064 2802 1153 2836 tum
1183 2792 1518 2836 misericordiam
1556 2795 1618 2832 lta
