1715 3115
581 169 740 215 cAP.
772 169 834 214 X.
877 169 971 216 Vs.
1006 171 1102 217 19..
1478 173 1565 215 419

92 285 187 332 tae,
216 290 318 334 quos
335 288 426 319 rem
445 273 556 317 seae're
574 273 819 327 oportebat,
849 287 933 316 non
955 272 1178 315 sciverunt
1197 285 1288 313 rem
1302 268 1344 325 2)
1373 287 1470 315 eum
1495 274 1561 317 lo-

88 351 184 378 cum
214 333 440 386 assignat,
477 331 520 371 in
552 345 638 386 quo
664 331 867 373 emineat.
927 329 995 373 Cf.
1029 331 1049 370 l
1080 329 1183 372 Cor.
1215 329 1362 378 11,22.
1389 328 1450 385 μὴ
1475 331 1560 386 γὰρ

89 388 278 439 οἰκίας
305 395 439 445 (quae
463 387 560 443 ipso
591 389 707 439 ioco,
743 401 828 443 quo
855 391 1077 444 ponuntur
1104 401 1127 427 a
1162 383 1216 441 τῇ
1243 385 1454 451 ἐκκλῃσίᾳ
1479 389 1559 429 τοῦ

85 449 200 490 θεοῦ
220 447 582 499 distinguuntur,
611 459 650 488 v.
679 445 873 500 proxima
902 457 940 487 v.
969 449 1014 485 et
1040 457 1080 486 ν.
1115 443 1208 492 18.)
1236 437 1316 483 οὐκ
1346 441 1465 494 ε’χετε
1493 442 1559 494 εἰς

85 503 137 546 τὸ
157 502 328 546 ἐσθίειν
351 504 423 542 καὶ
453 500 622 552 πίνεινς
664 500 809 543 LXX.
838 499 931 544 Jer.
959 500 1056 552 8‚4.
1086 498 1147 554 μὴ
1178 496 1201 541 ὃ
1232 497 1449 540 πίπτων
1478 497 1558 542 οὐκ

84 558 341 609 ἆνίσταταις
367 554 395 614 ἢ
415 554 437 599 ὁ
460 554 758 613 ἀποστρέφων
777 555 857 598 οὐκ
878 555 1173 611 ἐπιστρέψει;
1204 553 1438 597 Praeterea
1461 571 1558 599 ver-

84 618 238 659 borum
260 615 365 657 ordo
388 614 461 670 qui
486 614 691 667 vulgatur
711 628 734 654 a
754 613 955 654 librariis
980 614 1202 667 profectus
1224 615 1306 662 est,
1330 613 1405 668 qui
1424 628 1555 669 quum

83 675 200 716 inter
221 669 554 714 describendum
579 671 692 711 alias
727 684 801 711 res
832 675 1017 723 agerent
1044 670 1102 711 ad
1128 668 1256 711 verba
1281 669 1429 722 paullo
1456 676 1557 713 ante

82 731 248 785 scrae'pta
269 745 310 772 v,
336 730 403 771 18.
421 744 451 780 μ
468 724 490 781 1)
517 723 612 768 οὐκ
631 719 897 784 ἥκουσανς
933 726 1245 768 vocabulorum
1276 738 1316 768 v.
1338 727 1407 769 19.
1436 728 1556 783 posi-

51 818 54 821 -
82 794 227 829 turam
250 783 633 826 accommodarunt
653 783 732 837 (μὴ
753 782 847 825 οὐκ
870 780 1005 836 ἔγνω
1022 781 1255 839 Ἰσραήλς).
1298 779 1361 837 μὴ
1379 780 1556 840 Ἰσραὴλ

85 843 166 885 οὐκ
187 839 336 896 ἐ’γνω;]
370 842 467 883 scii.
490 837 559 881 ὅτι
578 838 643 889 εἷς
672 841 821 880 πᾶσαν
846 835 922 894 τήν
951 841 1031 895 γῆν
1060 835 1418 888 ἐξελεύσεται
1446 843 1555 894 (ηοη

83 899 294 954 ἐξῆλθεν,
324 897 494 950 Meyer.
509 930 520 951 ‚
547 898 603 940 cf.
623 910 664 940 V.
687 898 755 940 19.
778 903 821 937 et
841 897 935 949 20.)
960 893 983 939 ὁ
1006 894 1210 951 φθόγγος
1229 890 1374 936 αὐτῶν
1392 897 1466 938 καὶ
1490 895 1556 946 εἷς

81 955 138 997 τὰ
158 954 329 1010 stipat-a
349 956 426 1009 τῆς
446 951 704 1009 οἰκουμένης
725 951 780 994 τὰ
799 950 975 1008 ῥήματα
993 948 1149 1001 αὐτῶν,
1173 965 1283 1009 quae
1306 966 1344 996 v.
1367 966 1390 993 e
1405 967 1468 996 vs.
1486 955 1554 1000 18.

83 1018 228 1054 mente
252 1009 488 1069 repetenda
510 1016 637 1053 sunt:
675 1025 775 1051 num
801 1009 1029 1052 Israelitae
1057 1010 1240 1065 (quibus
1268 1022 1340 1051 res
1371 1010 1554 1052 manife-

81 1068 237 1111 standa
262 1069 428 1120 suerat,
459 1082 498 1110 v.
518 1067 676 1123 supra)
705 1081 788 1108 non
820 1067 1044 1108 sciverunt
1074 1066 1197 1120 (soh.
1216 1068 1256 1119 7,
1269 1066 1340 1108 27.
1360 1064 1489 1110 Rom.
1510 1069 1554 1120 7,

82 1127 200 1178 15.),
230 1140 303 1181 up.
325 1125 548 1166 doctorum
570 1123 884 1165 messianoruun
908 1124 1036 1165 verba
1058 1123 1103 1164 in
1124 1124 1302 1164 ultimas
1331 1127 1552 1166 terrarum

81 1197 183 1224 oras
205 1181 258 1222 ad
279 1196 471 1238 paganos
494 1187 776 1237 penetratura
809 1176 940 1223 esse?
980 1179 1144 1222 Veram
1168 1195 1266 1222 esse
1285 1180 1396 1220 hanc
1417 1181 1553 1223 inter-

81 1239 372 1297 pretationem
394 1238 695 1288 oraculorum,
727 1238 887 1294 quibus
911 1243 1026 1279 mota
1049 1236 1266 1279 dubitatio
1295 1236 1358 1291 μὴ
1377 1234 1553 1293 Ἰσραὴλ

81 1293 162 1338 οὐκ
196 1291 331 1349 ἔγνως
370 1295 572 1347 tollitur,
605 1308 643 1337 v.
677 1295 746 1336 19.
777 1300 821 1336 et
847 1294 918 1338 20.
945 1299 1248 1348 argumentum
1279 1293 1422 1336 docet.
1492 1294 1551 1337 Et

79 1351 206 1394 multi
229 1351 359 1408 hujus
380 1352 465 1392 loci
486 1350 747 1391 sententiam
780 1350 888 1391 bene
918 1349 1149 1406 assequuti
1179 1355 1282 1391 sunt
1309 1349 1551 1404 (Piscator,

83 1407 302 1460 Turrem,
331 1405 557 1458 Rosenm„
592 1405 738 1458 Mor„
776 1408 940 1460 Κυρμ,
980 1404 1154 1448 Koelln.
1185 1407 1290 1458 aL),
1329 1405 1407 1447 sed
1440 1419 1549 1460 quo-

78 1464 206 1506 modo
244 1478 267 1505 e
307 1463 455 1506 verbis
490 1462 680 1504 eruenda
719 1467 840 1504 esset
870 1476 954 1503 non
986 1461 1289 1504 ostenderunt.
1358 1461 1549 1509 Temere

77 1520 224 1564 Bezu:
254 1534 353 1562 num
372 1518 513 1562 lsrael
534 1533 617 1561 non
637 1519 841 1572 cognovit
859 1514 1060 1561 Deum?
1090 1518 1206 1560 Male
1227 1520 1358 1560 etiam
1373 1518 1517 1571 Chrys,
1536 1539 1546 1564 :

76 1591 177 1619 num
200 1577 434 1619 israelitae
454 1591 539 1618 non
559 1576 878 1618 intellexerunt
898 1575 995 1618 scil.
1015 1574 1071 1616 τὰ
1089 1572 1299 1631 εἰρημένα
1317 1577 1441 1631 (oee.
1466 1581 1554 1624 τοῦ·

76 1630 355 1689 κηρύγματος
380 1632 460 1688 τὴν
488 1634 694 1685 δύναμιν,
744 1632 860 1676 Olsh.
885 1628 938 1673 τό
964 1629 1164 1686 κήρυγμα
1193 1631 1273 1688 τῆς
1309 1632 1545 1688 πίστεως).

74 1689 307 1732 Emanavit
328 1691 432 1732 haee
452 1689 759 1746 interpretatio
782 1704 805 1730 e
831 1688 946 1730 falsa
976 1689 1206 1745 opinione,
1247 1704 1310 1733 vs.
1340 1692 1410 1733 16.
1439 1706 1545 1753 sqq,

78 1761 165 1787 non
192 1747 246 1787 de
278 1748 543 1801 gentilibus,
581 1745 660 1787 sed
691 1745 744 1787 de
771 1746 948 1788 Judaeis
980 1746 1219 1802 disputari.
1292 1746 1556 1805 Redarguit

77 1817 172 1844 earn
195 1801 396 1858 Ἰσραήλ,
437 1817 489 1844 eo
519 1803 806 1857 praesertim,
849 1816 937 1858 quo
965 1816 988 1842 a
1014 1800 1064 1845 P.
1092 1803 1352 1845 collocatum
1385 1812 1456 1847 est
1481 1815 1546 1867 (γ,

76 1860 234 1915 supra)
252 1860 346 1900 loco
368 1859 558 1914 positum
579 1873 620 1901 v.
639 1860 727 1903 19..
785 1857 898 1900 Nam
920 1858 958 1899 si
977 1863 1069 1900 toto
1086 1858 1182 1899 loco
1203 1874 1242 1902 v.
1266 1860 1335 1902 16.
1357 1873 1458 1918 sqq.
1492 1863 1548 1906 de

78 1914 302 1957 Israelitis
321 1921 548 1967 ageretur,
578 1928 642 1957 vs.
666 1916 733 1956 16.
762 1913 1127 1956 commemorandi
1156 1915 1369 1968 fuissent,
1403 1930 1441 1960 v,
1477 1920 1548 1966 19.

71 1970 247 2027 Ἰσραήλ
270 1971 434 2024 insigni
454 1985 548 2012 cum
571 1970 762 2026 pondere
781 1976 882 2027 post
896 1967 958 2025 μή
985 1971 1173 2012 locatum
1203 1974 1375 2014 ratione
1406 1974 1548 2018 desti-

78 2034 292 2072 tueretur.
362 2027 519 2084 Neque
559 2027 824 2068 intellexisse
860 2026 1085 2069 Israelitas
1112 2031 1374 2083 emmyelinm
1404 2029 1549 2077 Mosis

77 2088 302 2128 oraculum
322 2083 457 2128 Dent.
480 2084 634 2135 32,21.
654 2083 865 2126 ostendit.
921 2081 1080 2139 Itaque
1110 2083 1222 2137 alia,
1269 2100 1398 2143 quam
1434 2104 1548 2145 quae

76 2141 414 2184 demonstranda
435 2147 546 2192 erat,
575 2140 792 2182 sententia
814 2154 865 2181 ex
886 2153 936 2180 eo
959 2140 1163 2195 repetita,
1186 2143 1378 2193 potuisse
1398 2142 1548 2189 Israe-

75 2199 181 2242 litas
201 2199 420 2252 evangelii
438 2198 521 2239 vim
542 2212 596 2239 ex
619 2210 668 2238 eo
690 2211 975 2251 cognoscere,
1011 2194 1128 2253 quod
1149 2197 1288 2242 Masis
1319 2204 1547 2246 oraculum

75 2256 120 2297 in
141 2256 379 2309 gentilibus
400 2261 597 2295 eventum
618 2253 825 2295 habuisse
847 2253 1087 2307 vidissent,
1119 2253 1258 2296 Mosis
1279 2254 1377 2301 1000
1396 2260 1549 2304 doceri

6 2351 12 2364 ,
77 2313 245 2369 opinati
261 2319 362 2354 sunt
383 2315 443 2366 (ν.
467 2312 609 2364 Chry-⁵⁸.
634 2317 677 2352 et
694 2311 829 2364 Oea).
889 2309 1097 2352 Imitatus
1119 2319 1189 2352 est
1214 2311 1296 2354 hos
1321 2317 1548 2372 interpre-

77 2377 147 2410 tes
171 2383 308 2426 nuper
329 2368 514 2411 Rueck:
552 2381 651 2408 num
678 2365 911 2409 israelitae
948 2381 1031 2408 non
1060 2378 1384 2425 perspexerunt
1414 2387 1548 2416 evan-

78 2425 240 2477 gelium
261 2429 356 2483 (np.
376 2429 423 2466 ut
444 2424 570 2466 fidem
593 2423 634 2465 ei
655 2422 894 2481 adjungere
917 2421 1155 2480 possenti?
1195 2424 1288 2479 Qui
1312 2435 1401 2470 tam
1432 2437 1547 2474 tecte

78 2480 262 2524 Paulum
280 2482 405 2526 V.T.
429 2480 620 2523 oraculis
642 2480 695 2521 ad
717 2482 1032 2534 interrogatum
1052 2480 1113 2535 μὴ
1129 2479 1305 2539 Ἰσραήλ
1322 2481 1548 2541 οὗχέγνως

78 2538 371 2595 respondere,
418 2543 468 2580 ut
497 2537 593 2596 ejus
626 2543 812 2579 mentem
851 2536 1100 2591 conjectura
1135 2538 1331 2581 fortasse
1370 2546 1548 2599 assequi

78 2595 314 2653 possimus,
331 2609 355 2637 e
377 2595 523 2637 verbis
543 2598 662 2635 certo
684 2608 835 2635 eruere
858 2594 1188 2649 nequeamus(.¹)
1209 2598 1440 2652 praefatus
1452 2601 1546 2642 Μο-

77 2652 143 2693 sis
160 2653 336 2694 oraculo
358 2652 438 2693 hoe
468 2651 653 2693 subesse
681 2650 891 2693 credidit:
927 2655 1054 2705 (sane
1089 2649 1332 2696 lsi-nolitne
1362 2671 1550 2709 evange-

77 2708 186 2750 lium
210 2708 542 2762 intellexerunt)
563 2722 658 2748 nam
680 2713 725 2748 ut
747 2708 849 2748 olim
869 2711 981 2748 teste
1004 2706 1126 2748 Mose
1147 2708 1253 2753 Dea
1268 2711 1334 2752 sin
1358 2713 1546 2754 Israeli..

80 2769 150 2806 tas
181 2764 378 2819 benignus
406 2765 516 2821 fuit,
562 2763 789 2806 Israelitae
814 2765 857 2805 in
883 2765 1024 2806 Deum
1053 2763 1217 2818 inyrcctc'
1244 2767 1444 2823 fuerunt,
1485 2770 1548 2811 ita

81 2833 195 2864 nunc
217 2835 391 2877 quoque
410 2822 640 2865 Israelitae
658 2820 746 2863 Dea·
769 2820 1090 2918 bem‘ynitutie3nd
1104 2821 1272 2903 {gyrato
1301 2825 1441 2867 animo
1469 2840 1546 2868 re-

1121 2904 1149 2918 ...
