1715 3115
154 196 243 240 ⁴94
439 195 818 241 EPISTOLA
845 198 947 242 AD
976 197 1334 245 ROMANOS

157 298 260 346 ὁους
279 311 389 339 nunc
409 296 599 338 homines
618 298 784 342 Christo
806 299 976 352 insitos,
1006 313 1117 342 nnnc
1138 302 1347 355 apostolos
1362 305 1406 344 et
1422 303 1611 358 prophe-

155 358 223 396 ius
242 355 326 395 Dee·
344 354 676 409 interpretatur.
731 355 958 397 Debuerat
980 357 1135 398 saltem
1153 357 1231 410 τὴν
1248 353 1447 414 ἀπαρχήν
1467 364 1513 401 et
1536 359 1614 416 τὴν

152 410 278 464 ῥίζαν
300 409 355 450 ad
376 410 624 462 Christum,
654 409 705 452 τὸ
726 409 910 467 φύραμα
930 417 975 453 et
994 413 1096 461 τοὺς
1118 412 1304 462 κλάδους
1325 416 1379 456 ad
1405 417 1614 472 populum

147 466 272 523 jud.,
320 480 343 506 a
376 481 460 522 qno
489 465 692 508 Christus
720 468 949 510 humanam
980 469 1189 523 originem
1219 470 1395 523 habuit,
1444 473 1612 514 referre

150 527 212 574 (v.
236 522 420 577 1¹elay.).
480 521 751 578 Quamquam
775 539 826 566 ne
849 525 926 566 hoc
947 525 1119 580 quidem
1148 530 1264 567 recte
1293 527 1449 568 sactum
1476 534 1612 572 esset.

150 578 359 622 Judaicos
383 579 552 622 Christi
574 581 741 620 natales
763 581 1036 636 splendorem
1059 588 1102 622 et
1123 581 1254 624 decus
1279 584 1442 624 nationi
1472 585 1611 626 israe-

149 635 299 676 liticae
317 633 474 677 afferre
498 634 549 679 P.
568 635 679 677 dixit
696 638 736 688 9,
747 638 814 680 3.;
852 638 953 679 illos
985 638 1206 690 effecisse,
1238 643 1284 680 nt
1305 637 1610 682 Israelitarum

150 692 340 748 populus
367 691 463 733 Deo
492 706 616 733 sacer
643 699 686 733 et
716 698 868 747 gratus
897 708 993 736 esse
1022 694 1234 751 inciperet
1263 709 1314 736 ne
1340 695 1484 751 potuit
1513 698 1610 753 qui-

148 747 246 788 dem
269 749 505 791 affirmare.
559 748 764 805 Denique
785 764 870 791 non
895 756 985 803 est,
1025 751 1138 806 quod
1167 765 1242 792 eos
1268 765 1452 806 operose
1479 754 1610 795 refel-

148 804 318 856 lamus,
364 805 439 860 qui
469 804 557 846 alio
588 805 711 862 prius
741 806 1000 862 membrum,
1041 807 1129 848 alio
1159 808 1379 863 posterius
1405 809 1610 851 traduxe-

145 869 275 913 runt,
307 860 654 917 quandoquidem
680 865 852 918 uir-oque
872 865 1061 904 membro
1084 863 1135 904 de
1155 864 1414 916 patriarchis
1435 879 1607 907 corum-

147 931 226 973 que
253 920 434 972 posteris
462 919 535 973 agi
565 932 698 974 supra
725 919 962 962 ess'ecimns.
1020 920 1209 961 Stolzins
1236 923 1279 961 et
1308 919 1507 963 Reichae'us
1532 921 1609 978 τὴν

145 971 349 1028 ἀπαρχήν
379 975 475 1031 pios
507 973 726 1027 Judaeos‚
773 975 849 1031 qui
878 975 1055 1019 Christo
1086 976 1212 1017 iidem
1253 977 1507 1030 habuerint,
1554 978 1605 1018 τὸ

146 1027 333 1085 φύραμα
351 1035 519 1072 ceteros
538 1031 728 1075 Judaeos
741 1063 752 1083 ,
782 1031 858 1087 τὴν
878 1031 1002 1087 ῥίζαν
1021 1032 1293 1088 patriarchas
1312 1038 1355 1073 et
1371 1032 1477 1081 τούς
1497 1030 1607 1074 κλά-

145 1087 251 1135 δους
269 1100 417 1128 eornm
440 1094 642 1143 posteros
655 1094 929 1131 enarrarunt.
966 1088 1262 1140 Theodoram,
1279 1088 1408 1132 schol.
1423 1088 1606 1147 Mame„

143 1142 295 1197 Pelay.
317 1142 395 1195 τὴν
420 1142 621 1200 ἀπαρχήν
641 1144 863 1187 Christum
894 1141 961 1196 (τό
992 1142 1176 1200 φύραμα
1193 1144 1494 1186 Hebraeorum
1523 1159 1605 1202 po·-

143 1199 310 1253 puium,
332 1199 1048 1256 1’elay.)vr)vQigavarahamum
1072 1207 1115 1242 et
1132 1200 1235 1249 τοὺς
1257 1198 1444 1250 κλάδους
1456 1201 1603 1243 Abra-

141 1255 259 1296 hami
279 1262 480 1311 posteros
509 1256 596 1298 dici
624 1257 791 1313 opinati
820 1261 936 1299 sunt.
1007 1257 1273 1299 Gloecklerus
1299 1255 1378 1310 τὴν
1404 1255 1604 1316 ἀπαρχήν

142 1311 391 1364 Christum,
419 1307 471 1354 τὸ
490 1310 673 1368 φύραμα
695 1313 890 1355 homines
911 1313 1201 1364 christianos,
1229 1311 1306 1369 τὴν
1334 1311 1456 1368 ῥίζαν
1483 1328 1602 1356 men-

139 1368 201 1409 tis
225 1369 446 1424 animique
477 1370 777 1421 sanctitatem,
814 1367 918 1418 τούς
945 1366 1134 1419 κλάδους
1160 1371 1278 1413 vitae
1304 1370 1600 1425 integritatem

139 1428 186 1466 et
204 1425 312 1466 bene
330 1426 442 1466 facta
464 1431 616 1468 notare
637 1426 723 1467 sihi
743 1426 1008 1483 persuasitl!

253 1481 311 1524 V.
333 1483 402 1526 17.
427 1487 470 1523 et
490 1482 560 1525 18.
620 1482 807 1524 Dixerat
829 1481 881 1526 P.
913 1496 954 1525 v.
980 1483 1075 1525 16.:
1114 1480 1153 1522 si
1180 1481 1317 1538 stirps
1344 1481 1443 1522 Deo
1471 1494 1598 1525 sacra

138 1540 184 1578 et
202 1542 327 1591 grata
347 1540 428 1590 sit,
458 1552 602 1580 ramos
621 1540 788 1594 pariter
809 1540 849 1580 ei
868 1552 1016 1580 sacros
1038 1543 1082 1578 et
1107 1543 1307 1593 acceptos
1334 1551 1454 1589 esse,
1489 1553 1598 1594 quo-

136 1593 252 1634 niam
270 1595 347 1635 ilia
372 1595 450 1636 hos
469 1600 694 1636 consecret
713 1596 757 1638 h.
776 1609 816 1638 e.
837 1595 876 1635 si
896 1593 1169 1649 patriarchae
1190 1595 1286 1635 Deo
1306 1594 1420 1634 sacri
1440 1601 1483 1635 et
1505 1596 1597 1637 cari

137 1649 251 1702 sint,
282 1651 411 1692 etiam
433 1664 580 1691 eorum
603 1656 803 1706 posteros
831 1663 854 1690 a
878 1649 973 1691 Deo
1003 1649 1153 1702 diligi,
1192 1650 1291 1705 qnia
1320 1650 1596 1706 patriarchae

134 1707 390 1762 progeniem
428 1720 550 1747 suam
580 1707 678 1748 Deo
718 1721 867 1748 sacros
896 1705 1182 1747 reddiderint.
1251 1705 1391 1760 Quam
1420 1713 1596 1748 senten-

135 1763 243 1803 tiam
271 1765 350 1804 hoc
379 1768 634 1816 argumento
662 1762 716 1803 ab
745 1762 932 1803 ethnicis
963 1761 1206 1818 oppugnari
1234 1775 1364 1817 posse
1392 1776 1462 1818 ap.
1501 1764 1596 1804 ani-

135 1819 391 1862 madvertit:
422 1818 667 1860 effuderunt
695 1818 856 1862 Judaei
884 1817 970 1859 Dei
997 1818 1182 1871 gratiam
1211 1817 1295 1858 fide
1315 1817 1492 1860 Christo
1520 1833 1595 1861 ne·-

134 1874 236 1929 gata
258 1881 302 1916 et
322 1889 425 1927 nos,
456 1875 664 1928 gentiles,
699 1875 775 1930 qui
805 1874 930 1916 nobis
951 1874 1038 1916 Dei
1069 1874 1251 1927 gratiam
1281 1873 1364 1915 fide
1389 1875 1595 1916 concilia-

133 1932 302 1985 vimus,
351 1946 498 1973 eorum
528 1932 669 1973 locum
700 1930 814 1986 apud
845 1930 992 1972 Deum
1021 1930 1307 1982 obtinuimus,
1353 1930 1395 1973 h.
1432 1945 1497 1982 e.‚
1545 1936 1594 1973 ut

133 1991 254 2030 tuam
282 1988 612 2030 similitudinem
643 1988 968 2039 continuemus,
1007 1986 1145 2029 excisi
1170 1986 1284 2028 rami
1309 1985 1399 2041 (bie
1426 1987 1594 2044 Smeige)

132 2049 254 2096 sunt,
283 2058 357 2086 uos
376 2046 504 2098 stirpi
523 2045 643 2086 insite·
662 2058 821 2087 sumus.
886 2044 1036 2095 Hanc,
1067 2056 1176 2098 quac
1206 2043 1259 2082 ab
1288 2042 1472 2083 ethnicis
1500 2058 1592 2085 mo-
1640 2057 1643 2061 ’

131 2101 226 2143 veri
246 2101 483 2157 potuisset,
522 2099 837 2141 dubitationem
867 2100 927 2141 ita
950 2099 1002 2143 P.
1031 2113 1072 2142 v·
1101 2100 1170 2141 17.
1197 2104 1242 2140 et
1269 2098 1337 2141 18.
1362 2099 1504 2152 tollit,
1543 2103 1591 2144 ut

129 2157 275 2214 primo
304 2171 445 2199 omnes
472 2171 618 2198 ramos
648 2157 866 2198 defractos
893 2169 988 2199 esse
1016 2154 1046 2197 i.
1077 2169 1116 2198 e.
1146 2168 1292 2195 omnes
1320 2155 1589 2210 patriarcha-

130 2227 228 2255 rum
265 2220 467 2270 posteros
509 2212 646 2254 divini
683 2213 847 2254 favoris
867 2212 1085 2270 jacturam
1112 2212 1269 2252 fecisse
1299 2216 1426 2265 neget
1451 2209 1511 2263 (εἰ
1540 2209 1590 2254 δέ

130 2290 256 2324 τινες
272 2280 357 2320 τῶν
375 2277 546 2320 κλάδων
567 2277 896 2335 ἐξεκλάσθησαν
914 2292 953 2322 v.
976 2278 1088 2331 17.),
1118 2276 1273 2318 deinde
1293 2277 1448 2317 malam
1471 2277 1586 2335 exci-

131 2351 280 2379 sorum
303 2349 520 2376 ramorum
548 2335 790 2387 fortunam,
832 2335 861 2378 i.
891 2348 930 2376 e.
960 2333 1130 2374 tristem
1151 2332 1412 2376 Judaeorum
1440 2345 1464 2372 a
1486 2333 1586 2375 Deo

129 2392 460 2450 repudiaturum
490 2397 652 2433 sortem
685 2405 767 2432 non
799 2405 849 2432 eo
880 2390 1052 2442 valere,
1092 2393 1140 2430 ut
1166 2390 1263 2442 pios
1292 2387 1481 2432 Judaeos
1510 2403 1585 2431 su-

128 2449 265 2506 perbe
286 2454 558 2489 contemnere
586 2448 820 2501 gentilibus
853 2460 1101 2487 concessum
1132 2445 1192 2486 sit
1218 2449 1402 2487 moneat.
1467 2443 1583 2488 Nam

131 2505 262 2562 stirpi
282 2505 441 2545 insitos
469 2518 613 2546 ramos
642 2518 666 2545 a
693 2503 837 2545 radice
866 2502 1099 2553 sustineri,
1139 2515 1222 2542 non
1251 2501 1439 2543 vicissim
1465 2501 1584 2542 radi-

131 2576 222 2604 cem
244 2561 299 2601 ab
329 2560 477 2602 insitis
500 2560 634 2602 ramis
662 2560 691 2603 i.
718 2574 758 2603 e.
788 2559 923 2601 divini
951 2558 1116 2600 favoris
1143 2557 1414 2613 adeptionem
1443 2557 1584 2615 ethni-

129 2632 204 2659 cos
226 2616 514 2674 patriarchis,
543 2630 626 2657 non
648 2617 919 2672 patriarchas
944 2614 1131 2656 ethnicis
1157 2617 1372 2668 acceptam
1400 2613 1582 2659 referre.

129 2673 318 2715 Temere
340 2672 475 2726 igitur
501 2687 525 2713 a
559 2673 741 2729 paganis
768 2671 962 2713 homines
990 2671 1162 2726 sperni,
1197 2668 1582 2726 quorummaj0ri-

127 2729 211 2771 hus
240 2743 450 2772 summum
477 2734 773 2770 ornamentum
802 2727 984 2769 debeant
1012 2730 1072 2781 (V.
1102 2727 1170 2768 17.
1201 2731 1245 2766 et
1267 2725 1373 2777 18.).
1435 2726 1580 2774 τινὲς

127 2787 214 2827 τῶν
234 2785 420 2840 κλάδων]
452 2783 594 2839 Quum
616 2784 776 2840 oppido
794 2797 955 2841 paucos
974 2782 1164 2826 Judaeos
1183 2780 1305 2822 Deus
1324 2781 1472 2821 favore
1491 2793 1579 2821 am-

129 2842 284 2899 plexus
317 2848 434 2885 esset
458 2841 535 2897 (cf.
566 2839 714 2894 GleryS.
741 2847 785 2884 et
811 2855 851 2885 v.
877 2839 919 2885 5.
946 2840 996 2882 τὸ
1025 2838 1228 2892 λεῖμμα),
1273 2850 1423 2880 eorum
1448 2836 1579 2891 longe
