1715 3115
492 161 1236 211 CAP.V111.vs.3.et4..
1547 171 1603 211 97

127 275 260 322 esset,
291 283 376 312 non
397 270 482 312 nisi
504 271 931 314 similitudinem
954 271 1131 314 humani
1150 272 1348 325 corporis,
1368 272 1476 327 qemrl
1497 273 1594 313 l’vc-

126 328 573 382 caticiemancipulum
608 333 742 379 esset,
779 329 981 372 referret.
1049 330 1188 371 Homo
1218 328 1425 372 Christus
1456 330 1593 371 exsti-

126 385 279 434 tisset,
318 385 357 425 si
380 399 510 440 quum
535 385 648 425 inter
678 385 875 426 homines
904 385 1094 438 xis-eret,
1133 400 1270 442 purus
1302 389 1433 442 putus
1464 386 1591 428 homo

124 441 309 490 fuisset3
338 448 383 482 at
402 441 611 482 hominnm
632 441 910 484 similitudine
932 442 1117 484 amictus
1137 442 1309 484 exstitit
1332 441 1472 495 (Phil.
1494 443 1590 494 2,⁷.

123 495 170 540 ἐν
188 493 435 549 ὁμοιώματι
457 494 704 552 ἀνθρώπων
723 495 935 552 ἐγένετο),
968 500 1068 554 quia
1093 512 1246 540 numen
1272 499 1356 541 fuit
1381 498 1590 550 divinum,

123 553 242 610 quod
273 569 403 610 quum
436 561 541 595 nutu
573 569 652 595 suo
686 555 827 596 omnia
858 569 1011 606 regere
1042 556 1260 612 potuisset
1288 555 1403 605 (Col.
1440 558 1474 606 l,
1498 558 1590 610 17.)

121 611 266 652 divina
286 611 425 651 forma
446 625 540 651 cum
565 611 677 652 servi
699 611 802 652 hero
824 611 1001 654 ohnoxii
1022 613 1158 654 forma
1188 612 1241 653 ad
1272 618 1442 668 tempus
1470 626 1588 654 com-

122 667 291 709 mutata
320 668 532 708 hominnm
570 668 892 709 similitudinem
930 669 1129 720 rettulit,
1181 683 1310 724 quum
1352 669 1587 712 humanum

120 738 296 780 corpus,
316 729 521 779 tanquam
543 731 719 775 vestem,
743 723 958 766 induisset
976 723 1116 779 (Phil.
1139 725 1374 774 2,6-8.).
1434 725 1585 781 Quare

121 795 263 837 neque
285 781 391 822 haec
413 780 465 823 P.
488 781 617 821 verba
640 778 714 823 τὸν
732 775 891 822 ἑαυτοῦ
912 778 1006 822 υἱὸν
1029 781 1131 832 πέμ
1148 789 1254 833 ψας
1288 781 1342 824 ἐν
1370 777 1498 833 ὃμοι
1514 779 1587 823 ώ-

120 852 252 890 ματι
285 833 810 892 σαρκι)ςἍμαρτίας
847 851 986 894 neque
1018 852 1127 893 quae
1162 837 1278 880 Phil.
1306 839 1401 890 2,7.
1431 840 1586 892 legun-

120 900 195 936 tur
212 893 479 935 Docetarum
501 909 524 935 ο
561 894 746 934 inionem
767 892 989 945 redolent,
1030 899 1077 936 ut
1104 894 1190 936 sibi
1212 894 1311 938 dW.
1345 897 1583 950 persuasit.

121 949 325 993 Ceterum
364 949 476 992 illud
542 950 683 992 e'eichii
718 957 1018 1005 argumentum
1060 952 1306 1007 speciosum
1350 957 1490 1004 esset,
1544 953 1585 995 si

120 1002 328 1058 ὁμοίωμα
353 1006 396 1050 h.
426 1008 459 1050 l.
483 1006 668 1060 fiquram
697 1008 840 1063 Apoc.
871 1009 962 1059 9‚7.
992 1007 1172 1051 valeret.
1239 1009 1312 1049 Sic
1343 1009 1454 1049 enim
1487 1009 1582 1065 Ap.

120 1062 301 1107 Christo
329 1077 479 1117 corpus
510 1063 712 1105 Peccatui
742 1064 936 1106 obediens
963 1064 1176 1106 tribueret
1205 1063 1350 1118 (Deus
1381 1065 1471 1105 lilio
1501 1080 1581 1107 suo

121 1120 272 1172 misso,
292 1119 360 1160 eui
383 1121 569 1173 corporis
584 1120 784 1161 Peccatm·
802 1120 1124 1176 obnoxiiforma
1136 1125 1291 1174 esset),
1313 1121 1397 1162 nisi
1413 1117 1582 1176 Ἀμαρ-

117 1176 214 1226 τίας
239 1176 292 1217 ad
314 1183 486 1233 tempus
509 1176 795 1232 praeteritum
819 1177 1039 1233 pertinere
1060 1178 1258 1234 precario
1276 1178 1466 1219 diceres:
1488 1180 1581 1219 sor-

119 1247 187 1275 ma
199 1234 414 1289 corpox=i3‚
441 1234 510 1274 cui
526 1232 736 1275 Peccatus
748 1248 876 1288 usqne
887 1233 1022 1275 adhuc·
1035 1235 1154 1285 leges
1167 1234 1361 1276 dedisset
1376 1233 1581 1289 (Belca).

118 1289 302 1333 Ceterae
326 1290 543 1342 rationes,
574 1289 733 1346 quibus
750 1289 899 1332 Reicle.
919 1290 1251 1347 explicationem
1275 1305 1297 1331 a
1325 1291 1450 1332 nobis
1478 1305 1581 1347 pro-

118 1347 263 1389 batam
308 1347 598 1403 impugnzuit,
640 1346 783 1403 pluma
824 1346 1014 1388 leviores
1054 1353 1170 1390 sunt.
1242 1347 1417 1390 Prodire
1444 1362 1580 1404 quen-

117 1419 247 1460 quam
279 1405 324 1446 in
357 1404 638 1445 similitudine
667 1417 803 1459 posse
839 1404 1012 1456 negavit
1070 1433 1081 1445 .
1110 1404 1226 1447 151..
1295 1403 1462 1454 Cred03
1500 1404 1580 1446 sed

115 1460 295 1518 prodire
317 1459 523 1504 Christus
552 1463 726 1517 poterat
751 1460 795 1501 in
821 1461 1008 1514 corporis
1077 1460 1242 1502 eccatui
1272 1460 1470 1513 obnoxii,
1504 1460 1580 1503 ho-

115 1519 378 1560 minumetc.
401 1517 679 1558 similitudine
707 1516 749 1559 h.
777 1530 814 1557 e.
845 1516 1082 1559 irritabilis
1110 1516 1329 1558 hominum
1366 1518 1580 1573 corporis,

114 1574 336 1617 hominum
359 1572 645 1615 similitudine
667 1573 868 1617 amictus.
927 1572 995 1618 Cf.
1017 1573 1071 1616 de
1091 1573 1170 1615 hoc
1198 1579 1300 1616 noto
1330 1574 1578 1631 praeverbii

115 1629 161 1672 ἐν
179 1645 260 1673 usu
281 1630 398 1673 Phil.
421 1632 512 1683 2‚7.
533 1629 640 1673 Luc.
660 1628 839 1683 Nigrin.
860 1644 898 1672 c.
922 1631 991 1674 14.
1014 1656 1059 1662 —
1086 1630 1156 1671 ὅτι
1188 1629 1310 1683 παρὰ
1336 1629 1413 1673 τὸν
1441 1627 1578 1681 νόμον

115 1684 349 1744 ἐποίησεν,
391 1684 445 1729 ἐν
472 1683 659 1743 τοιαύτῃ
688 1684 849 1741 ἐσθῆτι
879 1683 1106 1738 θεώμενος
1132 1711 1201 1729 ——-.
1262 1687 1386 1730 Suet.
1418 1686 1575 1731 Claud.

115 1756 155 1786 c.
177 1745 245 1786 17.
266 1743 456 1787 Crassus
476 1742 612 1797 Frugi
633 1757 745 1799 equo
767 1742 996 1799 phalerato
1028 1744 1275 1800 [sequutus]
1310 1748 1353 1785 et
1381 1743 1425 1784 in
1455 1748 1576 1785 veste

116 1800 308 1855 palmata
332 1827 401 1844 —.
438 1805 481 1841 et
499 1799 753 1852 Bernhardy
774 1801 805 1842 l.
834 1813 871 1842 e.
901 1814 945 1856 p.
974 1801 1089 1845 209..
1171 1799 1406 1842 Praeterea
1438 1799 1576 1841 inesse

116 1856 322 1898 debuisse
344 1851 674 1910 τὴνἍμαρτίαν
693 1855 858 1899 Christi
878 1858 1074 1913 corpori,
1106 1862 1154 1898 ut
1176 1857 1232 1899 ibi
1249 1857 1394 1898 necari
1420 1862 1576 1912 posset

115 1912 266 1956 Reich.
295 1928 338 1969 p.
371 1913 467 1954 155.
498 1912 672 1969 objecit.
750 1912 917 1953 Verum
946 1915 1025 1954 hoc
1054 1918 1195 1964 esset,
1242 1913 1280 1954 si
1310 1909 1575 1967 ἧἎμαρτιά

116 1975 356 2011 monstrum
389 1969 477 2010 vita
508 1967 750 2024 praeditum
782 1975 925 2021 esset,
964 1969 1077 2025 quod
1110 1969 1277 2012 Christi
1306 1969 1478 2024 corpori
1509 1969 1577 2008 in-

114 2026 283 2067 clusum
306 2032 394 2067 tum
420 2023 654 2066 necandum
677 2025 833 2065 suisset
857 2038 986 2080 quum
1006 2024 1210 2068 Christus
1232 2025 1447 2082 supplicio
1477 2025 1575 2066 affi-

114 2091 305 2125 ceretur.
368 2082 531 2123 verum
552 2080 664 2122 enim
698 2095 797 2121 vero
827 2090 870 2121 et
899 2082 1110 2127 opinabile
1141 2087 1379 2123 monstrum
1417 2079 1573 2121 Pecca-

113 2144 186 2180 tus
205 2145 297 2192 est,
328 2144 372 2180 et
392 2137 644 2192 ima-(linario
662 2137 877 2193 supplicio
911 2132 1162 2192 ἡἈμαρτιά
1190 2138 1400 2179 exstincta
1431 2142 1500 2178 est
1527 2144 1573 2178 et

112 2194 326 2238 Peccatus
351 2196 430 2236 hac
447 2194 742 2235 tantummodo
764 2195 858 2246 lege
879 2193 922 2235 in
942 2193 1123 2235 humano
1153 2209 1323 2247 corpore
1350 2193 1570 2249 supplicio

112 2251 258 2294 addici
280 2253 444 2308 potuit,
476 2259 521 2293 ut
543 2250 710 2293 Christi
731 2265 889 2307 corpus
910 2264 992 2291 non
1015 2251 1100 2291 sibi
1135 2251 1363 2291 obnoxium
1397 2250 1574 2291 habuis-

111 2314 183 2350 set
199 2312 261 2364 (v.
286 2309 437 2364 infra).
495 2307 668 2350 Deinde
688 2307 839 2348 initam
859 2307 1190 2362 explicationem
1218 2307 1325 2348 illud
1358 2320 1573 2347 commen-

112 2364 213 2417 dat,
259 2365 375 2422 quod
416 2363 466 2408 P.
504 2378 676 2421 quoque
707 2363 930 2407 Christum
973 2363 1081 2404 nihil
1114 2377 1301 2419 unquam
1329 2361 1572 2420 deliquisse

110 2422 284 2464 censuit
304 2437 345 2465 v.
364 2423 392 2463 2
415 2422 517 2466 Cor.
535 2421 659 2473 5,21.
680 2421 735 2463 cl.
756 2419 893 2462 Hehr.
906 2421 948 2470 4,
964 2420 1030 2462 15.
1056 2422 1075 2460 1
1094 2418 1210 2463 Petr.
1223 2420 1265 2471 2,
1277 2419 1364 2462 22..
1421 2419 1571 2474 Quare

110 2492 271 2533 corpus
300 2477 504 2520 Peccatui
538 2491 621 2519 non
652 2478 984 2534 oppigneratum
1015 2475 1194 2519 Christo
1225 2475 1419 2517 tribuere
1444 2477 1572 2532 Apo-

111 2536 227 2577 stolo
250 2535 426 2579 licebat.
486 2533 737 2584 Postremo,
769 2533 882 2590 quod
906 2533 1050 2574 vorbis
1072 2528 1095 2574 ὁ
1116 2533 1225 2581 θεὸς
1244 2530 1464 2587 κατέκρινε
1493 2532 1571 2587 τὴν

66 2596 69 2598 ’
101 2587 198 2642 ‘Apu
218 2590 264 2633 ἐν
282 2592 335 2647 τῇ
356 2590 488 2646 σαρκί
510 2590 780 2632 enuntiatum
801 2596 867 2631 est
889 2589 966 2630 hac
988 2589 1203 2631 sententia
1230 2589 1408 2638 nititur,
1433 2589 1571 2629 fuisse

110 2647 290 2691 Christo
309 2663 468 2704 corpus
500 2648 758 2698 humanum,
797 2645 873 2688 secl
904 2647 945 2686 in
976 2645 1088 2701 quod
1121 2644 1329 2687 Peccatus
1357 2645 1465 2686 nihil
1493 2659 1572 2699 po-

107 2704 269 2746 tuisset
287 2708 348 2759 (V.
372 2705 522 2757 inl‘ra).
583 2703 748 2745 Reii-liii
767 2703 1009 2759 expositio:
1048 2701 1172 2743 Deus
1194 2702 1326 2743 misso
1356 2715 1435 2742 suo
1461 2701 1571 2751 filio,

111 2760 186 2817 qui
207 2761 345 2803 formai
364 2761 581 2802 consimili
603 2760 800 2816 corpori,
829 2761 870 2800 in
891 2759 998 2816 ‹peod
1019 2759 1223 2801 Peccaius
1247 2758 1449 2800 hactenus
1475 2771 1572 2798 sae-

107 2818 251 2860 viisset
274 2820 335 2872 (v,
354 2819 524 2875 supra),
555 2815 734 2858 indutus
754 2822 888 2869 esset,
916 2830 989 2873 np.
1008 2829 1138 2871 quum
1162 2815 1379 2857 hominum
1401 2814 1568 2857 scelera

153 2884 340 2919 Fritzsche
358 2885 422 2931 Ep.
445 2886 486 2919 ad
506 2886 611 2919 Rom.
631 2883 670 2917 P.
695 2883 739 2919 11.
1111 2873 1118 2885 “
