1715 3115
103 168 190 212 m
378 168 762 213 EPISTOLA
792 169 895 213 AD
930 168 1290 215 ROMANOS

101 288 154 331 aa,
172 273 276 318 Jud.
295 276 365 327 21,
383 273 479 329 45„
519 274 559 316 si
587 279 731 317 ratum
761 275 835 327 fit,
880 274 947 334 ⁶:¹32
976 272 1244 325 sos.23,14.
1273 280 1318 318 et
1347 286 1470 336 ηιξ-μ
1497 276 1567 330 ⁷223:

99 331 260 385 2sseg.
285 334 465 383 10‚10.,
499 331 540 373 si
580 345 734 374 vanum
776 333 826 374 fit
860 340 1104 388 eventuque
1141 333 1414 377 destituitur.
1453 324 1598 376 ‘Bel‘

97 388 267 430 neclcius
296 388 534 430 Cusauboni
559 388 894 445 explicationem
925 403 1064 445 nuper
1091 390 1331 433 revocavit:
1372 390 1449 431 sed
1470 388 1572 444 fieri

99 444 270 501 nequit,
307 445 405 490 scil.
435 450 485 486 ut
515 446 606 486 mea
627 451 752 501 peste
778 445 1043 489 Jmlaeormn
1073 446 1258 487 salutem
1281 441 1480 501 necne-(2)
1500 460 1571 488 re-

100 500 262 542 dimam
281 515 323 545 v.
343 502 383 545 3.
396 533 410 554 ‚
445 501 545 556 quia
567 502 726 544 ede’tum
757 507 820 544 est
838 503 923 544 Dei
938 502 1156 545 oraculum
1180 503 1259 556 (cf.
1279 502 1510 545 Aristides
1530 501 1570 555 1,

99 558 201 599 31⁷.
217 555 415 613 χρησμὸς
434 554 664 612 ἐκπίπτει)
694 559 736 602 h.
758 572 795 600 e.
824 559 923 615 quia
952 572 1043 601 rem
1072 558 1190 612 lonye
1216 558 1349 600 aliam
1368 559 1570 602 Deiera-

99 613 239 656 culum
265 614 497 667 portendit.
564 613 660 655 Hoc
686 614 833 656 verbis
865 615 936 656 ὅτι
964 612 1244 656 ἐκπέπτωκεν
1266 611 1288 656 ὁ
1314 613 1444 670 λόγος
1461 630 1499 656 τ.
1518 617 1566 658 θ.

99 683 185 711 non
209 669 343 714 inest.
401 670 648 713 casaubono
682 671 742 712 ita
775 670 984 713 vertenti:
1022 676 1067 712 at
1098 668 1142 711 id
1177 670 1274 712 fieri
1302 685 1386 713 non
1407 677 1570 728 potest,

100 741 197 768 nam
220 741 244 767 a
266 725 364 768 Deo
418 727 610 768 rofectus
633 732 700 769 est
718 727 788 770 hic
804 742 971 780 sermo,
1003 727 1081 768 hoc
1101 726 1254 780 obest,
1285 727 1399 783 quod
1453 728 1569 770 roxi-

98 796 167 823 ma
206 742 419 839 Apostoli
453 783 584 824 verba
628 798 711 825 non
741 784 963 826 continent
991 783 1078 825 Dei
1104 785 1328 826 oraculum
1356 799 1380 826 e
1408 742 1477 831 Rs.
1507 783 1568 828 T.

99 839 321 883 haustum.
378 836 404 882 ὁ
425 837 555 894 λόγος
576 855 614 880 τ.
643 843 713 894 ὀὴ]
745 841 831 882 Dei
848 841 1030 882 edic-tum
1053 855 1092 884 v.
1115 839 1212 892 28„
1249 854 1333 882 non
1356 841 1444 883 Dei
1468 854 1569 896 pro-

100 896 300 948 missum,
346 910 432 952 quo
472 896 720 939 Abrahami
765 897 958 950 posteris
1004 897 1263 938 messianam
1313 897 1568 939 felicitatem

97 952 323 1009 pollicitus
343 959 410 994 est
428 955 485 1007 (v.
509 955 680 1010 supra).
738 952 882 1007 Magis
903 953 1033 994 etiam
1061 952 1375 1010 disputationis
1402 952 1570 996 Paulli-

98 1022 180 1049 nae
210 1013 336 1051 tenor
370 1010 509 1052 Grote'i
538 1010 858 1052 enarrationem
896 1011 1091 1066 respuit:
1139 1024 1432 1067 „quamquam
1462 1010 1568 1052 haec

97 1079 198 1106 vera
228 1072 356 1118 sunt,
395 1065 560 1121 inquit,
598 1074 739 1108 tamen
765 1067 858 1108 fieri
883 1068 1055 1122 nequit,
1088 1070 1135 1107 ut
1167 1067 1322 1108 irritus
1343 1066 1402 1108 sit
1422 1081 1567 1108 sermo

99 1122 212 1173 Dei,
252 1136 405 1180 nempe
426 1123 567 1164 minae
594 1123 719 1175 illae,
756 1138 867 1180 quas
886 1123 1012 1164 Deus
1033 1124 1073 1164 iu
1095 1124 1191 1176 lege
1210 1123 1316 1167 LeV.
1335 1124 1405 1176 26,
1422 1125 1489 1167 14.
1511 1146 1569 1155 -·

95 1186 140 1220 et
173 1179 282 1220 alibi
313 1193 445 1235 saepe
484 1179 695 1222 adversus
729 1187 1006 1222 contumaces
1035 1179 1230 1224 Judaeos
1270 1179 1569 1237 pronuntiat.'’

95 1235 201 1277 Dici
229 1239 370 1278 autem
397 1235 486 1277 Dei
515 1236 728 1290 edictum,
771 1251 857 1293 quo
878 1237 1066 1278 selectos
1088 1236 1336 1279 Abrahami
1353 1242 1396 1278 et
1414 1235 1570 1280 Jacobi

95 1298 323 1349 posteros,
361 1306 626 1334 nonomnes
658 1307 807 1335 eorum
837 1298 1018 1351 nepotes
1049 1293 1200 1336 beatos
1230 1294 1326 1336 sore
1358 1293 1568 1345 ostendit,

94 1355 298 1391 contexta
338 1349 481 1392 oratio
517 1349 659 1396 docet.
718 1348 770 1392 οὗ
808 1349 891 1405 γὰρ
931 1346 1093 1399 πάντες
1121 1376 1173 1382 -
1210 1344 1336 1392 οὗτοι
1367 1346 1564 1406 Ἰσραήλ]

93 1406 340 1460 Exponitur
366 1406 632 1463 praecedens
662 1408 878 1450 sententia
910 1407 952 1451 h.
972 1420 1033 1450 r.:
1071 1405 1146 1448 sed
1165 1407 1319 1464 procul
1337 1405 1487 1455 abest,
1518 1412 1568 1448 ut

94 1462 186 1503 Dei
231 1462 419 1505 edictum
467 1463 641 1505 irritum
688 1463 913 1507 ceciderit.
983 1464 1148 1516 Nempe
1195 1478 1278 1504 nou
1317 1477 1466 1504 omnes
1510 1462 1566 1504 ab

92 1517 264 1560 lsraele
285 1519 489 1575 prognati
507 1519 762 1575 (secundum
784 1519 874 1561 Dei
893 1517 1101 1571 edietum)
1134 1519 1439 1561 israelitarum
1463 1518 1567 1576 jura

92 1581 137 1616 et
167 1575 395 1631 privilegia
424 1575 599 1619 habent.
659 1576 832 1632 Quodsi
861 1577 1097 1617 membrum
1118 1575 1377 1617 antecedens
1400 1576 1462 1616 sic
1488 1590 1564 1616 cx-

93 1632 330 1689 plieueris:
366 1633 548 1674 multum
580 1637 723 1675 autem
753 1633 902 1684 abest,
941 1636 990 1672 ut
1018 1632 1229 1672 abolitum
1262 1633 1321 1673 sit
1355 1632 1441 1673 Dei
1467 1644 1566 1684 pro-

95 1689 270 1730 missum
290 1690 351 1744 (v,
372 1691 552 1746 supra),
587 1690 694 1731 haec
713 1690 927 1731 sententia
951 1689 1095 1729 verbis
1117 1685 1168 1730 οὐ
1197 1686 1280 1743 γὰρ
1299 1685 1460 1737 πάντες
1480 1694 1564 1731 etc.

94 1745 285 1787 munstur
310 1745 353 1789 h.
382 1759 460 1789 m.:
501 1760 597 1787 nam
633 1760 716 1787 non
748 1760 897 1787 omues
936 1743 1120 1786 lsraelis
1149 1743 1564 1801 posterilsraelita-

93 1815 189 1842 rum
221 1800 316 1857 jura
348 1801 576 1858 possident
596 1806 688 1859 (up.
709 1817 763 1845 ex
791 1802 880 1845 Dei
906 1800 1103 1854 decreto,
1145 1801 1261 1856 quod
1290 1800 1344 1841 ad
1376 1801 1566 1842 selectos

93 1864 263 1899 tautum
301 1857 535 1900 israelitas
582 1859 834 1916 pertineat).
875 1855 918 1900 οἱ
956 1857 1003 1908 ἐξ
1025 1855 1217 1913 Ἰσραήλ]
1251 1858 1348 1902 scil.
1378 1850 1499 1906 ’ὄντες
1527 1872 1564 1900 S.

94 1911 320 1968 γενόμενοι
344 1915 558 1958 Herodot.
582 1917 703 1968 1‚56.
723 1915 824 1960 Joh.
844 1915 971 1968 8,47.
998 1915 1116 1972 1,l'}.
1147 1915 1334 1957 homines
1351 1919 1465 1966 surii,
1495 1913 1566 1969 qui

93 1985 122 2012 a
142 1971 295 2013 Jaeoho
312 1985 442 2026 yemis
459 1973 640 2025 ducunt,
670 1972 817 2014 Jacobz‘
833 1971 1007 2025 posteri.
1053 1973 1180 2013 οὗτοι
1194 1968 1385 2025 Ἰσραὴλ]
1405 1969 1448 2010 lu·
1465 1974 1563 2010 sunt

93 2026 325 2070 Israelitae
356 2043 428 2085 up.
451 2029 554 2085 jure
590 2034 635 2071 et
672 2029 927 2086 privilegio,
970 2026 1192 2069 Israelitis
1220 2027 1432 2067 divinitus
1463 2040 1562 2066 eou-

93 2097 235 2126 cessm.
294 2083 420 2126 Hauc
448 2086 852 2142 interpretationem
883 2099 922 2126 v.
942 2086 984 2126 7.
1015 2085 1194 2134 (πάντες
1209 2082 1359 2133 τέκνα)
1378 2081 1564 2132 flagitat.

97 2139 214 2180 Male
238 2142 386 2184 multi:
420 2142 461 2182 hi
485 2149 587 2182 sunt
617 2142 848 2184 israelitae
879 2156 952 2197 np.
982 2140 1192 2196 inqenio
1221 2144 1263 2181 et
1292 2140 1362 2193 qui
1389 2144 1564 2192 propter

94 2197 297 2249 pietatem
337 2204 378 2241 et
401 2198 532 2251 fidem
560 2199 864 2241 Israelitarum
890 2197 1058 2239 nomine
1083 2196 1199 2251 diyni
1228 2195 1451 2237 videantur
1486 2193 1562 2238 ΡΒ.

93 2254 163 2303 73,
182 2256 214 2296 Ι.
244 2253 371 2297 Rom.
391 2256 512 2307 2‚28.
534 2269 621 2311 sq..
688 2254 892 2298 Ceterum
929 2252 980 2296 P.
1009 2252 1201 2295 Judaeos
1232 2251 1355 2306 prius
1382 2248 1563 2292 israelis

93 2315 322 2365 posteros,
352 2326 479 2367 quam
500 2311 743 2354 Abrahami
769 2315 949 2367 nepotes
971 2323 1008 2352 ν.
1030 2310 1072 2350 7.
1094 2309 1259 2349 vocavit
1279 2321 1442 2348 memor
1468 2321 1563 2347 ver-

94 2380 171 2406 sus
200 2369 266 2417 4.,
306 2369 380 2409 ubi
414 2368 558 2410 omnia
587 2367 852 2411 Iudaeorum
883 2366 1036 2407 decora
1072 2364 1370 2407 Israelitarum
1398 2364 1563 2405 nomine

95 2423 407 2478 comprehendi
448 2424 701 2467 indicasset.
731 2449 787 2455 —
852 2423 911 2465 V.
940 2424 983 2466 7.
1025 2421 1316 2465 Continuatur
1354 2418 1562 2474 periodus

95 2492 196 2519 orsa
226 2493 249 2519 a
277 2481 425 2523 verbis
461 2495 501 2524 v.
519 2483 563 2524 6.
594 2479 646 2523 οὗ
682 2478 766 2536 γὰρ
796 2475 956 2528 πάντες
976 2486 1078 2522 etc..
1136 2476 1250 2518 Male
1288 2476 1425 2529 igitur
1461 2483 1561 2517 ante

95 2531 186 2576 οὐδ
215 2535 286 2578 ὅτι
316 2538 441 2593 plene
472 2538 758 2594 interpungas
785 2551 881 2578 cum
911 2534 1197 2579 Griesbachio.
1261 2530 1355 2573 lmo
1375 2537 1450 2573 aut
1473 2532 1563 2572 vir-

95 2592 198 2642 gula
229 2599 326 2649 post
348 2589 521 2648 Ἰσραὴλ
548 2593 729 2636 locanda
759 2599 851 2644 est,
888 2596 964 2633 aut
994 2591 1118 2632 colon
1152 2587 1382 2643 figendum.
1455 2583 1564 2630 Οὐδ’

95 2648 167 2689 ὅτι
185 2675 240 2682 —-
259 2649 419 2698 πάντες
437 2650 582 2705 τέκνα]
608 2666 738 2707 neque
755 2650 853 2705 qnia
870 2655 963 2705 (np.
989 2646 1231 2696 israelitae,
1262 2642 1303 2685 οὶ
1330 2642 1562 2698 ἕξἺσραὴλ.

98 2721 138 2749 ν.
158 2708 222 2754 6.)
242 2705 296 2746 ab
318 2705 564 2747 Abraham
582 2706 797 2759 procreati
813 2709 909 2746 sunt
924 2738 933 2748 ,
974 2703 1128 2745 idcirco
1145 2716 1286 2743 omnes
1304 2700 1428 2742 liberi
1446 2704 1559 2751 sunt,

95 2763 167 2817 qui
193 2762 420 2803 liberorum
442 2760 546 2815 jure
574 2761 796 2816 fruantur.
865 2759 1069 2812 Moy-erus
1109 2756 1558 2820 ncivzec‘Subjectum

97 2833 194 2861 esse
227 2819 389 2862 voluit:
440 2831 578 2874 neque
612 2832 760 2861 omnes
795 2815 958 2860 idcirco
999 2815 1242 2857 Abrahami
1280 2813 1438 2867 liberi,
1485 2826 1560 2869 qm
