1715 3115
158 192 217 237 26
439 200 817 246 EPISTOLA
847 205 948 247 AD
979 203 1340 251 ROMANOS

161 313 212 341 su
232 300 274 345 5.
307 307 350 345 et
378 305 421 349 6.
451 308 675 350 enuntiata
705 309 1028 352 illustraturum
1061 312 1203 368 capite
1223 314 1266 356 7.
1298 312 1511 355 infelicem
1538 314 1617 357 lio-

159 357 320 400 minum
345 362 419 416 qui
440 363 578 407 Mosis
605 365 863 422 disciplinae
892 367 1058 408 subditi
1085 369 1296 410 vixissent
1323 369 1614 413 conditionem

159 412 434 470 describere,
487 435 584 478 cap.
625 423 668 473 8,
698 423 734 465 l.
755 447 809 453 -—
833 424 901 467 17.
953 425 1219 466 fortunatum
1264 425 1614 469 Christi-‘morum

161 471 320 524 quibus
343 487 395 515 ex
417 476 490 518 illi·
514 479 687 519 miseria
719 479 897 521 exemtis
928 478 1016 523 div.
1044 481 1228 537 spiritus
1261 481 1512 538 impertitus
1544 498 1614 525 es-

159 534 228 567 set
248 535 409 571 statum
435 534 614 577 referre.
674 534 747 576 Sic
769 541 884 577 recto
907 535 959 577 de
990 537 1070 577 hoc
1102 538 1134 579 l.
1155 535 1465 592 judicaverunt
1493 538 1613 583 Iren.

158 582 257 628 adv.
280 584 415 629 Haer.
436 589 476 640 3,
488 590 609 640 20‚3.
629 591 681 635 cl,
702 591 770 644 2.,
800 591 993 635 Tertull.
1014 592 1064 634 de
1087 595 1230 649 pudic..
1253 608 1289 637 c.
1310 593 1377 638 17.
1399 594 1488 650 (ed.
1503 595 1613 637 Fro-

158 638 258 683 ben.
297 656 342 698 p.
379 645 503 700 761.)
530 645 714 702 Chrys„
767 647 1057 701 Theodorou,
1103 649 1376 706 Theophyl.,
1425 650 1612 704 Erasm„

156 695 376 752 Castalio,
438 701 628 744 Faustus
668 703 877 758 SocinuS,
934 705 1087 757 Grot.‚
1142 705 1310 758 Limb„
1366 707 1612 760 Turretin.,

156 751 319 808 Beng.,
366 757 737 814 Baumgartenus,
777 760 961 812 Heum.‚
1000 761 1193 813 wetst„
1239 760 1417 819 Knapp.
1446 764 1609 820 scripta

155 821 197 851 V·
219 824 313 859 ²¹¹·ss-
335 826 379 867 p.
401 814 486 855 402
516 830 606 872 sq„
635 816 826 869 Rueck.‚
853 816 1059 869 Koelin„
1100 817 1252 860 Reich.
1284 825 1328 860 et
1357 819 1481 860 multi
1514 820 1610 862 alii.

155 863 225 909 Cf.
256 866 492 921 Whitbyum
515 871 566 914 de
585 874 906 915 commentariis
931 881 1172 931 patrump.
1201 873 1328 927 249„
1368 875 1523 919 ileum.
1554 875 1609 917 ad

154 934 196 965 v.
220 923 288 966 14.
310 930 352 966 et
370 925 546 982 Knapp.
567 929 599 976 l.
623 945 677 973 c..
733 929 890 986 Neque
912 931 1044 972 aliter
1065 932 1117 972 de
1142 931 1219 972 hoc
1240 931 1270 973 l.
1293 930 1432 972 sensit
1452 933 1609 985 Augu-

155 978 298 1020 stinus
319 981 505 1024 nondum
534 985 646 1026 motii
668 983 962 1028 controversia
982 1001 1075 1028 cum
1102 985 1352 1037 Pelagianis
1380 991 1440 1040 (v.
1462 986 1607 1044 Expo—

153 1035 257 1076 sitio
281 1039 548 1092 quarundam
568 1043 914 1098 propositionum
947 1058 997 1084 ex
1028 1057 1097 1100 ep.
1131 1042 1183 1083 ad
1202 1041 1522 1086 nom.XL1V.
1553 1042 1607 1085 ad

151 1104 190 1133 c.
208 1092 250 1134 7.
279 1106 316 1133 v,
337 1095 405 1137 19.
424 1096 496 1139 20.
554 1124 648 1149 ,‚—
686 1097 815 1140 Nunc
837 1099 947 1140 enim
972 1100 1096 1140 homo
1117 1099 1382 1140 describitur
1402 1099 1482 1140 sub
1510 1100 1607 1141 leve

185 1147 325 1190 ositus
355 1157 456 1192 ante
485 1153 714 1206 gratiam.”
785 1153 933 1197 XLV.
963 1155 1015 1196 ad
1042 1170 1079 1199 c.
1106 1157 1150 1198 7.
1181 1168 1220 1198 ν’.
1240 1155 1320 1197 25.
1395 1131 1606 1206 „Deinde

151 1160 216 1257 fh.
243 1218 283 1247 e.
311 1219 334 1245 a
360 1207 506 1250 verbis
538 1203 623 1265 ἄρα
653 1205 730 1252 οὖν
758 1209 892 1260 αὐτὸς
919 1207 1004 1266 ἐγώ
1030 1214 1130 1265 etc.]
1170 1211 1331 1268 incipit
1355 1209 1604 1252 describere

150 1259 365 1303 hominem
394 1265 475 1305 sub
504 1267 644 1319 gratis}
677 1268 1042 1319 constitutum.'').
1101 1267 1187 1310 Sed
1220 1281 1349 1323 quum
1373 1265 1605 1320 Pelagiani

149 1315 378 1360 humanam
393 1329 589 1363 naturam
606 1324 800 1380 improbo
814 1323 976 1366 Adami
996 1325 1187 1365 facinore
1208 1337 1290 1365 non
1314 1323 1372 1364 ita
1394 1322 1604 1383 depraya-

149 1376 237 1414 tam
261 1389 382 1427 esse,
414 1378 516 1432 quin
539 1379 734 1422 homines
755 1379 942 1422 nondum
965 1381 1106 1423 renati
1127 1387 1172 1422 et
1195 1381 1306 1422 velle
1325 1385 1504 1436 possent
1527 1381 1602 1421 ho-

148 1436 270 1471 neste
292 1446 421 1484 agere
443 1440 486 1490 et
504 1435 730 1479 honestate
751 1437 1071 1479 delectarentur
1090 1451 1143 1479 ex
1165 1437 1208 1480 h.
1230 1437 1262 1479 l.
1283 1439 1344 1490 (ν.
1368 1436 1604 1490 16.-22.)

148 1484 421 1541 docuissent,
459 1493 738 1545 Augustinus
768 1508 924 1549 „posse
951 1508 1150 1550 quemque
1179 1498 1372 1534 sanctum
1396 1491 1497 1547 jam
1526 1492 1602 1534 sed)

146 1544 294 1596 gyratis?
313 1547 497 1598 positum
528 1550 666 1590 dicere
696 1550 779 1590 ista
807 1550 970 1601 omnia,
1008 1565 1114 1606 qnae
1143 1550 1233 1603 ipse
1263 1553 1390 1590 caetea
1420 1548 1601 1589 dixisset

147 1599 273 1641 rerba
292 1601 470 1645 hominis
490 1619 578 1645 esse
598 1606 778 1646 nondum
807 1606 883 1648 sub
911 1607 1057 1660 qratia
1083 1605 1234 1659 positi,
1274 1605 1347 1646 sed
1373 1604 1448 1646 sub
1478 1604 1601 1658 leye''

146 1654 412 1707 (Retractat.
432 1660 463 1704 l.
486 1658 524 1703 1.
545 1675 582 1703 c.
605 1661 719 1713 2.3.)‚
751 1661 890 1702 Mosis
912 1666 1053 1702 autem
1077 1662 1286 1709 alumnis,
1315 1661 1475 1716 quippe
1495 1674 1601 1700 non-

146 1712 246 1752 dum
268 1715 460 1769 renatis,
491 1731 572 1758 non
593 1724 692 1774 apta
717 1732 814 1759 esse
837 1732 945 1774 quae
965 1733 1004 1760 v.
1020 1720 1087 1760 17.
1107 1723 1150 1758 et
1167 1718 1240 1759 22,
1261 1717 1465 1769 leguntur
1485 1715 1602 1768 (adv.

145 1766 255 1809 duas
275 1784 342 1826 ep.
358 1769 689 1826 pelagianorum
711 1775 832 1826 2,10.
853 1777 942 1828 11.)
967 1775 1091 1816 facile
1111 1774 1194 1815 sibi
1215 1773 1450 1830 persuasit.
1507 1771 1600 1813 lta-

145 1839 229 1879 que
251 1825 495 1870 hominibus
515 1831 680 1872 renatis
700 1845 793 1871 cum
813 1831 997 1887 impuris
1021 1829 1205 1881 studiis,
1235 1829 1476 1870 imminutis
1507 1828 1600 1870 illis

145 1881 317 1936 quidem
339 1883 506 1926 Christi
533 1886 741 1928 beneficio
765 1886 945 1928 sednon
978 1887 1230 1938 exstinctis,
1261 1885 1468 1926 atrociter
1497 1899 1598 1926 con-

144 1938 394 1981 flictandum
424 1956 548 1994 esse,
578 1949 648 1995 ut,
677 1944 779 1984 licet
809 1943 933 1984 iuviti
963 1958 1091 2000 neque
1125 1943 1430 1984 consentientes
1459 1955 1498 1983 v.
1530 1940 1598 1984 15.

142 2001 334 2050 peccent,
359 2004 535 2054 peccent
556 2005 714 2052 tamen,
737 1998 919 2040 Paulum
936 2014 1013 2041 suo
1034 1999 1228 2055 exemplo
1250 1997 1478 2039 ostendere
1491 1998 1599 2048 c.7.,

141 2060 231 2091 tum
253 2067 362 2108 quae
381 2055 488 2096 hanc
512 2055 683 2097 minime
703 2057 860 2098 laetam
883 2060 966 2098 eta
989 2056 1151 2097 summa
1172 2056 1436 2112 perfectione
1454 2060 1597 2093 'remo-

142 2114 228 2148 tam
250 2123 397 2151 eorum
429 2111 719 2153 conditionem
750 2113 1051 2162 consolentur,
1089 2113 1176 2153 Dei
1208 2109 1519 2163 indulgentiam
1551 2114 1597 2150 et

143 2164 347 2220 spiritum
370 2182 407 2210 s.
430 2168 473 2209 in
494 2169 629 2209 divini
649 2170 810 2210 amoris
830 2169 989 2225 pignus
1012 2170 1066 2209 iis
1089 2168 1251 2216 datum,
1268 2165 1470 2221 persequi
1494 2179 1596 2205 con-

141 2220 301 2265 tendit.
379 2225 634 2278 Augustino
665 2225 914 2277 Lutherus,
961 2224 1168 2268 Calvinus
1205 2230 1248 2263 ct
1279 2222 1388 2263 Beza
1423 2221 1596 2262 assensi

143 2283 261 2321 sunt.
320 2276 477 2338 Itaque
500 2281 541 2321 in
563 2282 760 2323 ecclesiis
782 2281 1043 2334 evangelicis
1063 2279 1208 2321 seculo
1231 2279 1297 2319 10.
1324 2283 1366 2318 et
1400 2279 1467 2320 17.
1497 2278 1594 2334 ple-

142 2333 266 2388 rique
294 2337 581 2390 explicatores
612 2339 758 2379 seculo
789 2338 857 2380 18.
886 2338 1058 2378 ineunte
1088 2339 1131 2376 et
1157 2334 1296 2375 medio
1326 2334 1435 2375 satis
1468 2333 1595 2375 multi

141 2394 203 2442 (V.
224 2404 261 2433 c.
281 2392 518 2448 Schoettq„
558 2393 680 2449 lVoIf.
697 2428 706 2444 ,
738 2394 933 2448 Carpz.).
991 2390 1235 2445 Augustini
1266 2389 1594 2447 interpretatio-

142 2459 239 2485 nem
265 2452 349 2487 tam
370 2457 529 2490 certam
551 2464 645 2491 esse
666 2456 873 2506 tantoque
893 2449 1061 2507 piorum
1083 2448 1157 2503 qui
1178 2446 1275 2487 iude
1296 2461 1319 2487 a
1347 2446 1413 2488 rei
1438 2446 1594 2490 christ.

139 2502 395 2557 primordiis
426 2504 553 2546 Pauli
584 2506 814 2561 epistolam
852 2508 1130 2546 enarrassent
1159 2503 1349 2544 virorum
1379 2516 1593 2543 consensu

141 2558 355 2600 firmatam
375 2560 676 2612 crediderunt,
714 2568 758 2602 ut
779 2561 852 2617 qui
875 2562 928 2601 ah
947 2560 1198 2613 Augustino
1228 2558 1482 2600 dissentiret
1514 2571 1590 2599 no-

140 2627 217 2656 vas
238 2629 306 2656 res
328 2617 473 2659 moliri
494 2623 537 2658 et
555 2619 730 2674 impium
751 2618 919 2658 facinus
940 2618 1206 2658 committere
1226 2614 1462 2658 videretur.
1519 2614 1591 2655 De

141 2670 220 2711 hoc
238 2672 353 2714 iuter
374 2673 475 2714 illos
497 2687 647 2730 parum
669 2674 890 2722 convenit,
921 2680 1062 2714 utrum
1088 2671 1137 2715 P.
1158 2687 1235 2713 suo
1254 2671 1448 2727 exemplo
1461 2669 1591 2712 Chri-

140 2728 379 2770 stianorum
402 2743 495 2771 cum
519 2730 666 2787 pravis
684 2730 910 2770 affectibus
931 2730 1207 2770 luctationem
1231 2728 1514 2774 illustrasset,
1534 2740 1590 2767 an

141 2782 515 2838 Christianorum,
553 2786 627 2842 qui
652 2786 1054 2840 peccate‘ore'finaIis
1086 2785 1354 2826 irritamenta
1388 2781 1590 2839 deplora-

140 2846 261 2894 rent,
299 2856 529 2899 personam
560 2843 647 2886 sibi
676 2842 958 2901 imposuisset
995 2843 1077 2896 7,7
1098 2841 1258 2886 -25..
1326 2838 1408 2882 Est
1446 2843 1589 2880 autem
