1715 3115
101 167 185 210 134
382 162 761 208 EPISTOLA
797 164 896 208 AD
928 163 1287 208 ROMANOS

101 273 315 325 §Berticnstc
334 271 591 323 §Ebolucf'ss
614 284 656 325 p.
676 271 787 322 ὓ5.).
848 269 898 312 In
924 271 1181 327 loquutione
1205 268 1295 313 viel
1326 270 1440 313 θεοῦ
1460 271 1504 316 h.
1533 272 1568 316 l.

101 331 319 372 homiuum
351 327 450 369 Deo
488 341 591 383 prae
630 328 789 368 ceteris
827 342 1025 370 carorum
1055 343 1103 368 ac
1133 329 1314 383 proinde
1347 328 1569 370 beneficiis

100 389 154 428 ab
190 402 241 428 eo
272 385 630 426 cumulandorum
662 385 780 425 notio
811 386 934 439 (Gal.
961 386 1003 437 4,
1034 387 1076 427 6.
1104 386 1196 436 7.),
1231 400 1340 436 non,
1379 390 1426 426 ut
1456 385 1568 427 alias

99 443 279 497 (matth.
301 441 469 493 5‚45.),
502 440 745 482 similitudo
774 455 867 482 cum
896 443 989 483 Deo
1019 447 1264 497 spectatur,
1295 456 1420 497 (suam
1447 442 1476 482 ii
1501 456 1570 483 re-

100 503 266 550 ferant,
309 498 382 555 qui
416 498 499 538 Dei
531 498 609 538 tilii
643 506 850 539 vocentur
874 504 934 553 (v.
969 499 1126 539 librum
1161 512 1216 539 m.
1252 501 1365 542 Ucbct
1392 497 1446 541 bic
1469 501 1570 544 {Betz

99 558 230 609 bicnstc
258 557 502 607 sslmlucf'ss
538 568 579 609 p.
614 555 694 595 129
723 557 829 609 sq.).
889 555 1018 609 Quod
1055 554 1102 596 Ρ.
1135 555 1320 596 liliorum
1357 555 1442 596 Dei
1471 555 1568 610 jura

95 613 180 667 lide
207 612 450 668 comparari
472 612 706 651 aslirmavit
731 612 831 654 Gal.
855 612 896 663 3,
917 612 1013 662 26„
1045 611 1085 652 id
1107 626 1201 651 cum
1225 612 1441 652 sententia
1464 602 1510 654 ln.
1535 612 1567 654 1.

99 670 216 712 dicta
244 669 353 710 hene
383 667 624 723 conspirat.
686 667 763 708 Est
791 670 902 709 enim
936 669 1020 708 (liv.
1049 668 1235 723 spiritus
1259 681 1406 708 eorum
1432 668 1569 708 homi-

101 741 201 768 nnm
254 730 579 775 ornamentum,
635 725 710 780 qui
752 724 879 777 fidem
922 724 1100 767 Christo
1153 723 1436 780 adjunxerint
1467 723 1570 767 Job.

99 786 141 834 7,
166 784 253 826 39..
316 781 564 823 Formulam
587 778 798 832 πνεύματι
823 777 1010 836 ἄγεσθαι
1042 781 1164 835 (Gal.
1189 771 1230 831 5,
1258 781 1347 834 18.)
1368 794 1394 821 ιι
1416 781 1572 834 spiritu

99 841 237 882 divino
266 838 362 880 dewi
394 838 616 878 nonnullis
646 839 856 893 exemplis
889 838 1130 879 illustravit
1159 836 1355 890 Kypkins
1378 835 1570 880 observ.

100 912 137 940 s.
165 895 231 946 11,
268 895 362 938 172.
393 908 461 950 sq.
493 891 618 935 οὗῐοί
649 892 761 935 εἰσιν
791 890 879 935 υἱοὶ
904 894 1036 948 θεοῦ]
1068 894 1118 936 Β.
1149 893 1201 936 F.
1225 895 1279 935 G.
1305 893 1407 948 Syr.
1429 893 1511 937 Or.
1531 907 1571 937 c.

101 954 220 996 Cels.
255 950 341 1002 IV,
367 952 438 994 95.
471 949 680 1004 Didym.‚
712 950 896 1001 Boni-m,
929 950 1076 993 Hilar.
1101 951 1223 1003 Aug.
1255 950 1357 993 Rus.
1378 950 1571 991 Ambro-

101 1011 228 1051 siast.
256 1004 349 1049 υἱοί
373 1005 461 1049 εἶσι
478 1008 612 1055 θεοῦ,
645 1007 760 1063 quod
782 1007 903 1048 (ledit
926 1008 1107 1050 Luchm.
1135 1009 1140 1060 Ι
1169 1010 1230 1049 Α.
1260 1006 1309 1050 C.
1330 1008 1389 1050 D.
1409 1007 1480 1049 39.
1499 1006 1573 1050 47.

99 1068 171 1110 80.
206 1064 342 1116 Vulg.
377 1078 484 1114 ms.,
523 1065 667 1116 Clau,
692 1064 867 1114 Get-m„
901 1064 981 1107 Or.
1010 1065 1171 1117 semel,
1201 1063 1434 1116 Damaso„
1464 1063 1572 1106 Cas-

101 1121 240 1174 siod.‚
281 1120 503 1163 Gaudent.
536 1118 625 1161 υὶοὶ
652 1119 764 1161 θεοῦ
794 1118 918 1163 εἰσιν.
980 1121 1098 1173 Hoc,
1131 1120 1232 1176 quia
1263 1116 1380 1161 υἱοὶ
1409 1120 1458 1162 ob
1485 1134 1573 1162 em-

99 1179 251 1234 phasin
285 1182 578 1232 praeponatur
605 1176 683 1230 (l),
724 1177 926 1233 probavit
960 1178 1204 1232 Benyelius.
1272 1175 1466 1230 Vulgata
1499 1191 1573 1230 ge-

102 1236 235 1277 nuina
265 1239 351 1277 est.
420 1231 534 1275 Nam
565 1240 608 1274 et
641 1235 859 1275 sententia
892 1242 1149 1287 argumento
1184 1233 1399 1273 fulcienda
1431 1247 1471 1275 v.
1505 1232 1573 1277 13.

103 1290 143 1335 εἰ
173 1292 220 1334 de*
250 1290 534 1342 πνεύματι
559 1304 596 1331 τ.
621 1306 698 1345 πο.
720 1305 757 1331 τ.
780 1305 818 1332 ο.
839 1295 886 1331 ι’).
914 1290 946 1342 ζ.
971 1294 1087 1345 (nam
1109 1297 1294 1346 possunt
1310 1291 1438 1331 etiam
1466 1285 1576 1346 φό-

101 1351 174 1404 βῳ
204 1344 250 1388 αἱ
280 1342 465 1401 πράξεις
494 1347 576 1387 τοῦ
608 1345 811 1400 σώματος
842 1346 1158 1388 θανατοῦσθαι
1190 1347 1245 1390 cs.
1285 1361 1325 1389 v.
1360 1347 1484 1400 15.),
1528 1351 1575 1388 et

102 1419 256 1447 versus
286 1403 574 1444 conformatio
607 1401 708 1445 ὅσοι
736 1402 818 1458 γὰρ
849 1401 1068 1457 πνεύματι
1097 1403 1211 1444 θεοῦ
1239 1403 1442 1457 ἄγονται,
1475 1394 1576 1445 οὗ·-

101 1477 160 1504 το
176 1478 193 1503 ι
217 1485 267 1492 --
288 1460 364 1515 (cf.
386 1461 428 1511 7,
452 1462 543 1513 10.)
572 1465 615 1501 et
646 1461 768 1501 locus
789 1461 948 1502 similis
967 1462 1067 1504 Gal.
1089 1461 1130 1512 3,
1149 1461 1192 1504 7.
1216 1459 1386 1516 pondus
1409 1460 1451 1500 in
1475 1473 1577 1502 voce

105 1513 230 1560 οὗτοι
259 1517 451 1573 positum
492 1531 589 1557 esse
616 1517 857 1558 ostendunt
900 1518 941 1560 h.
971 1532 1031 1560 S.:
1064 1531 1159 1557 nam
1183 1518 1297 1571 quia
1322 1516 1467 1557 divino
1488 1516 1576 1571 spi-

103 1575 193 1617 ritu
215 1579 455 1627 reguntur,
491 1573 535 1614 ln·
558 1576 662 1627 (non
690 1572 849 1615 Judaei
879 1574 1068 1614 tiliorum
1097 1573 1178 1613 Dei
1197 1575 1297 1630 jura
1321 1573 1406 1613 sibi
1429 1573 1575 1613 vindi-

104 1636 254 1671 cantes
274 1644 405 1685 quum
430 1629 577 1670 divino
602 1630 764 1686 spiritu
789 1629 1086 1670 destituantur
1109 1628 1209 1672 Joh.
1232 1631 1274 1681 7,
1286 1629 1355 1671 39.
1378 1643 1416 1671 v.
1442 1629 1576 1670 Theo-

103 1689 239 1730 dores.
261 1686 313 1726 ad
336 1686 378 1728 h.
402 1687 433 1729 l.
454 1691 496 1727 et
516 1687 649 1729 Dent.
676 1687 743 1737 14,
764 1688 802 1728 l.
841 1686 963 1730 lion).
987 1688 1028 1738 9,
1047 1687 1090 1729 4.
1117 1687 1172 1728 cl.
1193 1688 1286 1738 QG.
1302 1692 1345 1726 et
1359 1685 1578 1739 Gal.3,7.)

105 1748 208 1786 sunt
232 1742 319 1784 Dei
352 1743 449 1785 lilii.
509 1743 743 1784 Lectiones
766 1743 964 1797 Benqcle'o
991 1749 1033 1783 et
1054 1742 1331 1784 Lachmmmo
1367 1742 1577 1797 probatae

104 1800 361 1857 primarium
387 1798 556 1855 pondus
580 1801 622 1840 in
646 1814 788 1841 vocem
814 1797 1174 1857 vidcenjiciunt.
1232 1800 1472 1840 Attemere
1487 1799 1578 1854 Ap.

106 1858 170 1898 sic
192 1856 468 1912 disputaret:
488 1882 541 1886 —
580 1857 646 1897 sin
669 1857 800 1898 ‹lh-ini
818 1857 996 1910 spiritns
1020 1857 1059 1897 vi
1078 1856 1276 1912 improba
1292 1857 1491 1911 corporis
1513 1856 1580 1897 fa-

105 1914 255 1955 cinora
279 1913 588 1966 exstinguetis,
611 1912 782 1954 vivetis.
844 1912 1105 1968 Quicunque
1131 1913 1243 1953 enim
1273 1927 1300 1954 a
1327 1912 1466 1954 divino
1492 1912 1579 1967 spi-

106 1971 193 2012 ritu
208 1975 433 2023 reguntur,
451 1969 491 2009 hi
511 1968 636 2025 filii
661 1977 760 2011 sunt
779 1969 983 2022 Doifflei
1001 1971 1139 2023 sunt).
1162 1967 1395 2010 Praeterea
1409 1968 1452 2010 in
1464 1968 1581 2010 Ben-

106 2027 208 2082 yelit'
221 2027 406 2067 lectione
419 2023 530 2068 εἰσίν
541 2031 658 2067 recte
673 2025 876 2082 displicet
892 2027 931 2066 in
946 2026 1191 2068 sententiae
1204 2027 1329 2067 linem
1349 2023 1579 2080 rejectum.

219 2082 277 2125 V.
293 2084 360 2126 15.
391 2081 665 2124 Sententiam
689 2098 754 2125 vs,
772 2083 839 2126 14.
854 2083 1125 2140 propositam
1142 2082 1437 2139 Ap.ea:emplo
1452 2081 1580 2122 lecto-

107 2153 227 2191 rum,
256 2141 327 2195 qui
355 2139 610 2181 hauddubie
634 2140 718 2181 Dee·
734 2138 819 2192 filii
838 2144 946 2191 sint,
980 2141 1238 2180 corroborat
1261 2139 1302 2180 h.
1327 2150 1409 2179 m.:
1441 2150 1575 2192 quos-

108 2209 278 2252 cunque
300 2196 384 2237 Dee?
405 2196 584 2249 spiritns
604 2201 742 2251 reflat,
776 2210 850 2236 eos
871 2197 956 2238 Dei
972 2193 1084 2248 filios
1106 2210 1205 2237 esse
1227 2197 1288 2248 (v.
1315 2194 1418 2249 l4.)‚
1450 2194 1582 2235 docu-

111 2261 255 2293 mento
284 2267 355 2293 vos
388 2252 497 2293 estis
518 2253 741 2307 (genuini,
772 2253 857 2293 nisi
879 2253 1034 2303 fallor,
1065 2249 1378 2293 christianiae
1399 2249 1582 2307 proinde

110 2308 196 2350 Dei
222 2309 349 2360 filii),
382 2309 456 2364 qui
481 2323 564 2349 non
589 2309 823 2365 spiritum,
855 2324 940 2365 quo
961 2309 1078 2349 servi
1101 2308 1334 2356 ducuntur,
1365 2306 1440 2348 sed
1462 2306 1581 2364 ejus-

111 2363 224 2405 modi
251 2365 455 2421 spiritum
479 2379 500 2405 a
528 2366 625 2407 Deo
652 2365 935 2422 acceperiti5‚
967 2365 1041 2420 qui
1068 2362 1254 2417 filiorum
1273 2367 1336 2404 est
1359 2364 1582 2417 adoptato-

110 2436 204 2464 rum
227 2425 289 2474 (v,
316 2422 420 2475 15.).
468 2422 692 2476 δουλείας]
715 2423 786 2464 71.
803 2418 970 2469 δειλίας
1001 2421 1136 2476 (quod
1160 2422 1263 2463 olim
1288 2419 1338 2462 Ρ.
1362 2419 1513 2461 Junins
1535 2419 1581 2463 h.

112 2478 145 2520 l.
176 2483 219 2518 et
247 2477 386 2522 Hebr.
406 2479 459 2530 2,
502 2478 570 2520 15.
602 2484 766 2519 temere
798 2477 1019 2534 conjecit).
1081 2477 1162 2520 Est
1192 2475 1346 2518 calami
1377 2489 1501 2517 error
1521 2479 1584 2530 (V.

112 2534 140 2574 2
169 2533 290 2576 Tim.
327 2536 373 2585 l,
413 2536 456 2576 7.
489 2549 608 2578 varr.
644 2536 792 2587 lech),
825 2525 906 2575 non
939 2536 1153 2576 correctio
1186 2549 1238 2576 ex
1268 2534 1296 2574 2
1319 2530 1438 2575 Tim.
1465 2535 1509 2582 l,
1538 2533 1583 2576 7.

114 2591 245 2632 facta.
294 2605 370 2631 πιέ
381 2591 466 2642 ι’μα
486 2590 708 2643 ϋουλείαςῐ
731 2591 927 2643 spiritus,
967 2592 1105 2643 (sualis
1131 2591 1346 2634 servitutis
1377 2590 1407 2632 i.
1430 2603 1469 2631 e.
1493 2603 1584 2631 ser-

113 2660 257 2688 vorum
279 2650 342 2686 est
365 2646 392 2688 i.
417 2661 460 2701 q.
487 2648 627 2687 malus
648 2647 826 2688 daemon
842 2679 852 2697 ,
883 2647 1028 2702 qualis
1052 2662 1202 2690 servos
1233 2649 1364 2702 regit.
1411 2646 1585 2698 πνεῦμα

115 2699 365 2756 υἱοθεσίας]
387 2703 563 2756 spiritus
582 2704 719 2758 (sectilis
738 2704 972 2757 adoptionis
991 2704 1033 2745 h.
1048 2719 1086 2747 e.
1105 2705 1399 2758 adoptatorum
1417 2707 1484 2744 est
1497 2704 1526 2744 i.
1541 2716 1585 2758 q.

115 2759 286 2813 qenins,
315 2758 454 2814 qualis
478 2758 665 2800 homines
696 2761 739 2800 in
767 2758 879 2813 lilios
909 2760 1139 2813 adoptatos
1165 2759 1391 2813 gubernat.
1458 2758 1585 2800 Hanc

119 2815 462 2872 explicationem
496 2812 549 2856 P.
579 2816 903 2869 argumentatio
933 2817 1092 2873 poscit.
1156 2815 1271 2858 Nam
1291 2817 1537 2873 quicunque
1559 2827 1587 2856 a
