1715 3115
416 193 501 238 CA
520 191 573 237 P.
607 190 775 236 Vlll.
808 192 901 235 Vs.
933 193 1013 237 38.
1047 198 1100 236 et
1127 194 1226 238 39..
1475 197 1562 240 225

88 299 216 343 nibus
248 300 325 357 qui
351 299 590 342 honoribus
618 299 856 354 fungantur
883 299 990 353 vim,
1028 305 1076 343 ut
1096 299 1372 345 metuendum
1394 303 1475 356 sit,
1505 321 1560 349 ne

85 356 174 399 Dei
193 358 456 399 voluntatem
475 358 531 399 ab
549 357 976 412 aliquoabalienent,
1003 371 1126 400 nemo
1147 358 1254 400 sana
1279 366 1420 401 mente
1434 376 1559 420 prae..

85 411 206 454 ditus
242 414 443 466 finxerit,
487 419 532 456 et
559 415 655 455 loco
686 414 711 455 1
744 412 864 456 l'etr.
890 415 932 465 3,
951 414 1023 457 22.
1062 415 1300 461 refellitur.
1369 417 1561 463 Clemens

84 470 216 511 Alae.
258 470 424 514 Strom.
459 471 490 516 l,
524 470 605 514 lv.
644 485 686 527 p.
714 470 840 520 373„
889 471 1038 524 Gron,
1074 471 1223 516 Reicle.
1247 478 1293 514 et
1324 475 1450 518 multi
1479 479 1559 520 alii

84 520 188 568 οὔτε
211 520 386 581 ἄγγελοι
410 522 512 569 οἶῖτε
531 525 664 583 ἀρχαί
680 527 734 567 ad
758 527 897 568 malos
915 528 1120 580 angelos,
1159 529 1234 585 qui
1254 528 1445 574 Satanae
1464 548 1560 577 ser-

82 581 207 624 viunt
231 583 346 640 Eph.
374 586 417 636 G,
439 585 506 628 12.
534 586 755 635 referunt,
794 583 895 639 quia
915 582 960 625 in
992 585 1131 627 honos
1161 586 1341 641 angelos
1367 590 1558 633 malevo-

79 639 218 681 lentia
247 653 331 682 non
362 640 512 694 eadat,
551 647 598 682 ut
621 640 761 682 Deum
784 641 840 682 ab
870 640 1090 683 hominum
1110 655 1257 684 amore
1279 657 1464 688 avocare
1485 662 1557 690 co-

79 701 256 740 nentur.
314 698 382 740 At
410 697 453 742 h.
478 698 510 741 l.
534 711 615 739 non
646 696 868 754 improbae
897 703 1079 740 naturae
1110 713 1221 754 quae
1253 714 1332 756 pro
1356 703 1433 745 sua
1464 699 1557 746 ma-

78 752 176 795 litia
198 753 446 796 incumbere
467 754 722 806 videantur,
759 759 807 796 ut
831 753 973 795 Deum
995 754 1050 796 ab
1072 756 1319 798 homiuibus
1339 765 1556 813 avertant,

76 822 307 851 recensere
330 812 423 853 vult
447 811 495 855 P.
514 820 644 868 atque
666 811 832 853 frustra
853 811 955 852 illas
975 811 1177 854 laborare
1197 813 1445 870 ostendere,
1475 819 1558 861 sed

78 866 211 910 rebus
241 868 499 921 nominatis,
551 883 660 925 quas
694 881 824 924 quum
867 867 1158 911 validissimae
1197 871 1286 912 sint
1325 871 1410 914 Dei
1450 888 1556 929 erga

77 936 156 965 nos
168 938 354 966 amorem
367 925 522 966 tollere
539 924 843 982 possecredas‚
855 923 1173 979 demonstrare,
1188 927 1295 969 nihil
1309 929 1412 980 fingi
1423 945 1556 988 posse

75 982 198 1022 tanta
223 981 262 1022 vi
288 982 564 1033 instructum,
599 987 644 1024 ut
666 981 809 1023 Deum
830 995 880 1022 ex
903 982 1041 1024 amico
1064 983 1284 1026 inimicum
1307 987 1434 1029 nohis
1453 989 1556 1031 red-
1613 1037 1620 1043 ,

74 1036 179 1079 dere
200 1043 349 1095 queat.
411 1039 660 1096 Aptissima
679 1045 747 1080 est
768 1039 904 1093 igitur
923 1039 1122 1080 bonorum
1144 1042 1415 1096 augelorum,
1444 1060 1555 1101 quo-

75 1108 170 1136 rum
207 1096 440 1153 praecipua
483 1097 543 1137 sit
576 1095 793 1150 dignitas,
838 1101 886 1136 ut
910 1098 1253 1150 praepotente'aemz
1281 1104 1553 1157 naturarum,

73 1153 253 1197 mentio.
321 1152 477 1210 Neque
498 1153 609 1195 enim
633 1158 776 1194 utrum
806 1167 881 1193 eas
904 1165 1059 1194 nocere
1080 1154 1206 1195 nobis
1226 1158 1338 1198 velle
1357 1172 1554 1202 consen—

72 1212 248 1251 taneum
269 1210 329 1252 sit
359 1226 411 1252 an
434 1210 760 1253 dissentaneum
783 1209 1040 1266 quaeritur3
1080 1211 1191 1253 illud
1216 1214 1487 1270 affirmatur,
1514 1218 1554 1260 si

72 1279 228 1308 nocere
256 1267 393 1309 velint
421 1282 504 1309 non
535 1282 665 1325 posse
694 1267 784 1321 (Cf.
819 1266 919 1311 Gal.
950 1269 990 1320 1,
1006 1268 1087 1319 8.).
1156 1269 1407 1325 'I'lzeophyl.:
1461 1272 1553 1326 Οὐχ

72 1317 133 1373 ὦς
159 1325 245 1364 τῶν
273 1321 465 1380 ἀγγέλων
493 1326 540 1366 δὲ
569 1321 856 1378 ἄφιστώντων
885 1320 988 1372 τούς
1021 1322 1291 1381 ἀνθρώπους
1318 1327 1409 1370 ἄγῃ)
1429 1333 1553 1386 Χρι-

71 1381 180 1421 στοῦ
209 1373 306 1423 εἷπε
334 1383 488 1430 τοῦτο,
527 1379 640 1422 ἀλλὰ
672 1378 774 1422 καθ’
802 1377 1026 1422 ὑπόθεσιν
1054 1381 1130 1424 τὸν
1155 1381 1285 1438 λόγον
1313 1385 1460 1436 τιθείς
1479 1413 1549 1431 -.

69 1436 229 1494 Neque
258 1452 351 1480 voc.
383 1432 560 1494 ἄγγελοι
586 1437 700 1480 nude
731 1437 949 1494 positum,
993 1438 1083 1480 nisi
1112 1439 1157 1480 in
1183 1441 1303 1483 claro
1327 1451 1550 1498 contextu,

69 1495 210 1535 malos
237 1495 440 1549 angelos,
480 1495 670 1538 Satanae
700 1494 943 1547 satellites,
982 1493 1188 1550 designat
1215 1499 1277 1553 (ι’.
1295 1497 1400 1544 Jud.
1428 1503 1472 1546 6.
1490 1503 1549 1546 cl.

69 1550 229 1596 Mattli.
247 1552 401 1604 25,41.
421 1552 564 1597 2Cor.
586 1553 706 1602 12,7.
726 1551 754 1592 2
780 1549 897 1593 Petr.
909 1552 951 1604 2,
964 1552 1043 1604 4.).
1103 1553 1267 1595 Eodem
1287 1564 1548 1611 argumento

74 1606 215 1662 Wolfia·
248 1610 307 1654 al.
340 1610 453 1652 ratio
482 1610 718 1659 evertitur,
759 1608 834 1664 qui
865 1622 967 1651 voce
998 1608 1174 1664 ἄγγελοι
1195 1612 1330 1654 malos
1350 1616 1548 1669 angelos,

67 1666 277 1709 vocabulo
313 1664 444 1719 ἀρχαί
485 1667 610 1708 bonos
651 1666 830 1719 angelos
866 1664 953 1707 dici
988 1667 1262 1713 existimant.
1334 1668 1546 1715 Precario

66 1722 199 1764 etiam
220 1737 364 1765 vocem
387 1717 560 1777 Hyydm
583 1724 731 1775 bonos,
768 1736 862 1767 voc.
883 1720 1015 1777 ἀρχαί
1036 1724 1172 1767 malos
1190 1727 1372 1779 angelos
1391 1735 1545 1772 notare

65 1779 238 1822 diceres
261 1783 280 1822 1
305 1779 427 1822 Petr.
447 1782 488 1830 3,
507 1781 594 1825 22..
657 1779 894 1835 Perspicne
917 1786 1196 1835 naturarum,
1234 1798 1418 1839 quarum
1443 1801 1547 1829 con-

65 1836 204 1878 traria
234 1843 353 1878 esset
385 1835 579 1889 indoles,
622 1837 844 1893 oppositio
874 1836 1104 1879 indicanda
1134 1839 1295 1883 fuerat.
1365 1842 1422 1883 Et
1449 1848 1545 1886 tota

65 1893 171 1934 haee
200 1892 313 1933 ratio
345 1893 561 1934 imbecillo
590 1893 747 1934 nititur
778 1898 1059 1948 argumento,
1098 1895 1196 1950 quia
1219 1910 1291 1938 res
1311 1901 1544 1955 oppositae

64 1955 108 1991 et
124 1954 224 1990 ante
243 1945 468 2001 (θάνατος,
504 1947 612 2003 ζωή)
631 1955 674 1990 et
697 1956 797 2006 post
820 1948 1073 2002 (ἐνεστῶτα,
1101 1952 1332 2002 μέλλοντα.
1352 1956 1540 2010 {latonam

60 2002 228 2061 βάθος)
247 2013 663 2056 commemorentur,
694 2007 988 2048 necessarium
1009 2021 1122 2058 esse,
1152 2015 1201 2049 ut
1224 2024 1338 2055 voce.
1362 2007 1543 2067 ἄγγελοι,

63 2069 107 2106 et
125 2059 258 2118 ἀρχαί
277 2063 494 2105 contraria
516 2063 769 2117 angelorum
792 2076 952 2117 genera
974 2064 1335 2120 complectantur.
1379 2068 1540 2126 Neque

62 2120 176 2162 enim
201 2118 244 2162 id
266 2134 375 2161 nune
396 2120 489 2172 agit
513 2118 562 2163 Ρ.
578 2152 589 2170 ,
628 2125 675 2160 ut
696 2133 767 2160 res
789 2119 873 2160 sibi
892 2121 1120 2176 oppositas
1143 2124 1357 2178 cumulet,
1389 2126 1466 2167 sed
1489 2133 1540 2169 ut

61 2191 115 2219 ne
143 2177 473 2234 potentissimas
504 2174 675 2232 quidem
713 2189 785 2218 res
815 2175 903 2217 Dei
925 2190 1028 2230 erga
1062 2192 1139 2219 nos
1161 2193 1350 2223 amorem
1372 2184 1540 2225 exstin-

59 2247 194 2290 guere
229 2248 360 2291 posse
391 2240 577 2276 moneat.
654 2233 790 2275 Recte
828 2233 965 2285 igitur
996 2235 1133 2275 honos
1159 2236 1322 2278 diversi
1361 2242 1539 2293 generis

61 2291 244 2346 angelos
274 2295 606 2341 commemorat,
645 2305 755 2346 quos
784 2289 952 2331 viribus
985 2292 1261 2348 praepollere
1292 2293 1538 2340 Christiani

60 2361 155 2390 cum
178 2347 360 2391 „Iudaeis
380 2348 511 2401 vulgo
533 2353 759 2403 putarunt.
827 2347 885 2387 Et
906 2345 1019 2402 quod
1049 2353 1117 2389 ter
1138 2350 1180 2392 h.
1205 2352 1236 2393 l.
1260 2365 1329 2394 res
1352 2354 1437 2396 sihi
1457 2369 1537 2411 op-

58 2405 229 2462 positas
259 2406 350 2462 Ap.
380 2404 658 2456 memoravit,
699 2403 742 2446 id
761 2417 844 2445 non
868 2402 918 2447 P.
942 2404 1151 2454 consilio,
1183 2407 1257 2448 sed
1280 2410 1344 2450 rei
1367 2410 1536 2453 tribue-

55 2461 157 2505 rim.
213 2460 400 2503 Multum
423 2462 535 2503 enim
564 2461 667 2502 illae
697 2461 741 2501 in
762 2473 837 2509 re,
871 2459 925 2501 de
950 2461 1031 2517 qua
1054 2465 1301 2518 exponitur,
1332 2474 1533 2522 possunt.

59 2512 160 2561 ὀὔτε
188 2515 414 2574 δυνάμεις]
452 2517 575 2560 Haec
605 2531 721 2559 voce.
753 2523 854 2572 post
883 2517 985 2558 office
1013 2513 1145 2571 ἀρχαί
1176 2522 1304 2575 vulgo
1325 2525 1461 2578 lecta,
1491 2525 1533 2567 si

63 2575 251 2630 genuina
280 2580 429 2617 essent
458 2580 520 2631 (v.
542 2574 702 2627 infra),
732 2587 862 2628 neque
891 2577 1122 2626 potestates
1152 2576 1181 2619 i.
1201 2591 1239 2620 e.
1278 2593 1417 2636 neque
1455 2583 1532 2638 qui

57 2630 218 2674 habent
254 2636 516 2688 potestatem
558 2636 632 2672 aut
675 2630 977 2682 magistratum
1016 2632 1197 2684 (Abstr.
1236 2649 1317 2692 pro
1358 2637 1532 2691 Conon,

57 2687 359 2744 Qsltbcnttdsser
388 2690 444 2731 cf.
476 2686 629 2742 ἀρχαί,
669 2685 888 2737 ἐξουσίαι,
933 2684 1211 2744 κυριότητες,
1254 2690 1435 2746 θρόνοι)
1455 2709 1532 2735 va-

54 2744 197 2786 lerent
223 2751 268 2786 et
286 2747 476 2802 aliquem
496 2745 702 2785 bonorum
733 2743 986 2796 angelorum
1012 2743 1205 2788 ordinem
1236 2747 1528 2795 declararent.

55 2799 232 2858 Quippe
259 2800 432 2843 diversa
464 2816 562 2843 esse
587 2801 795 2842 bonorum
816 2801 1068 2852 angelorum
1090 2816 1246 2855 genera
1275 2804 1323 2849 P.
1343 2806 1527 2850 Iudaeis

53 2869 261 2899 assensus
302 2859 481 2910 statuit,
528 2871 638 2913 quae
673 2857 743 2900 his
780 2857 1028 2899 nominibus
1057 2857 1284 2905 distinxit:
1333 2860 1524 2920 ἄγγελοι,

98 2924 282 2960 Fritzscltc
303 2925 364 2970 Ep.
389 2927 429 2961 ad
451 2926 556 2961 Rom.
579 2925 617 2958 Ρ.
644 2925 684 2958 ΙΙ·
1038 2913 1076 2956 Ρ
