1715 3115
605 193 700 239 CA
716 192 767 239 P.
798 191 894 237 xl.
928 191 1019 237 Vs.
1047 193 1110 238 2..
1520 197 1608 242 435

123 302 277 346 beatos
298 315 396 344 esse
416 300 633 352 voluerit,
664 305 738 342 aut
763 301 910 342 favore
939 314 1019 341 suo
1050 300 1278 356 amplexus
1305 302 1381 346 sit.
1442 301 1607 346 Melius

121 365 268 401 tamen
301 359 406 400 mihi
437 360 662 416 posterior
691 358 998 414 interpretatio
1030 358 1173 412 placet
1203 372 1288 400 non
1328 360 1470 401 solum
1503 375 1605 416 pro-

120 423 222 474 pter
246 418 266 457 l
290 416 392 460 Cor.
414 417 457 469 8,
471 417 512 459 3.
537 417 637 459 Gal.
663 417 757 466 4,st
778 416 805 456 2
823 415 942 457 Tim.
966 415 1116 466 2,19.,
1155 416 1231 455 sed
1261 416 1391 457 etiam
1425 416 1604 470 idcirco,

157 472 238 514 uod
261 474 455 526 acutius,
500 488 628 529 quam
652 473 776 530 prior
807 472 1053 524 enarratio,
1095 472 1339 514 antitheton
1372 475 1604 516 verborum

120 529 337 571 απιῦσατο
357 536 398 571 et
421 531 621 584 προέγνω
653 529 803 572 officit.
864 529 965 571 Non
996 529 1221 570 continent
1250 543 1288 572 v.
1322 522 1372 569 ‘dr
1398 532 1602 586 προέγνω

120 587 363 638 rationem,
397 602 507 643 quae
532 587 675 628 Deum
697 586 903 643 populum
928 600 1053 626 suum
1087 585 1295 642 rejecisse
1327 593 1493 629 temere
1524 603 1602 630 ex-

118 643 310 685 istimari
339 645 516 696 doceat,
557 644 595 684 si
629 643 735 684 hanc
764 643 1105 699 explicationem
1136 643 1314 685 inieris:
1352 658 1434 685 nou
1467 659 1601 702 repu-

118 700 258 742 dias-it
281 700 406 742 Deus
428 701 635 757 populum
665 714 814 751 suum,
856 715 983 755 quem
1005 698 1160 756 (cujus
1184 700 1438 754 ingenium)
1468 710 1599 743 autea

119 760 239 813 (ante
264 757 410 798 mundi
444 758 591 809 initia)
619 762 765 798 notum
802 757 953 797 habuit
985 757 1061 809 (cf.
1091 754 1293 810 11‚198.)
1324 757 1366 800 h.
1397 772 1434 800 e.
1469 773 1597 816 quem

118 815 189 855 sui
211 814 458 855 studiosum
483 820 522 854 ct
546 814 724 857 Christo
749 814 830 854 title
863 814 1082 855 addictum
1114 814 1207 854 fore
1239 814 1472 871 praevidit.
1531 817 1599 859 At

118 871 182 912 sic
215 871 294 912 hoc
325 870 408 912 dici
436 871 643 923 Meyerus
671 871 886 913 obvertit:
918 885 1002 912 non
1033 871 1284 926 repudiavit
1307 871 1430 913 Deus
1459 887 1599 930 popu-

117 927 208 969 lum
231 941 373 979 suum,
404 928 528 983 cujus
551 927 704 968 bonam
728 927 916 968 indolem
939 933 1039 968 ante
1062 928 1208 968 mundi
1232 928 1471 983 primordia
1497 944 1598 986 per-

119 984 363 1040 spexisset:
394 984 547 1023 namsi
570 999 661 1024 eam
685 984 823 1025 nihilo
847 985 988 1024 minus
1018 983 1321 1039 repudiasset,
1363 985 1487 1028 Deus
1518 1001 1594 1028 er-

116 1044 257 1082 russei
289 1046 333 1080 et
367 1039 590 1097 improbos
630 1040 828 1081 homines
867 1040 1030 1096 probos
1070 1041 1166 1081 fore
1206 1047 1432 1096 putasset,
1479 1042 1595 1098 quod

116 1095 215 1138 fieri
249 1097 417 1152 nequit.
489 1096 582 1138 lmo
615 1098 651 1137 si
683 1096 806 1138 Deus
847 1097 1064 1137 nationem
1105 1098 1416 1150 israeliticam,
1467 1097 1595 1154 eujus

115 1153 389 1208 praeclaram
413 1152 604 1194 indolem
625 1159 724 1194 ante
749 1153 951 1194 mundum
973 1153 1193 1195 conditum
1216 1162 1491 1210 perspectam
1517 1159 1596 1197 ha-

114 1209 310 1261 buisset,
364 1215 507 1251 tamen
541 1218 691 1266 postea
723 1210 975 1269 rejecisset,
1023 1225 1117 1251 eam
1151 1213 1370 1252 nationem
1398 1227 1478 1269 pro
1512 1214 1593 1255 sust

113 1267 429 1323 omnipotentia
452 1268 746 1323 corrupisset,
791 1282 900 1324 qnae
932 1267 1110 1310 Christo
1141 1268 1268 1310 tidem
1299 1268 1592 1326 adjunxisset,

115 1323 153 1364 si
175 1324 215 1364 ei
243 1339 322 1364 suo
350 1324 536 1365 arbitrio
567 1327 712 1365 vivero
743 1339 821 1379 per
848 1325 986 1365 Deum
1017 1325 1234 1367 licuisset.
1303 1325 1417 1368 Nam
1453 1327 1594 1368 homi-

113 1393 193 1422 nes
212 1380 400 1438 rejectos
423 1386 690 1423 (UtellthCt'S
710 1382 852 1423 Dens
874 1382 1079 1434 reddidit,
1112 1396 1164 1421 ne
1193 1381 1278 1423 fide
1299 1383 1479 1425 Christo
1512 1385 1592 1425 ha-

112 1436 204 1478 hita
231 1438 464 1479 bearentur
488 1453 525 1480 v.
551 1439 592 1479 8.
616 1453 684 1493 sq.
718 1442 784 1480 ll.
815 1439 902 1481 25..
962 1437 1030 1480 lta
1064 1446 1208 1479 autem
1241 1439 1427 1481 Paulum
1459 1455 1591 1494 argu-

113 1500 352 1536 mentatum
376 1509 472 1536 esse
493 1496 610 1535 erc-di
643 1496 816 1551 nequit:
859 1509 938 1536 non
974 1495 1177 1550 rrjertam
1210 1510 1309 1538 esse
1337 1512 1358 1537 a
1382 1497 1482 1538 Deo
1514 1513 1590 1538 na-

112 1551 276 1593 tionem
300 1552 582 1593 israeliticam
606 1551 703 1593 inde
727 1559 869 1608 patet,
911 1555 1024 1607 quod
1057 1553 1204 1594 nobile
1236 1553 1331 1609 ejus
1364 1555 1587 1607 ingenium

112 1616 215 1650 ante
235 1610 381 1650 mundi
403 1609 641 1664 primordia
671 1618 946 1665 perspectum
980 1609 1132 1650 habuit
1163 1615 1204 1651 et
1225 1611 1364 1652 Deum
1388 1613 1482 1664 pios
1507 1612 1588 1654 leo-

111 1665 251 1707 'niues
272 1667 533 1721 depravasse
562 1667 745 1708 absurde
770 1668 994 1708 statuitur.
1058 1666 1169 1708 Nam
1202 1669 1450 1719 argumenti
1478 1683 1588 1725 pon-

111 1721 196 1763 dus
215 1727 303 1764 tam
326 1722 521 1763 abditum
543 1729 681 1770 osset,
714 1730 761 1764 ut
785 1738 805 1763 a
831 1725 1001 1763 nemine
1028 1723 1157 1764 facile
1187 1730 1434 1768 erueretur.
1496 1727 1590 1768 Ao-

111 1777 255 1831 cedit,
287 1778 401 1834 quod
425 1777 474 1820 P.
495 1779 551 1819 ab
575 1780 653 1820 hiic
675 1780 889 1821 sententia
916 1781 1090 1822 minime
1111 1781 1363 1834 abhorruit,
1404 1780 1589 1826 Iudaeis

113 1835 170 1876 ab
201 1850 247 1876 se
279 1849 362 1876 non
392 1835 574 1875 delectis
608 1837 747 1877 Deum
781 1837 1071 1892 pervicaciam
1102 1837 1154 1878 ad
1195 1844 1368 1894 tempus
1408 1840 1588 1882 insemi-

113 1904 246 1933 nasse
275 1893 344 1944 (v.
373 1893 415 1932 7.
434 1893 624 1943 -26.).
695 1890 932 1948 Perper-am
955 1893 1125 1946 Chrys.,
1157 1894 1338 1946 neum„
1380 1895 1588 1952 Ten-ren„

111 1947 311 1991 Rosenm.
335 1948 546 2003 multique
572 1948 647 1988 alii
670 1949 816 1989 verbis
840 1942 890 1989 ‘dv
914 1949 1115 2002 προέγνω
1144 1951 1351 1992 vocabula
1377 1950 1453 1992 τὸν
1478 1951 1587 1994 λαὸν

111 1998 250 2046 αὖτοῦ
269 2005 518 2045 accuratius
539 2005 748 2046 constitui
770 2020 907 2061 eoque
935 2006 988 2046 ad
1011 2005 1278 2049 Judaeorum
1309 2015 1478 2064 partem
1514 2023 1586 2051 re-

111 2062 275 2117 stringi
307 2063 473 2118 opinati
506 2069 607 2102 sunt
641 2063 682 2104 h.
717 2076 776 2104 r.:
821 2077 903 2103 uon
945 2063 1192 2118 repudiavit
1223 2063 1349 2105 Deus
1384 2066 1586 2119 populum

111 2132 232 2160 situm
247 2156 259 2172 ,
287 2119 412 2174 cujus
432 2119 583 2159 bonam
606 2119 782 2160 indolem
802 2124 931 2160 antea
950 2124 1093 2161 notam
1117 2120 1261 2161 hahuit
1285 2121 1326 2164 h.
1346 2135 1384 2164 e.
1408 2135 1483 2163 eos
1503 2121 1584 2166 Ju-

111 2174 270 2228 daeos,
311 2190 419 2232 quos
444 2175 540 2231 pios
569 2181 610 2216 et
640 2175 722 2216 fide
743 2175 998 2217 Abrahamo
1025 2176 1197 2217 similes
1226 2177 1322 2218 sore
1347 2178 1584 2235 praevidit.

111 2231 330 2274 Namtoto
352 2233 494 2289 capite
515 2232 698 2273 invitatu
722 2233 805 2274 loci
832 2234 968 2283 10‚19.
987 2258 1040 2264 ——
1056 2234 1127 2276 21.
1151 2234 1334 2276 consilia
1356 2249 1584 2291 exponun-

111 2294 209 2342 tur,
248 2304 359 2346 quae
396 2292 517 2330 lli-us
547 2288 599 2328 de
629 2290 802 2331 natione
829 2290 1069 2331 israelitica
1093 2291 1322 2347 saluteque
1355 2292 1395 2332 ei
1427 2306 1583 2334 conce-

111 2345 254 2388 denda
278 2347 423 2389 inierit
445 2350 505 2400 (v.
530 2346 568 2388 l.
590 2347 630 2387 7.
657 2348 723 2389 ll.
745 2347 812 2389 14.
834 2347 907 2387 24.
930 2371 981 2376 —
999 2348 1108 2400 32).
1169 2347 1225 2388 Et
1258 2347 1347 2389 veri
1371 2348 1582 2391 Abraha-

83 2451 86 2454 .
111 2402 278 2455 midae,
310 2404 383 2460 qni
406 2403 555 2460 proavi
578 2401 704 2443 iidem
726 2404 1025 2455 amnulentur,
1059 2417 1140 2444 non
1168 2404 1308 2445 solum
1339 2405 1402 2461 pii
1431 2412 1477 2447 et
1504 2407 1581 2462 qui

112 2459 292 2501 Christo
315 2461 440 2502 tidem
466 2460 711 2501 habuerunt
732 2460 886 2501 Juduei
906 2460 1202 2516 appellantur,
1223 2460 1298 2502 sed
1319 2461 1448 2503 etiam
1468 2476 1574 2516 yen-

109 2515 231 2568 tiles,
261 2521 334 2573 qui
356 2517 524 2559 sincera
546 2515 628 2557 lide
648 2516 871 2559 Christum
893 2517 1082 2572 amplexi
1107 2522 1231 2569 sunt,
1260 2518 1390 2569 4,16.
1413 2519 1515 2561 Gal.
1538 2521 1581 2570 6,

112 2574 183 2616 16.
201 2576 262 2626 (v.
286 2573 483 2628 Rueck).
508 2598 562 2604 —
620 2572 748 2615 Nunc
769 2578 1002 2630 postquam
1027 2575 1120 2631 Ap.
1141 2588 1225 2615 non
1248 2573 1457 2633 rejectum
1480 2590 1580 2618 esse

108 2643 133 2670 a
155 2629 252 2671 Deo
273 2631 480 2687 populum
508 2631 791 2672 israeliticum
812 2630 983 2671 idoneis
1006 2631 1278 2686 argumentis
1303 2631 1579 2674 demonstra-

110 2685 176 2728 vit
195 2699 234 2728 v.
251 2688 288 2727 l.
305 2690 363 2739 2.,
385 2702 462 2743 quo
483 2689 523 2729 iu
542 2693 661 2729 statu
682 2687 776 2743 ejus
797 2689 944 2743 populi
969 2702 1040 2729 res
1059 2690 1149 2729 sint
1172 2689 1381 2731 ostendit.
1413 2690 1577 2744 Quem-

110 2742 342 2785 admodum
367 2745 487 2786 lz'liae
509 2746 808 2800 temporibus,
839 2744 1007 2800 inquit,
1039 2743 1181 2786 Deum
1202 2746 1380 2801 aliquod
1403 2750 1575 2798 piorum

108 2798 378 2843 Judaeorum
417 2803 698 2843 seminarium
737 2801 823 2842 sibi
863 2801 1120 2858 relliquisse
1144 2804 1284 2844 nostis
1313 2817 1352 2845 v.
1382 2804 1424 2846 2.
1445 2803 1577 2855 ——4.,

107 2858 173 2899 sic
203 2871 314 2899 nunc
345 2871 517 2915 quoque
547 2859 721 2915 aliquas
747 2859 919 2915 piorum
951 2858 1256 2958 lsrazllitarum
1287 2861 1473 2916 benigne
1504 2863 1578 2902 du-

1083 2917 1093 2925 *
1111 2930 1133 2957 e
1174 2924 1200 2957 2:
