1715 3115
146 205 232 249 532
429 200 806 247 EPISTOLA
839 200 940 245 AD
972 201 1334 248 ROMANOS

151 308 223 351 nio
244 306 421 350 l'el'ellit.
476 305 574 350 Jam
595 305 755 348 dudum
777 306 893 347 enim
916 311 1088 362 tempus
1109 307 1240 360 exiit,
1270 323 1355 365 quo
1375 309 1526 366 populi
1549 308 1621 366 jn-

150 365 265 407 daici
289 364 343 405 ad
368 377 492 405 sacra
514 364 670 407 christ.
689 363 993 405 transitionem
1024 370 1274 406 eventuram
1305 380 1403 407 esse
1437 367 1624 423 putavit.

155 423 267 464 Nam
289 420 508 478 proximis
529 421 656 460 annis
682 435 822 476 neque
844 420 1048 462 Christus
1073 421 1123 462 de
1154 422 1274 463 caelo
1304 436 1506 464 reversus
1540 428 1624 473 est,

152 494 292 533 neque
319 478 574 533 priusquam
611 477 689 518 hoc
718 478 842 518 fleret.
863 475 1125 520 Judaeorum
1159 478 1346 533 populus
1374 493 1528 536 sapere
1557 479 1623 519 di-

152 536 272 577 dicit.
334 533 519 576 Frustra
552 533 788 591 objicitur,
831 548 1091 589 quamquam
1124 531 1178 575 P.
1209 536 1260 575 de
1287 540 1472 587 tempore
1499 550 1622 578 erra-

152 593 290 641 verit,
320 596 463 632 tamen
484 590 579 649 ejus
602 592 824 631 oraculum
849 590 931 631 lide
954 590 1131 641 dignum
1152 604 1275 633 esse:
1310 605 1408 632 nam
1438 598 1624 649 tempuS,

155 663 240 705 quo
263 647 449 689 Messias
471 646 523 688 de
543 649 663 688 caelo
686 648 726 688 in
750 653 911 688 terram
933 647 1158 688 rediturus
1186 651 1329 700 esset,
1367 661 1623 705 quemquam

154 707 266 747 scire
289 705 432 746 Deum
464 705 676 746 noluisse.
736 703 894 746 Matth.
916 703 1071 756 24,:>‘6.
1095 706 1200 745 Act.
1222 705 1313 754 1,7.
1335 703 1624 760 (filmer-11³0.

154 761 271 804 Sane
291 762 381 802 dies
398 793 410 813 ,
441 775 526 816 quo
551 760 740 802 Mes-siae
763 760 990 801 sollemnis
1014 759 1067 800 de
1087 762 1209 801 caelo
1234 761 1277 801 in
1306 761 1454 801 orbem
1483 766 1623 802 terra-

154 834 249 860 rum
281 817 505 873 expeditio
535 818 731 859 facienda
760 822 900 867 esset,
948 817 1108 857 nemini
1150 817 1339 858 innotuit
1367 817 1525 862 Matth.
1551 818 1624 870 24,

153 877 242 918 36..
312 874 401 915 Sed
437 888 532 915 eam
568 874 816 929 priusquam
844 874 911 914 sui
935 874 1134 929 aequales
1162 873 1405 916 interissent
1434 875 1623 916 futuram

155 946 254 973 esse
278 935 396 972 certo
430 931 543 971 scire
573 936 770 972 servator
792 929 951 973 Matth.
971 930 1126 982 24534.
1153 935 1197 970 et
1220 928 1385 972 Paulus
1409 930 1537 975 Rom.
1557 933 1628 984 13,

157 991 228 1032 11.
263 990 283 1029 1
308 988 412 1031 Cor.
433 988 584 1040 15,51.
617 989 638 1028 l
662 986 827 1030 Thess.
853 986 979 1037 4‚15.
1007 1001 1071 1042 sq.
1106 986 1192 1027 sibi
1221 986 1304 1027 visi
1337 993 1456 1032 sunt.
1515 987 1627 1045 Spe-

155 1046 276 1087 ciose
297 1044 487 1094 dixeris,
516 1043 812 1085 necessarium
834 1043 994 1094 fnisse,
1026 1048 1073 1084 ut
1094 1043 1218 1084 Deus
1242 1041 1424 1085 Paulum
1443 1043 1496 1085 de
1517 1048 1627 1086 tem-

156 1116 262 1159 pore
284 1115 435 1143 errare
464 1105 706 1156 pateretur.
763 1099 1012 1142 Cavendum
1043 1100 1157 1141 enim
1194 1099 1356 1151 tuisse,
1400 1114 1452 1141 ne
1480 1098 1627 1157 p'rius-

158 1173 286 1214 quam
310 1157 506 1198 homines
536 1156 767 1198 christiani
800 1170 954 1212 sapere
980 1163 1024 1197 et
1057 1170 1266 1196 summam
1297 1157 1550 1198 felicitatem
1580 1157 1626 1199 in

158 1215 294 1255 animi
331 1214 493 1270 pietate
529 1214 775 1269 mentisque
801 1212 976 1253 actuosa
1009 1213 1340 1254 immortalitate
1368 1228 1531 1270 ponere
1558 1212 1627 1255 di-

159 1270 373 1313 dicissent
395 1271 702 1326 intempestive
729 1284 876 1311 eorum
905 1270 1055 1326 opinio
1082 1268 1137 1310 de
1154 1269 1320 1312 Messia
1347 1271 1496 1326 paullo
1526 1274 1628 1326 post

158 1327 324 1370 summa
354 1341 449 1368 cum
480 1328 634 1383 pompa
664 1327 715 1367 de
744 1328 864 1368 caelo
897 1332 1101 1378 venturo,
1150 1334 1387 1368 extremum
1410 1326 1625 1383 judicium

160 1384 386 1438 magnifice
427 1383 714 1424 commissum
754 1390 797 1425 ct
845 1382 1120 1440 splendidum
1172 1397 1350 1437 regnum
1396 1383 1627 1425 conditum

159 1441 321 1483 Matth.
351 1440 506 1492 25,31.
526 1455 625 1496 sqq.
659 1442 682 1481 l
706 1440 871 1483 Thess.
893 1440 1020 1491 4,15.
1043 1441 1162 1495 sqq.)
1191 1444 1478 1481 everteretur.
1539 1439 1627 1481 Sed

161 1497 277 1553 quod
298 1495 348 1540 Ρ.
367 1496 645 1539 denuntiavit
667 1511 807 1552 neque
829 1511 906 1553 per
926 1511 973 1537 se
996 1497 1121 1538 valde
1150 1496 1362 1537 credibile
1386 1504 1456 1537 est
1487 1510 1626 1551 neque

160 1553 330 1596 idoneis
351 1554 624 1606 argumentis
645 1553 699 1592 ab
719 1568 769 1593 co
793 1553 1026 1594 firmatum.
1085 1552 1228 1607 Quum
1253 1552 1304 1592 de
1325 1552 1524 1594 omnihus
1556 1567 1626 1593 re-

161 1610 241 1652 bus
263 1624 344 1650 non
365 1610 514 1650 eadem
533 1610 724 1650 omnium
749 1610 966 1649 hominum
989 1609 1204 1649 sententia
1235 1609 1317 1659 sit,
1356 1615 1444 1649 tum
1473 1608 1526 1649 de
1558 1623 1626 1649 re-

161 1668 241 1708 bus
271 1666 433 1707 divinis
465 1680 630 1708 summa
661 1679 834 1721 semper
861 1665 945 1705 fuit
976 1679 1233 1720 semperque
1260 1665 1345 1705 erit
1374 1665 1624 1720 opinionum

158 1722 478 1778 discrepantia,
509 1725 556 1762 nt
577 1723 810 1777 plerosque
833 1721 1020 1775 gentiles
1042 1721 1209 1764 Christi
1230 1721 1506 1776 disciplinam
1529 1736 1628 1778 pro-

162 1781 342 1820 baturos
369 1785 596 1833 totumque
626 1780 832 1835 populum
860 1776 1147 1818 israeliticum
1177 1776 1356 1819 Christo
1386 1777 1510 1817 lidem
1551 1776 1628 1818 ad-

153 1836 372 1894 jecturnm
398 1849 496 1875 esse
528 1849 609 1874 non
637 1833 866 1875 admodum
897 1834 1135 1875 verisimile
1161 1834 1237 1877 sit.
1294 1832 1415 1877 Scite
1442 1833 1627 1875 chtsie-

160 1893 277 1935 nieme:
307 1924 333 1944 „
348 1891 412 1932 Ex
432 1892 512 1932 hoc
535 1892 628 1931 loco
653 1891 828 1946 quidam
855 1890 1039 1946 probare
1060 1892 1305 1941 voluerunt,
1333 1903 1527 1943 magnam
1547 1889 1627 1933 Ju-

159 1949 367 1989 daeorum
402 1946 457 1988 ad
485 1946 708 1990 Christum
746 1948 1073 1988 conversionem
1111 1947 1250 1988 adhuc
1291 1946 1625 2002 exspectandam

160 2019 277 2047 esse.
335 2005 401 2047 At
421 2018 503 2045 non
528 2005 665 2057 magis
687 2006 785 2045 hinc
805 2004 1040 2061 probatur,
1070 2018 1218 2044 omnes
1241 2002 1432 2047 Iudaeos
1449 2017 1627 2044 conver-

161 2077 254 2103 sum
276 2061 354 2111 iri,
386 2075 512 2116 quam
536 2075 682 2101 omnes
704 2067 854 2113 gentes
885 2074 936 2102 ex
966 2075 1120 2101 comm.
1141 2060 1230 2103 25..
1286 2059 1459 2101 Deinde
1487 2074 1626 2114 nequo

160 2132 255 2159 cum
281 2119 434 2158 natura
455 2117 640 2158 hominis
665 2131 801 2172 neque
820 2132 914 2158 cum
935 2116 1082 2157 indole
1104 2116 1324 2158 doctrinae
1336 2116 1502 2159 Christi
1523 2130 1626 2156 con-

159 2175 305 2225 sistit,
339 2178 387 2215 ut
404 2175 535 2214 talem
562 2175 841 2215 mutationem
867 2187 1109 2229 speremus.
1169 2172 1361 2223 Scimus,
1395 2172 1499 2228 quid
1525 2172 1624 2212 hac-

159 2236 286 2272 tenns
323 2236 578 2283 argumenta
611 2245 687 2286 pro
719 2231 900 2271 veritate
928 2229 1152 2270 doctrinae
1182 2227 1349 2272 Christi
1389 2228 1627 2280 effecerint,

161 2288 363 2327 nimirum
384 2288 584 2342 quosdam
607 2287 858 2338 credidisse,
895 2290 1096 2340 quosdam
1125 2300 1205 2327 non
1231 2286 1470 2328 credidisse.
1530 2284 1622 2325 Nec

161 2358 265 2384 nova
307 2357 487 2399 sperare
529 2343 802 2398 possninus.”
869 2341 957 2382 Sed
986 2342 1224 2393 fingamus,
1271 2342 1502 2397 plerosque
1531 2346 1621 2380 tum

159 2401 348 2452 gentiles
369 2407 457 2440 tum
473 2399 664 2442 Judzwos
685 2397 919 2454 aliquando
933 2397 1109 2440 Christo
1132 2397 1256 2438 lidem
1273 2398 1499 2439 habituros
1510 2411 1623 2440 esse.
1683 2439 1692 2453 ‚‚

165 2456 276 2497 {Num
304 2456 463 2497 idcirco
483 2461 816 2496 consentaneum»
849 2461 942 2506 est,
980 2460 1055 2495 ant
1082 2468 1158 2494 eos
1187 2468 1336 2495 omnes
1363 2459 1438 2494 aut
1466 2453 1622 2494 saltem

159 2527 307 2553 eorum
347 2513 581 2568 plerosque
610 2519 698 2552 tam
728 2511 873 2561 lirina,
914 2518 1001 2551 tam
1030 2514 1282 2561 constante,
1318 2517 1404 2551 tam
1435 2511 1504 2565 pia
1540 2508 1622 2549 fide
1684 2551 1686 2554 ,

158 2569 331 2610 futuros
363 2584 483 2621 esse,
531 2575 576 2608 ut
608 2567 662 2608 iis
687 2568 953 2622 sempiterna
988 2567 1176 2608 felicitas
1205 2572 1320 2607 recte
1347 2566 1623 2620 impertiatur
1671 2568 1682 2616 Ἰ

159 2626 231 2676 (cf.
261 2639 299 2667 v.
321 2622 447 2676 32.st
489 2623 759 2678 Permagnns
791 2638 900 2663 nnnc
929 2623 1146 2663 hominnm
1175 2622 1249 2677 qui
1265 2622 1449 2664 Christo
1480 2621 1624 2662 credi—
1677 2655 1685 2670 ,

158 2681 305 2722 derint
329 2695 533 2722 numerus
553 2688 642 2722 cst:
681 2681 757 2720 sed
783 2685 896 2719 recte
916 2687 990 2719 ant
1010 2686 1056 2721 ut
1076 2693 1180 2718 sana
1203 2679 1315 2718 ratio
1344 2679 1509 2733 poscit,
1546 2679 1622 2719 fir-
1667 2686 1692 2730 3,·

159 2752 240 2788 mc,
263 2744 303 2778 et
326 2739 395 2794 pie
416 2744 491 2779 aut
512 2737 570 2776 ita
591 2736 856 2776 credentium
883 2743 927 2775 ut.
949 2734 1046 2776 lidei
1067 2735 1361 2792 sinceritatem
1385 2735 1498 2774 vitae
1521 2748 1621 2774 san-
1676 2756 1683 2765 ·

158 2794 308 2834 ‹etitem-
339 2793 523 2849 probent
555 2793 658 2833 mira
692 2794 887 2848 pant-itas
914 2799 997 2832 est.
1057 2790 1186 2833 Adde
1204 2790 1468 2833 =ludaeorum
1500 2790 1623 2842 inge-
1667 2798 1673 2802 ‘

157 2851 296 2900 nium,
336 2851 410 2905 qui
436 2849 784 2892 Christianorum
812 2849 1013 2901 dogmata
1044 2848 1098 2889 (le
1126 2847 1349 2899 trinitate,
1392 2846 1446 2888 (le
1471 2846 1621 2887 disin-5
1671 2850 1682 2884 ξ
