1715 3115
121 169 205 212 138
401 166 783 210 EPlSTOLA
814 168 914 210 AD
945 167 1308 212 ROMANOS

120 274 249 315 liberi
281 288 331 314 ex
365 274 508 314 servis
537 273 646 314 liunt
673 278 715 314 et
751 273 920 330 lilii.”).
981 275 1151 316 Deinde
1173 280 1219 316 ut
1240 274 1319 331 τῆς
1340 271 1584 326 υἱοθεσίας,

123 346 205 371 non
233 332 306 385 ιζς
327 328 587 381 ἐλευθερίας
608 331 708 373 Gal.
730 331 781 381 4,
810 332 881 374 26.
900 333 1152 373 vocabulum
1183 332 1230 374 P.
1254 335 1458 387 poneret,
1487 346 1586 373 sen-

121 388 257 428 tentia
287 401 351 428 vs,
379 387 444 429 14.
478 387 716 438 flagitavit,
746 402 872 443 quam
894 388 978 429 sibi
1004 389 1081 429 hoc
1104 403 1168 430 vs.
1192 387 1446 429 tirnmndam
1468 403 1586 430 sum-

120 451 254 486 serat.
318 443 473 483 Voluit
505 443 618 484 onim
654 457 932 500 quoscunque
965 445 1243 496 Deispe‘re‘tns
1267 449 1464 498 regeret,
1507 459 1584 486 eos

120 502 222 542 1100·
244 499 410 556 filios
433 514 533 539 osso
556 504 616 553 (v.
646 501 735 551 14.)
756 515 806 542 ex
826 516 876 542 eo
900 502 1105 559 perspici,
1138 501 1250 556 quod
1276 501 1476 553 Romani,
1508 501 1584 543 ho-

121 557 258 597 mines
291 556 402 597 hand
432 556 564 596 ‹lubie
593 557 825 598 christiani
854 565 897 599 et.
929 573 1039 614 quos
1075 558 1156 598 Dei
1180 558 1366 613 spiritus
1389 557 1584 610 duceret,

119 613 333 668 ejusmodi
367 614 570 667 spiritum
606 614 902 670 accepissent,
936 615 1010 666 qni
1039 614 1250 655 lnnm'num
1274 619 1406 665 esset,
1437 615 1585 656 inDei

112 663 226 724 lilios
249 670 569 722 adoptatorum.
628 669 742 710 Tum
765 685 852 712 rem
875 671 983 711 illud
1005 671 1201 720 coniicit,
1232 669 1345 726 quod
1380 672 1470 726 Ap.
1500 671 1580 711 ho-

118 727 255 768 minos
285 727 439 768 christ.
456 726 623 767 Christi
656 729 786 783 opera
811 743 833 768 a
860 729 954 769 neo
979 729 1210 783 adoptatos
1231 742 1327 767 osse
1351 727 1582 783 perspicue

115 784 225 824 dixit
261 782 361 824 Gal.
382 783 435 833 4,
465 783 494 821 4
514 797 581 838 sq.
613 783 725 840 Eph.
749 787 795 835 l,
825 785 892 836 5.‚
925 783 1034 825 unde
1067 798 1146 823 nos
1177 783 1344 825 Christi
1375 783 1582 825 beneficio

116 841 232 880 lilios
259 839 369 889 Dei,
399 839 472 894 qui
500 845 624 880 antea
649 850 730 881 non
754 842 1006 891 fuissemus,
1024 840 1211 881 redditos
1231 854 1328 880 esse
1347 839 1582 896 consequi-

113 903 201 938 tur.
262 894 490 936 Postremo
527 895 574 938 l'.
601 898 773 939 minime
795 898 847 938 ab
873 898 950 938 hac
972 896 1188 937 sententia
1216 897 1469 948 abhorruit,
1500 896 1580 938 Sa-

114 958 244 994 tanae
266 952 383 993 filios
407 953 648 995 censendos
661 968 758 995 esse
773 955 967 995 homines
982 953 1149 996 Christi
1172 953 1423 994 interventu
1444 951 1580 994 aDeo

114 1009 302 1049 nondum
325 1009 558 1065 adoptatos
579 1025 618 1054 V.
636 1011 746 1068 Eph.
764 1011 806 1063 2,
825 1012 867 1053 2.
890 1012 944 1054 cl.
969 1010 1104 1053 lJoh.
1125 1010 1166 1060 3,
1189 1009 1249 1052 8..
1293 1008 1392 1050 Νοη
1415 1010 1580 1050 rectius

117 1066 310 1107 Usterius
340 1065 394 1106 ad
429 1065 530 1110 Gal.
551 1067 603 1119 4,
632 1067 701 1119 5.,
729 1065 806 1123 τὴν
832 1064 1065 1109 υἱοθεσίαν
1092 1066 1152 1106 ibi
1175 1066 1314 1107 adulti
1335 1066 1416 1107 filii
1438 1071 1482 1107 et
1503 1065 1580 1122 qui

113 1136 258 1163 rerum
291 1137 468 1163 suarum
500 1123 569 1180 jus
599 1123 786 1181 adeptus
807 1124 866 1165 sit
888 1123 1180 1165 conditionem
1203 1123 1349 1164 valere
1369 1122 1579 1165 similitu-

112 1177 256 1218 dinem
290 1174 547 1230 ostendere,
598 1181 680 1235 qua
716 1179 766 1223 P.
797 1195 903 1221 usus
935 1180 1018 1231 sit,
1068 1179 1307 1236 perhibuit.
1385 1178 1579 1222 Judacos

112 1235 250 1284 enim,
281 1235 381 1290 quia
416 1236 456 1276 in
485 1235 692 1290 pupillari
722 1241 864 1278 aetate
897 1236 1086 1276 fuissent
1114 1235 1238 1290 (Gal.
1266 1237 1318 1287 4,
1353 1235 1443 1290 3.),
1492 1248 1575 1276 non

112 1292 312 1347 quoniam
338 1291 471 1332 alium
497 1292 642 1347 potius
669 1307 795 1348 quam
812 1292 952 1333 Deum
976 1297 1143 1348 patrem
1167 1292 1438 1343 habuissent,
1463 1291 1578 1344 legis

111 1362 220 1390 mos.
243 1349 708 1404 tanquanrpuedayoye'
738 1350 919 1405 imperio
944 1348 1166 1406 subjectos
1195 1348 1360 1399 fuisse3
1400 1362 1424 1388 e
1450 1349 1577 1403 cujus

110 1404 322 1445 servitute
344 1404 525 1446 redemti
548 1406 621 1460 qui
641 1404 719 1460 τὴν
738 1403 970 1446 υἱοθεσίαν
991 1405 1356 1460 consequutiesse
1374 1403 1578 1445 dicantur

111 1461 213 1504 Gal.
240 1462 296 1513 4,
339 1462 407 1513 5.,
449 1476 524 1503 eos
553 1476 694 1503 rerum
727 1477 903 1504 sauream
931 1462 1235 1504 (cate-toritatem
1264 1466 1306 1502 et
1332 1460 1574 1502 adultorum

105 1515 292 1570 filiorum
324 1517 435 1573 jura
473 1518 694 1573 accepisse
731 1518 773 1558 in
808 1523 983 1574 promtu
1017 1532 1132 1560 esse.
1206 1517 1368 1558 Totum
1402 1517 1512 1557 hunc
1540 1517 1574 1560 1.

113 1574 303 1615 [fis-terius
323 1588 473 1630 parum
497 1575 722 1615 subtiliter
742 1575 970 1631 explicuit.
1014 1574 1194 1614 Scilicet
1219 1573 1320 1616 Gal.
1342 1573 1384 1624 3,
1411 1572 1483 1614 23.
1505 1587 1574 1628 sq.

108 1629 162 1673 Ρ.
185 1631 380 1671 homines
412 1631 524 1681 legis
549 1645 658 1673 moS.
682 1631 865 1686 imperio
889 1629 1090 1671 subditos
1113 1644 1204 1670 cum
1226 1629 1370 1683 pueris
1387 1629 1575 1669 contulit

107 1687 374 1742 paedagogo,
408 1687 481 1742 qui
504 1686 690 1728 nondum
714 1688 888 1728 adultos
910 1692 1145 1738 coerceret,
1175 1685 1403 1743 subjecti&
1461 1684 1574 1739 Qui-

110 1747 191 1784 bus
225 1744 298 1799 qui
335 1750 615 1799 opponuntur
646 1740 735 1784 υἱοὶ
765 1745 877 1784 θεοῦ
908 1743 1045 1784 «clodii
1076 1748 1117 1784 et
1137 1741 1337 1796 suijuris
1357 1741 1469 1797 facti
1489 1741 1572 1782 filii

109 1801 195 1841 Dei
217 1806 318 1842 sunt
345 1801 444 1843 Gal.
464 1802 513 1850 3,
540 1801 628 1843 28..
691 1800 784 1841 Hos
806 1799 938 1852 fides,
976 1806 1182 1854 tanquam
1211 1798 1370 1840 aetatis
1391 1797 1573 1840 maturi-

106 1862 190 1908 tas,
221 1872 243 1896 a
269 1857 509 1913 paedagogi
532 1856 714 1913 imperio
737 1857 959 1899 liberavit.
1020 1854 1122 1897 Non
1143 1855 1312 1896 diutius
1335 1854 1447 1894 enim
1468 1868 1572 1910 pae-

106 1914 303 1967 dagogus
327 1928 486 1970 pueros
508 1913 720 1965 custodit,
752 1929 878 1969 quam
900 1913 952 1953 ad
975 1918 1186 1953 maturam
1212 1915 1396 1952 aetatem
1420 1924 1573 1967 perve-

109 1973 269 2011 nerint.
347 1970 472 2011 Hanc
514 1985 615 2011 vero
656 1970 906 2011 hominibus
947 1970 1099 2010 attulit
1126 1968 1317 2011 Christus
1342 1971 1418 2007 aut
1449 1966 1574 2008 Fides

106 2026 319 2083 (expende
343 2028 444 2069 Gal.
463 2028 504 2077 3,
525 2028 764 2080 23—28.).
827 2027 1005 2068 Missam
1022 2024 1351 2081 socitAp.hanc
1371 2023 1571 2064 collatio-

107 2098 200 2124 nem
225 2098 375 2125 ›em-am
398 2085 626 2137 ingressus
650 2084 752 2126 Gal.
774 2083 826 2135 4,
864 2085 902 2126 l.
926 2098 994 2138 sq.
1054 2080 1337 2138 Comparavit
1356 2079 1468 2119 enim
1493 2079 1571 2118 ho-

106 2141 269 2190 mines,
302 2140 376 2195 qui
407 2140 520 2192 legis
550 2155 657 2182 mos.
680 2140 867 2181 vinculis
887 2145 1167 2189 tenerentur,
1195 2151 1288 2177 cum
1309 2135 1464 2186 servi-9,
1495 2135 1570 2176 ho-

106 2197 243 2237 mines
265 2196 356 2237 illis
379 2197 563 2237 vinculis
576 2196 744 2239 Christi
765 2195 898 2253 opera
920 2197 1148 2238 exsolutos
1168 2208 1260 2234 cum
1276 2193 1382 2233 viris
1403 2205 1461 2232 επ
1479 2205 1570 2233 ser-

105 2253 165 2294 ris
194 2255 236 2293 ῖη
267 2253 349 2293 Dei
375 2253 485 2305 filios
515 2254 731 2306 adoptatis
760 2254 861 2296 Gal.
881 2254 931 2305 4,
962 2254 1005 2294 5.
1024 2253 1079 2294 cl.
1103 2265 1142 2294 v.
1163 2252 1222 2292 7..
1283 2250 1341 2290 Et
1370 2262 1422 2288 ne
1442 2261 1568 2304 quem

103 2309 325 2365 posterior
358 2309 616 2359 similitudo,
650 2324 760 2365 quac
783 2310 969 2366 priorem
992 2308 1226 2363 exciperet,
1259 2306 1414 2346 mirum
1438 2303 1569 2345 habe-

105 2370 197 2417 ret,
237 2366 473 2407 transitum
518 2366 602 2406 sibi
644 2367 698 2406 ab
736 2367 813 2407 hac
846 2365 901 2405 ad
935 2365 1055 2405 illam
1086 2363 1259 2420 paravit
1286 2376 1368 2404 non
1394 2361 1569 2417 differre

101 2436 279 2475 puerum
318 2423 500 2464 nondum
539 2423 605 2463 sni
639 2421 757 2477 juris
796 2421 963 2478 fuctum
1001 2435 1028 2461 α
1055 2434 1173 2462 servo
1212 2425 1256 2461 et
1285 2417 1495 2460 monendo
1524 2420 1568 2457 et

103 2478 374 2519 ostendendo
405 2480 506 2520 Gal.
529 2479 571 2529 4,
604 2480 642 2521 l.
664 2479 707 2522 2.
730 2504 780 2510 —-
820 2476 1037 2532 (Attende
1057 2476 1333 2533 potissimum
1354 2473 1408 2515 ad
1433 2471 1565 2515 verba

103 2549 143 2577 v.
168 2536 209 2576 l.
241 2531 368 2576 οὐδὲν
409 2536 615 2589 διαφέρει
652 2530 881 2582 δούλου,
923 2548 964 2576 v,
997 2534 1039 2575 3.
1070 2528 1492 2583 δεδουλωμένοι
1521 2532 1566 2570 et

102 2605 142 2633 v.
172 2591 252 2640 7.).
315 2590 515 2632 Ceterum
555 2593 673 2643 loca,
721 2591 795 2632 ubi
834 2590 1078 2633 Christiani
1118 2589 1204 2631 Dei
1228 2588 1312 2642 filii
1340 2590 1566 2637 vocantur,

103 2648 158 2688 iis
180 2660 262 2687 non
289 2654 558 2702 repugnant,
590 2649 632 2689 in
657 2649 815 2703 quibus
836 2661 862 2689 a
888 2648 977 2688 Deo
998 2647 1040 2686 in
1056 2645 1172 2699 filios
1199 2643 1391 2698 (adoptati
1414 2642 1564 2683 dicun-

102 2708 176 2744 tur
197 2703 299 2745 Gal.
318 2703 371 2755 4,
401 2704 442 2745 5.
460 2706 503 2745 6.
527 2704 653 2747 Rom.
674 2706 717 2756 8,
742 2706 826 2746 lo..
886 2701 938 2744 In
962 2703 1054 2743 illis
1073 2702 1187 2743 enim
1210 2700 1563 2744 Christianorum

95 2759 199 2816 jura
220 2765 475 2815 spectantur
495 2760 678 2813 (habent
698 2766 841 2802 autem
863 2759 1060 2815 adoptati
1076 2758 1264 2811 filiorum
1293 2754 1563 2811 privilegia),

102 2818 145 2858 in
177 2815 247 2858 his
280 2830 365 2858 non
387 2816 541 2857 natura
569 2816 645 2859 sed
666 2815 1020 2860 extraordinario
1041 2813 1227 2872 quodam
1249 2812 1341 2856 Dei
1359 2812 1563 2854 instituto
