1715 3115
202 193 287 235 2&
483 184 860 235 EPISTOLA
894 192 994 236 AD
1026 192 1384 237 ROMANOS

201 298 372 338 vetusto
394 294 568 335 oraculo
590 293 886 350 comprobavit
902 294 944 337 h.
969 309 1030 338 r.:
1069 310 1121 337 an
1152 296 1380 338 calamitas
1412 310 1490 339 nos
1518 311 1540 339 a
1573 297 1657 340 Dei

202 367 305 406 erga
339 366 417 392 nos
448 364 592 392 amoro
619 350 842 407 disjunget
868 376 921 382 -
956 367 1013 393 (ιη
1033 353 1144 394 ritae
1162 354 1418 407 pericnlum,
1447 368 1501 396 un
1519 354 1657 396 inten-

200 413 318 450 ratus
344 401 542 462 yladae'us‘?
601 404 962 464 Quandoquidem
980 413 1114 450 ,vetus
1142 415 1260 450 rates
1287 410 1467 461 cecinit,
1498 410 1590 452 fore
1612 416 1659 452 ut

199 465 245 506 hi
274 477 445 519 quoque
464 467 657 504 terrores
686 477 786 515 nos,
815 465 887 520 qui
909 463 1050 505 Deum
1073 464 1142 520 pie
1175 466 1440 518 coleremus,
1475 466 1658 508 circum-

201 526 387 564 starent.
454 518 564 560 Mihi
592 521 811 576 postorior
840 521 951 562 ratio
980 523 1118 575 magis
1137 521 1302 577 placet,
1333 536 1462 578 quum
1484 523 1577 588 Ap.
1605 521 1659 564 de

200 576 356 629 malis,
404 589 515 632 quae
545 574 788 618 Christiani
813 575 901 633 jam
928 577 1102 633 experti
1140 583 1310 628 essent,
1349 592 1479 633 agere
1511 578 1657 620 videa-

200 639 275 674 tur
300 635 361 688 (v,
382 646 422 674 v.
442 633 513 675 37.
535 632 590 675 cl.
611 635 718 675 Act.
741 632 784 685 8,
799 635 875 685 1,).
933 631 1006 675 Sic
1033 647 1115 674 non
1146 633 1386 675 mirabilem
1416 633 1575 676 dehere
1596 634 1658 675 vi-

197 689 293 730 deri
320 694 396 730 aut
417 688 768 731 Christianorum
786 689 953 731 animos
974 690 1244 730 consternari
1264 695 1427 732 tantam
1448 692 1660 733 malorum

197 750 499 802 tempestatem
533 744 694 802 quippe
721 745 764 786 in
794 744 850 788 V.
870 745 927 788 T.
980 745 1214 787 racdictam
1234 751 1334 802 apte
1356 743 1408 789 P.
1429 747 1658 790 monuerit.

197 802 287 844 Sed
318 808 633 857 utrumcunque
659 802 921 857 praetuleris
974 801 1162 844 elitescit
1198 803 1353 853 v.36.‚
1391 807 1439 844 ut
1459 803 1658 858 quinon-

196 859 284 900 nisi
308 859 461 899 ultima
484 872 522 902 v.
542 858 613 900 35.
631 872 671 902 v.
691 863 767 900 aut
786 859 999 915 explicet,
1036 863 1112 900 aut
1130 858 1413 912 communiat,
1443 873 1581 915 neque
1600 857 1656 899 ad

196 915 510 972 disputationis
541 929 749 956 summam
777 915 982 971 pertinet.
1061 914 1160 956 Non
1189 915 1324 968 igitur
1353 915 1385 956 ii
1424 916 1657 972 reprehen-

196 971 328 1014 dendi
357 977 484 1023 sunt,
522 971 597 1026 qui
633 985 728 1013 eum
762 971 885 1012 uncis
913 970 1200 1012 incluserunt.
1271 971 1382 1012 Nam
1412 969 1457 1013 ἐν
1485 970 1660 1020 τούτοις

197 1034 337 1070 πᾶσιν
354 1041 394 1071 v.
413 1028 484 1070 37.
506 1028 635 1069 etiam
658 1026 712 1068 ad
734 1041 773 1070 ν.
791 1029 862 1071 36.
887 1034 1082 1095 spectare
1110 1025 1323 1084 (Meyer.)
1354 1028 1463 1068 male
1483 1034 1658 1069 conten-

198 1085 342 1136 ditur,
374 1098 512 1139 ueque
545 1098 689 1125 verum
710 1090 776 1126 est
804 1081 916 1124 ἄλλα
936 1097 976 1128 v.
994 1084 1064 1126 37.
1087 1084 1278 1139 ineptum
1301 1097 1396 1124 esse
1411 1117 1422 1131 ,
1452 1084 1506 1128 si.
1526 1098 1567 1126 v.
1584 1083 1658 1126 37.

197 1140 495 1184 tantummodo
514 1139 568 1180 ad
589 1154 628 1183 v.
649 1140 719 1183 35.
742 1140 960 1181 referatur
986 1139 1186 1195 (Rueck,
1216 1139 1350 1195 dm).
1408 1137 1549 1181 ἕνεκεν
1577 1139 1659 1181 σοῦ

197 1201 244 1240 θ.
270 1196 306 1238 ὁ.
327 1212 363 1238 τ.
387 1195 444 1252 ἢ]
471 1201 646 1251 propter
674 1201 737 1247 ic,
779 1196 820 1239 h.
853 1210 890 1238 e.
924 1196 1123 1252 quoniam
1154 1200 1196 1236 te
1227 1195 1391 1250 (Deum
1413 1195 1542 1247 dicit,
1572 1209 1656 1236 non

196 1254 446 1298 Christum:
484 1258 551 1294 est
579 1254 690 1294 enim
723 1261 762 1296 v.
797 1252 868 1295 33.
899 1253 1081 1306 genuina
1116 1252 1243 1292 lectio
1279 1253 1358 1292 τοῦ
1389 1253 1555 1304 θεοῦ)
1586 1251 1657 1307 pie

195 1324 468 1368 veneramur.
495 1309 699 1362 supplicio
713 1307 930 1363 afficimur
948 1310 1081 1377 §nunc
1104 1308 1161 1359 hi,
1192 1322 1303 1348 nunc
1325 1307 1412 1361 illi)
1429 1322 1507 1361 per
1523 1312 1657 1349 totum

195 1368 307 1410 diem
325 1370 369 1422 (a
392 1379 516 1406 mane
538 1364 592 1405 ad
615 1366 882 1420 vesperum).
941 1364 1100 1406 ἕνεκα
1130 1365 1224 1416 σοῦ]
1259 1363 1392 1405 Recte
1422 1363 1584 1405 Gre‘esb.
1612 1369 1658 1404 et

195 1422 376 1466 Luchm.
407 1419 587 1462 ἕνεκεν
618 1423 698 1461 σοῦ
730 1435 778 1461 ex
801 1421 863 1463 A.
898 1419 948 1465 Β.
976 1420 1026 1464 F.
1060 1421 1114 1463 G.
1143 1419 1280 1462 Clem.
1311 1418 1440 1473 Orig.
1462 1418 1658 1461 Method.

193 1479 354 1532 Chrys.
375 1479 433 1519 al.
457 1475 683 1520 dederunt.
733 1473 838 1530 ὅλην
856 1476 934 1529 τὴν
954 1474 1138 1531 ἡμέραν]
1170 1475 1242 1516 Sic
1260 1475 1406 1519 Lxx.
1434 1475 1467 1518 l.
1488 1490 1526 1518 c.
1546 1475 1658 1516 male

193 1541 421 1576 verterunt
453 1533 654 1588 :ivn-³:22,
694 1532 808 1587 quod
847 1530 908 1572 ibi
947 1538 1062 1572 esset
1089 1531 1292 1586 quotidie,
1339 1528 1441 1571 καθ’
1474 1526 1659 1599 ἑκάστην
1689 1576 1693 1583 ,

194 1589 361 1646 ἡμέραν
377 1588 475 1645 (Ps.
494 1588 737 1640 42,4.)non
756 1601 834 1641 per
852 1591 984 1628 totum
1004 1587 1113 1627 diem
1132 1585 1417 1640 (Jes.62,6..)
1462 1584 1575 1640 ἒλογ.
1600 1599 1660 1634 ως

196 1663 270 1701 πρ.
293 1650 386 1701 σῳ]
420 1645 639 1686 aestimati
660 1657 802 1684 sumus
820 1643 894 1694 (ab
914 1643 1199 1695 adversariis)
1218 1646 1263 1684 ut
1280 1656 1374 1683 oves
1391 1642 1512 1683 caedi
1527 1642 1658 1684 desti-

195 1708 341 1745 natae.
409 1699 565 1756 Neque
595 1699 707 1740 enim
736 1698 877 1740 nostri
908 1698 1150 1739 adversarii
1179 1711 1258 1753 per
1285 1703 1421 1738 totum
1441 1697 1554 1739 diem
1579 1711 1658 1738 nos

187 1758 464 1815 juyulureM,
496 1756 581 1796 nisi
614 1770 691 1796 nos
720 1755 761 1795 in
795 1753 1116 1795 mactandarum
1149 1754 1292 1795 ovium
1313 1767 1490 1794 numero
1509 1753 1658 1794 duxis-

191 1821 301 1858 sent.
360 1814 492 1857 v.37.
535 1811 680 1853 Tollit
727 1809 775 1854 P.
816 1811 1107 1866 suspicionem
1146 1810 1473 1866 percontatione
1508 1823 1549 1853 V.
1585 1808 1658 1852 35.

192 1869 360 1924 θλίψις
379 1895 431 1900 -—
452 1893 507 1899 ——
533 1863 558 1923 {J
583 1866 803 1922 μάχαιρας
852 1867 1203 1923 comprehensam
1237 1865 1506 1923 objectione,
1545 1878 1656 1921 quae

193 1928 315 1969 illam
349 1941 401 1967 ex
435 1924 627 1984 cujusvis
654 1924 797 1964 animo
825 1922 989 1979 ejiciat.
1056 1924 1131 1964 An
1153 1923 1402 1973 calamitas,
1432 1935 1484 1962 an
1508 1934 1658 1977 perse-

195 1983 373 2040 quutio,
411 1996 465 2022 an
505 1983 663 2031 sames,
707 1994 758 2020 an
799 1979 1009 2021 intentata
1051 1993 1166 2020 mors
1201 1992 1279 2020 nos
1311 1978 1365 2019 ab
1391 1991 1538 2019 amore
1573 1990 1658 2032 quo

194 2041 320 2082 Deus
347 2053 424 2079 nos
456 2037 740 2095 prosequitur
769 2031 962 2078 avellet?
1011 2036 1070 2077 At
1104 2035 1144 2075 in
1178 2035 1245 2075 his
1287 2033 1484 2075 omnibus
1527 2032 1657 2073 malis

193 2096 411 2149 egregiam
442 2095 665 2136 victoriam
697 2099 972 2148 reportamus
1001 2105 1078 2148 per
1107 2092 1248 2132 Deum
1279 2090 1354 2146 qui
1385 2102 1462 2131 nos
1481 2089 1658 2131 amavit.

193 2151 452 2195 Absurdum
483 2157 550 2191 est
579 2149 715 2202 igitur
737 2148 1012 2199 existimare,
1051 2147 1192 2189 Deum
1214 2146 1412 2202 qnoniam
1433 2144 1658 2186 calamita-

193 2209 312 2251 tibus
332 2207 549 2272 jactemur
581 2219 704 2247 suum
737 2218 839 2257 erga
871 2219 949 2246 nos
992 2218 1181 2244 amorem
1220 2202 1453 2257 deponere.
1524 2200 1658 2241 Vires

194 2265 307 2307 enim
329 2265 404 2305 ille
425 2263 550 2304 nobis
572 2259 847 2317 suppeditat,
878 2260 1035 2316 quihus
1053 2260 1153 2300 illas
1175 2257 1448 2299 calamitates
1480 2255 1658 2311 egregie

196 2322 433 2364 vincamus.
485 2315 616 2358 Ἀλλά
647 2316 894 2373 objicientis
925 2320 969 2357 et
995 2329 1072 2371 per
1105 2314 1388 2370 objectionem
1421 2312 1656 2354 refutantis

196 2384 286 2428 est,
327 2382 373 2417 ut
395 2377 435 2416 in
458 2376 513 2426 l.,
543 2388 668 2430 quem
690 2373 988 2424 Hermogenes
1012 2387 1051 2426 p.
1075 2372 1172 2412 306.
1194 2384 1216 2411 e
1242 2370 1468 2411 Demosth.
1490 2382 1554 2411 or.
1575 2381 1656 2424 pro

195 2433 352 2474 corona
376 2432 547 2474 attulit:
586 2428 630 2470 τί
648 2427 729 2481 γὰρ
747 2428 1009 2479 βουλόμενοι
1037 2423 1366 2478 μετεπέμπεσθ’
1397 2424 1448 2465 ἂν
1468 2419 1656 2473 αὐτούς,-

196 2488 273 2531 ἐπί
297 2486 374 2542 τὴν
401 2486 597 2542 εἰρήνηη
626 2481 742 2526 ἀλλ’
772 2479 964 2539 ὑπῆρχεν
993 2480 1171 2523 ἅπασιν·
1202 2477 1293 2522 ἀλλ’
1326 2479 1401 2521 ἐπὶ
1420 2479 1495 2520 τὸν
1516 2476 1666 2520 nois--

196 2559 302 2597 μους
332 2539 445 2583 ἀλλ’
479 2541 606 2584 αὐτοὶ
637 2542 738 2594 περὶ
769 2535 943 2594 εἰρήνης
979 2536 1283 2590 ἐβουλεύεσθε.
1343 2536 1410 2578 cf.
1441 2535 1658 2588 Harlwey.

197 2602 307 2651 &bre
344 2610 419 2641 oon
461 2604 529 2641 ben
569 2600 681 2648 Spart.
720 2602 753 2640 b.
794 2607 850 2650 gt.
893 2597 993 2648 &pn
1033 2592 1099 2645 ΙΙ,
1117 2594 1207 2637 36..
1275 2591 1349 2633 Sic
1390 2590 1573 2633 Romani
1610 2595 1655 2631 ut

197 2661 430 2710 usurpant.
490 2653 559 2697 Cf.
590 2652 679 2696 Cic.
712 2651 767 2692 ad
795 2653 895 2693 Att.
915 2652 957 2700 7,
982 2652 1048 2702 ll,
1066 2650 1108 2693 3.
1139 2663 1219 2706 pro
1244 2646 1425 2690 Plancio
1451 2649 1487 2697 1,
1507 2648 1549 2697 4,
1572 2647 1656 2686 ll..

198 2709 246 2754 ἓν
274 2724 448 2757 voctote
476 2712 610 2750 πᾶσιν
638 2707 804 2763 basma]
835 2707 878 2747 in
908 2706 973 2747 his
1003 2705 1213 2756 omnibus,
1261 2717 1370 2759 quae
1389 2718 1429 2746 v.
1449 2703 1520 2745 35.
1540 2701 1657 2742 dicta

199 2773 302 2809 sunt
338 2763 522 2820 (θλίψις
639 2759 663 2818 ἢ
696 2763 959 2815 μάχαιρας),
1006 2762 1132 2802 malis
1169 2773 1420 2814 muynopere
1456 2758 1657 2819 vine-imm

197 2822 356 2880 (soph.
380 2821 446 2864 ΕΙ.
465 2820 564 2865 216.
587 2816 678 2860 ἀλλ’
700 2819 743 2862 ἑν
763 2816 846 2875 γὰρ
867 2818 1024 2866 δεινοῖς
1045 2814 1095 2859 οὗ
1118 2815 1264 2872 σχιὶσω
1292 2817 1298 2871 1
1325 2810 1651 2867 zoucags'xcagst
