1715 3115
143 165 231 209 ⁴90
427 160 803 206 EPISTOLA
833 160 935 205 AD
965 161 1325 206 ROMANOS

146 268 211 310 cri
229 265 432 323 [ideoque
453 265 584 307 etiam
607 264 700 307 Deo
717 265 835 320 yrati
855 269 897 307 et
916 267 1080 320 accepti
1101 267 1124 308 1
1143 266 1262 311 Tim.
1283 268 1325 320 4,
1336 266 1380 310 4.
1400 267 1443 310 5.
1462 267 1485 309 l
1506 265 1608 312 Cor.

150 325 438 377 7‚14.]s1mt,
467 336 608 364 eoram
628 322 786 375 posteri
804 321 955 377 quippe
984 336 1011 363 a
1037 324 1371 377 proqenitoribus
1399 323 1485 365 suis
1514 323 1609 366 Deo

148 380 384 423 consecrati
399 378 567 434 pariter
587 378 678 420 Deo
699 378 815 419 sacri
832 382 873 419 et
889 378 1006 432 yrati
1023 381 1147 433 sant)
1160 411 1171 433 ,
1210 385 1255 421 et
1283 379 1322 423 si
1348 380 1485 436 stirps
1507 378 1607 421 Deo

148 451 273 478 sacra
296 441 386 484 est,
415 439 517 476 sunt
538 434 669 476 etiam
690 433 800 475 rami
819 433 882 487 (b.
903 447 942 478 e.
965 434 1003 475 si
1021 435 1316 488 patriarchae,
1345 436 1416 492 qui
1440 439 1609 491 yentem

142 492 239 548 jud.
261 491 558 541 condiderunt,
588 491 680 532 Deo
700 490 815 532 sacri
834 495 874 531 et
895 490 988 531 cari
1007 495 1128 541 sunt,
1158 491 1288 532 etiam
1309 506 1410 546 qens
1438 491 1490 534 ab
1520 491 1608 533 illis

147 549 317 591 condita
344 548 437 589 Deo
465 561 593 588 sacra
623 550 665 587 et
693 551 868 601 accepta
894 548 1013 600 est.)
1083 545 1178 588 Hoc
1205 547 1243 588 si
1270 547 1609 604 perpenderitis,

146 617 232 645 non
253 603 636 654 honorificentius,
676 616 805 658 quam
832 616 912 659 par
940 607 1081 654 esset,
1124 617 1189 644 me
1219 602 1273 645 de
1303 602 1483 647 ,Iudaeis
1515 609 1608 645 sta-

146 662 288 702 tuisse
308 659 575 711 fatebimini,
606 672 736 714 quum
758 672 965 700 summam
985 659 1168 700 salutem
1188 660 1243 700 ab
1265 673 1412 701 eornm
1431 659 1515 702 fide
1538 673 1608 702 re-

146 724 339 774 peterem
361 731 401 759 v.
425 716 511 758 15..
568 713 714 769 Hujus
735 715 1115 771 interpretationis
1135 717 1298 757 veritas
1321 716 1384 758 sic
1411 715 1608 762 docetur.

146 774 444 816 Posteriorem
466 773 727 813 sententiam
751 772 793 812 iu
813 771 1086 826 patriarchas
1108 776 1151 813 et
1174 787 1310 827 genus
1340 773 1394 813 ab
1422 773 1478 814 iis
1505 786 1607 829 pro-

143 831 303 873 fectum
327 830 484 870 dictam
505 843 602 870 esse
624 828 751 879 longe
773 828 1064 869 certissimum
1093 833 1175 872 cst.
1235 828 1349 871 Nam
1378 829 1421 870 in
1450 828 1608 870 simili-

145 886 316 929 tudinis
338 885 662 927 continuatione
698 880 723 938 ἡ
750 882 849 939 ῥίζα
876 882 1169 939 patriarchas,
1209 881 1251 927 οὶ
1279 885 1435 927 κλάδοι
1465 897 1608 927 eorum

141 949 334 999 posteros
352 947 396 984 et
419 936 443 996 ἢ
467 939 594 982 ἐλαία
616 940 826 982 nationem
841 939 1068 996 judaicam
1091 940 1341 993 declarant,
1371 955 1498 995 quam
1530 954 1608 997 pa·-

144 1000 364 1042 triarchae
383 1010 618 1053 eorumque
648 997 814 1053 posteri
843 997 1113 1039 constituant
1143 1011 1181 1040 v.
1210 999 1280 1041 17.
1301 997 1463 1041 —24..
1518 997 1607 1043 At-

145 1057 222 1111 qui
241 1055 296 1096 ad
313 1055 486 1097 eosdem
508 1053 705 1095 homines
729 1054 851 1109 prior
873 1054 1088 1095 sententia
1118 1059 1285 1109 spectet
1314 1067 1490 1095 necesse
1522 1057 1606 1096 est.

142 1113 259 1156 Nam
283 1114 321 1154 si
354 1113 398 1153 in
427 1112 538 1153 alios
568 1109 715 1151 nescio
742 1124 850 1165 quos
880 1109 1074 1152 homines
1107 1110 1220 1152 dicta
1247 1118 1366 1152 esset
1398 1123 1607 1166 quorsum

142 1170 387 1227 pertineret
409 1167 700 1218 nesciremus,
731 1181 860 1222 quum
879 1180 1065 1222 quonam
1086 1166 1314 1208 reserenda
1336 1171 1456 1208 esset
1485 1166 1606 1207 nullo

141 1227 357 1268 elemento
380 1227 470 1281 Ap.
490 1223 728 1265 docuisset.
793 1222 888 1264 Hoc
916 1223 1012 1278 ipso
1041 1228 1183 1264 autem
1215 1223 1355 1280 priori
1381 1222 1607 1264 enuntiato

142 1282 326 1325 eandem
363 1294 491 1337 quam
531 1277 771 1337 posteriori
799 1279 1059 1320 sententiam
1089 1279 1271 1320 subesse
1300 1277 1351 1322 P.
1383 1277 1606 1330 indicavit,

142 1339 261 1397 quod
283 1337 545 1394 posterioris
567 1335 747 1377 membri
767 1335 1099 1376 similitudinem
1121 1349 1185 1378 vs,
1210 1337 1278 1379 17.
1298 1349 1396 1392 sqq.
1416 1335 1476 1375 ita
1504 1347 1606 1390 per-

145 1403 360 1451 sequutus
380 1399 463 1446 est,
492 1397 540 1435 ut
558 1393 720 1433 nullam
743 1390 1047 1433 similitudinis
1067 1391 1214 1448 priore
1233 1392 1328 1433 loco
1350 1392 1514 1448 positae
1534 1403 1605 1430 ra-

143 1453 303 1494 tionem
325 1451 521 1493 haberet.
578 1446 680 1491 Hfic
712 1447 900 1501 accedit,
939 1447 1052 1503 quod
1082 1448 1244 1504 prioris
1273 1446 1454 1488 membri
1483 1445 1604 1503 adje-

142 1509 287 1551 ctione
306 1521 415 1564 opus
438 1511 554 1559 erat,
584 1510 633 1547 ut
651 1503 833 1548 Judaeis
853 1518 876 1545 a
899 1504 1164 1560 patriarchis
1193 1503 1414 1559 impertita
1443 1502 1605 1543 sancti-

140 1569 213 1607 tas
231 1565 383 1606 effecta
400 1567 534 1606 esset.
594 1560 718 1616 Quae
735 1561 879 1603 verbis
902 1558 942 1602 εἰ
962 1558 987 1614 ἡ
1009 1559 1107 1614 ῥίζα
1130 1556 1254 1613 ἁγία,
1292 1560 1365 1601 καὶ
1384 1555 1427 1600 οἱ
1448 1556 1605 1600 κλάδοι

142 1622 321 1664 minime
351 1619 647 1660 demonstrata
679 1622 813 1659 esset.
872 1614 1097 1657 Potuisset
1126 1615 1238 1656 enim
1259 1615 1384 1656 Deus
1412 1611 1604 1670 patriar:-

141 1679 249 1721 cbas
274 1682 456 1734 propter
484 1675 689 1729 pietatem
718 1677 761 1714 et
789 1672 994 1714 virtutem
1024 1685 1148 1712 caros
1177 1671 1336 1713 habere
1368 1684 1604 1726 eorumque

142 1733 335 1792 posteris
372 1737 554 1788 propter
591 1729 856 1785 impietatem
897 1728 1131 1770 inimicari.
1197 1726 1266 1768 lta
1307 1726 1604 1769 tantummodo

143 1789 365 1834 conclusio
387 1788 504 1829 valet
522 1787 560 1828 εἱ
574 1785 855 1840 patriarchae
876 1785 968 1825 Deo
984 1785 1099 1826 sacri
1116 1787 1157 1824 et
1175 1784 1339 1837 accepti
1356 1788 1477 1836 sunt,
1510 1797 1600 1838 pa-

142 1849 253 1891 riter
270 1850 367 1888 sunt
390 1857 531 1885 eorum
549 1841 708 1896 posteri
727 1835 831 1895 (εἰὴ
862 1838 961 1895 ῥίζα
986 1836 1110 1894 ἁγία,
1149 1840 1224 1881 καὶ
1253 1836 1297 1881 οὶ
1326 1837 1524 1890 κλάδοι),
1564 1839 1605 1881 si

142 1917 292 1947 verum
315 1901 397 1953 sit,
427 1905 476 1941 ut
493 1897 711 1955 primitias
731 1897 899 1938 farinae
919 1910 1128 1947 massam,
1149 1896 1212 1936 sic
1228 1894 1504 1949 patriarchas
1521 1909 1603 1950 yem

143 1975 223 2003 mes
243 1971 365 2001 suum
383 1968 669 2008 consecrasse,
708 1958 784 1995 aut
811 1952 1083 1994 sanctitatem
1112 1965 1138 1992 a
1165 1950 1427 2006 patriarchis
1453 1951 1497 1991 in
1526 1965 1601 1992 eo·-

142 2030 239 2059 rum
255 2019 445 2069 posteros
461 2009 729 2066 trcmsfmam
748 2023 836 2051 esse
855 2005 915 2060 (εὶ
940 2004 964 2063 ἡ
985 2005 1160 2062 ἀπαρχὴ
1179 2005 1302 2061 ἁγία,
1343 2007 1416 2049 καὶ
1435 2006 1484 2048 τὸ
1508 2003 1603 2061 φύ-

143 2075 296 2126 ραμα).
355 2068 511 2110 luania
532 2072 786 2119 argumenta
809 2070 934 2116 sunt,
973 2063 1131 2120 quibus
1161 2063 1395 2119 explicatio
1423 2076 1446 2103 a
1476 2062 1603 2104 nobis

142 2129 323 2170 defensa
343 2129 592 2181 oppugnata
624 2127 707 2166 est.
763 2120 1085 2173 simplicissime
1116 2115 1193 2173 τήν
1218 2115 1418 2174 ἀπαρχήν
1445 2117 1497 2158 ad
1526 2133 1603 2160 eos

140 2184 324 2235 referri,
356 2181 430 2237 qui
447 2179 579 2234 primi
596 2192 647 2219 ex
668 2177 850 2221 Judaeis
874 2176 1039 2218 Christi
1062 2189 1183 2216 sacra
1209 2176 1530 2230 suscepissent,
1555 2175 1602 2219 b.

142 2255 182 2284 e.
203 2239 258 2281 ad
278 2237 380 2286 τοὺς
401 2236 478 2292 τὴν
509 2231 711 2289 ἀπαρχήν
739 2233 818 2275 τοῦ
849 2229 1095 2284 πνεύματος
1121 2231 1296 2283 ἔχοντας
1321 2233 1362 2284 8,
1374 2231 1469 2280 23„
1507 2230 1601 2271 fru-

142 2303 236 2340 stra
258 2294 463 2351 objicitur
482 2290 646 2345 (MK).
707 2289 819 2331 Nam
847 2303 976 2344 quum
1008 2288 1086 2341 τῆς
1117 2285 1318 2342 ἀπαρχῆς
1346 2286 1602 2329 vocabulum

141 2353 357 2395 translate
377 2349 567 2405 positum
591 2361 674 2387 non
698 2346 836 2387 solum
861 2343 1072 2400 quidquid
1094 2349 1289 2399 tempore
1312 2344 1496 2399 primum
1526 2343 1604 2395 sit⁵

144 2409 220 2452 sed
240 2408 411 2449 diversa
433 2402 652 2458 significet
677 2401 918 2457 (ΙΙ,173.),
956 2414 1214 2456 unoquoque
1245 2400 1339 2441 loco
1370 2412 1599 2454 quamnam

141 2465 261 2508 vocis
286 2467 543 2518 potestatem
576 2472 646 2499 res
672 2465 716 2499 et
743 2462 944 2498 contexta
979 2456 1120 2497 oratio
1150 2462 1330 2512 poscant
1354 2454 1601 2510 expenden-

143 2521 244 2563 dum
279 2525 349 2560 cst
387 2518 615 2572 minusque
644 2514 916 2555 considerate
944 2513 997 2568 τῇ
1028 2509 1201 2568 circumi}
1224 2510 1355 2566 primi
1382 2510 1600 2551 notionem

143 2578 306 2632 ubique
333 2571 656 2628 simplicissime
688 2570 847 2626 subjici
873 2568 1054 2611 dixeris.
1119 2568 1317 2610 Ceterum
1348 2566 1469 2617 8‚23.
1497 2566 1598 2619 pri-

144 2645 307 2675 morum
337 2629 684 2672 Christianorum
725 2625 932 2680 cogitatio
971 2623 1144 2664 minime
1175 2624 1253 2664 bac
1279 2622 1600 2677 circumloqua-

144 2691 264 2731 tione
286 2685 506 2727 enuntiata
529 2690 617 2727 est:
650 2679 692 2723 οἱ
718 2681 792 2737 τὴν
821 2677 1020 2734 ἀπαρχὴν
1048 2681 1129 2721 τοῦ
1155 2675 1401 2729 πνεύματος
1430 2675 1600 2729 ἔχοντες

144 2746 218 2798 (υἱ.
244 2743 302 2784 ibi
321 2742 448 2792 not.).
507 2738 606 2780 Non
628 2738 784 2778 melius
808 2736 1149 2792 patriarcharum
1178 2734 1435 2774 mentionem
1468 2733 1522 2773 ab
1554 2733 1597 2775 h.

144 2802 176 2846 1.
202 2800 460 2850 abhorrere,
500 2801 543 2838 ct
575 2795 775 2851 quonimn
806 2792 928 2837 nulla]
957 2790 1009 2838 P.
1038 2805 1139 2835 voce
1168 2789 1221 2833 ad
1252 2788 1596 2847 patriarcharum
