1715 3115
116 134 203 178 328
398 136 780 182 EPISTOLA
814 140 913 182 AD
945 137 1308 182 ROMANOS

119 247 161 277 v.
184 235 276 289 18.)
302 235 422 278 Deus
453 237 633 293 culpat?
673 240 703 284 i.
735 255 778 297 q.
805 241 844 283 si
872 241 1138 284 obstinatum
1166 240 1291 282 Deus
1327 237 1433 280 facit
1461 250 1589 294 quem

119 291 235 343 vult,
265 297 353 333 tum
383 295 493 335 male
521 297 685 353 culpat.
762 297 1011 355 Usurpatur
1040 297 1107 339 ἔτι
1133 303 1177 338 et
1206 293 1352 337 οὐκέτι
1384 295 1427 336 in
1457 309 1591 348 argu-

118 350 405 402 mentatione,
445 366 575 405 quum
610 354 759 409 aliqua
800 355 1017 395 sententia
1060 368 1187 409 quain
1225 353 1428 408 posueris
1456 352 1590 392 aliam

119 406 379 446 sententiam
401 408 497 448 tolli
519 408 749 451 dicendum
769 417 836 451 est
855 411 1001 463 (Rom.
1021 412 1138 461 11‚6.
1159 410 1283 460 7,17.
1309 409 1409 451 Gal.
1428 408 1470 458 3,
1485 409 1590 458 18-)·

119 459 222 501 Non
254 461 412 519 adjecit
445 463 497 508 P.
528 461 550 505 ὃ
571 466 679 515 θεός
706 473 805 523 post
825 469 1072 521 μέμφεται,
1110 479 1191 507 non
1217 464 1330 520 quod
1350 464 1593 506 adversarii

118 516 461 571 indignationem
491 529 836 578 commotumque
865 524 961 580 ejus
981 524 1168 563 animum
1193 521 1427 562 omissione
1449 519 1594 562 decla-

118 587 219 614 rare
239 576 371 617 vellet
393 577 556 630 (Kopp.
578 580 682 633 aL),
721 580 796 621 sed
823 581 1024 636 quoniam
1058 579 1107 620 de
1135 579 1224 619 Deo
1244 578 1315 632 agi
1341 591 1409 618 res
1430 581 1473 618 et
1492 591 1594 618 con-

119 634 236 671 texta
260 634 401 673 oratio
422 647 460 676 v.
479 636 544 678 18.
567 635 741 677 doceret
762 636 954 691 (Haec-If„
983 635 1129 677 Reicle.
1151 635 1246 686 aL).
1304 633 1420 674 Male
1435 633 1593 685 Deum,

117 685 157 726 si
179 687 444 730 obstinatum
466 691 619 733 reddat
640 708 765 749 quem
786 693 903 744 velit,
933 693 1149 746 (homines
1169 689 1594 744 contumaces)vitu-

117 756 296 798 perare,
336 760 387 787 ex
410 748 713 802 omnipotentit?
735 749 822 791 Dei
845 748 1091 790 ostenditur
1111 749 1193 802 (τῷ
1218 744 1301 801 γὰρ
1332 745 1455 798 βουλ.
1483 743 1596 787 adv&

117 797 187 848 Τίς
205 799 304 841 ἄνθ.
319 804 370 854 ;).
431 802 544 845 Nam
573 805 612 846 si
634 806 1005 861 inexsuperabilis
1027 803 1112 845 Dei
1143 804 1209 844 vis
1232 808 1299 843 est
1318 806 1596 843 contumaces

118 855 230 897 fiunt
250 871 531 915 quoscunque
550 875 646 903 esse
667 863 854 904 voluerit
874 877 911 904 v.
928 862 1012 904 18..
1069 860 1227 915 ltaque
1250 860 1359 899 male
1377 857 1500 899 Deus
1515 859 1594 899 ho-

121 912 260 954 mines
281 915 427 971 culpet
449 917 534 958 lide
556 924 600 958 et
621 918 784 974 pietate
806 918 1042 959 destitutos
1065 923 1269 971 tauquam
1294 913 1464 970 aliquid
1483 913 1595 956 deli-

121 970 299 1024 querint
332 986 442 1027 quos
471 973 751 1016 ineluctabile
790 975 925 1016 satum
966 978 1241 1014 contumaces
1279 971 1396 1014 fecit.
1465 970 1596 1026 Quod

121 1027 326 1081 quoniam
358 1035 510 1085 putare
529 1032 765 1073 absurdum
797 1038 887 1081 est,
928 1031 1128 1086 sequitur
1149 1035 1196 1069 ut
1218 1033 1334 1068 recte
1355 1027 1495 1068 Deum
1519 1028 1596 1068 ho-

121 1082 259 1125 mines
296 1084 541 1128 obstinatos
580 1088 902 1144 reprehendere
956 1100 1095 1142 neque
1135 1085 1176 1126 vi
1217 1084 1411 1125 adhibita
1447 1097 1596 1139 quem-

122 1153 251 1194 quam
287 1148 582 1185 contumacem
623 1145 807 1186 reddere
850 1145 1093 1198 salsamque
1133 1156 1229 1183 esse
1263 1140 1522 1181 sententiam
1553 1153 1595 1184 v.

120 1196 191 1239 18.
211 1197 424 1252 prolatam
447 1194 496 1239 ‘dv
512 1200 641 1242 θέλει
659 1202 889 1256 σκληρύνει
911 1206 1171 1241 statuamus.
1216 1199 1277 1253 τῷ
1309 1193 1434 1251 γάρ]
1466 1195 1597 1247 „Ab-

122 1257 193 1293 est
222 1251 345 1309 (γάρ)
376 1269 524 1297 errore
555 1258 881 1314 typothetarum
915 1258 954 1297 in
986 1255 1091 1298 edit.
1127 1254 1317 1296 Elzevir.
1339 1268 1378 1295 a.
1405 1253 1529 1294 1624.
1553 1257 1598 1293 et

122 1308 226 1350 aliis
264 1309 318 1351 ad
354 1311 473 1353 illam
511 1315 779 1368 expressis.”
827 1313 1090 1355 numenius.
1158 1311 1224 1353 Cf.
1264 1310 1393 1349 etiam
1432 1308 1598 1362 Benye-

122 1365 226 1406 lium
248 1366 293 1408 in
316 1369 488 1424 Appar.
512 1371 610 1413 crit.
630 1369 683 1411 nd
705 1371 747 1413 h.
771 1371 818 1414 l..
876 1370 972 1410 Nou
997 1370 1131 1421 igitur
1159 1366 1337 1406 omissio
1367 1366 1483 1405 vocis
1515 1360 1598 1420 γάρ

123 1419 236 1467 Cdd.
267 1425 531 1467 auctoritate
561 1427 738 1477 nititur,
781 1427 895 1482 quod
927 1426 1105 1467 Luchm.
1133 1423 1375 1464 credidisse
1411 1421 1599 1471 videtur,

124 1478 201 1534 qui
237 1478 321 1535 γάρ
360 1482 484 1525 uncis
528 1482 725 1526 inclusit.
771 1482 838 1531 τίς
878 1480 1159 1535 (bugamum
1198 1479 1393 1533 quis-nam
1431 1481 1597 1518 semet

123 1536 375 1588 opposuit
407 1539 455 1587 (i.
479 1553 522 1594 q.
542 1539 743 1589 obsistit,
772 1540 1039 1588 reluctatur,
1080 1550 1118 1578 v.
1148 1534 1364 1577 sslczt'tleiae
1387 1535 1504 1584 ⁴21u3f.
1541 1546 1595 1588 gt.

126 1591 202 1635 (ΒΥ.
222 1589 260 1644 I,
280 1591 379 1635 397.
402 1596 443 1647 ᾧ.
463 1595 561 1636 211.
592 1596 719 1639 Rom.
743 1591 916 1645 13,2.)’.2
976 1591 1257 1634 Percontatio
1290 1595 1358 1630 est
1395 1590 1598 1643 negativa

124 1646 236 1689 hanc
266 1651 523 1691 sententiam
556 1653 804 1694 continens:
843 1664 960 1692 nemo
990 1648 1247 1690 adversatur
1275 1653 1336 1697 (ν.
1361 1645 1598 1701 Aristoph.

123 1701 248 1748 Plut.
277 1719 317 1748 V.
338 1705 440 1749 498.
464 1707 602 1759 499.>.
674 1707 801 1750 Nihil
837 1706 962 1748 Pauli
993 1705 1123 1747 verba
1155 1704 1327 1754 dicunt,
1378 1702 1463 1742 uisi
1497 1702 1598 1744 hoc:

125 1759 214 1801 Dei
244 1761 452 1804 voluntati
478 1765 688 1805 neminem
719 1764 853 1805 01))ιὶτὶ
879 1776 1017 1817 eoque
1051 1760 1147 1803 fieri
1169 1772 1448 1816 quatecunque
1473 1757 1598 1798 Deus

125 1816 330 1860 voluerit.
397 1817 494 1862 Jam
524 1820 630 1873 fingi
660 1827 826 1878 potest,
874 1820 1088 1860 neminem
1118 1815 1287 1872 aliquid
1318 1816 1486 1866 facere,
1524 1817 1601 1854 aut:

158 1872 229 1913 uia
261 1873 393 1927 nolit,
433 1881 508 1917 aut
536 1878 637 1932 quia
671 1892 752 1918 non
786 1877 944 1933 possit.
1007 1873 1235 1916 Posterius
1260 1871 1308 1914 P.
1332 1872 1422 1914 h.l.
1443 1870 1600 1914 sensit.

151 1929 219 1970 'ed
241 1930 402 1972 fortius
436 1932 514 1974 hoc
534 1947 583 1974 eo
604 1933 868 1983 enuntiavit,
908 1931 1022 1988 quod
1042 1931 1252 1973 neminem
1273 1927 1362 1970 Dei
1387 1925 1602 1968 voluntati

129 1986 386 2043 obstrepere
429 1989 473 2029 in
523 1990 761 2032 universum
820 1987 1067 2030 observavit
1114 1986 1264 2041 (Rom.
1300 1986 1366 2036 11,
1392 1984 1466 2026 34.
1493 1987 1601 2048 δεμ).

129 2041 245 2084 Nam
274 2044 486 2085 neminem
515 2050 689 2099 propter
716 2046 869 2088 virium
897 2043 1231 2086 imbecillitatem
1264 2040 1353 2082 Dei
1385 2040 1601 2081 voluntati

129 2099 347 2141 obsistere
376 2100 535 2143 audere
564 2102 702 2143 lector
728 2102 862 2143 sentit
895 2099 1189 2142 vehementius
1222 2097 1434 2138 neminem
1468 2109 1600 2136 unum

129 2154 230 2197 Deo
249 2157 458 2198 reluctari
480 2158 697 2211 monitus,
728 2172 854 2215 quam
877 2158 1086 2205 sentiret,
1117 2155 1156 2196 si
1189 2152 1238 2197 Ρ.
1270 2149 1337 2201 τίς
1369 2148 1602 2194 δύναται

131 2207 408 2267 ἆντιστῆναι;
448 2214 719 2271 scripsisset.
787 2215 862 2256 Ad
898 2212 1157 2255 sententiam
1197 2211 1253 2254 cf.
1285 2209 1314 2250 2
1341 2206 1503 2250 Chron.
1528 2208 1601 2262 20,

140 2268 245 2312 6.—
264 2270 338 2310 καὶ
359 2266 436 2310 οὐκ
458 2267 555 2311 ἔστι
574 2268 691 2323 πρὸς
711 2271 759 2313 σὲ
784 2266 1051 2324 ἀντιστῆναι.

243 2323 304 2367 V.
322 2325 394 2368 20.
416 2330 460 2367 et
477 2326 549 2370 21.
607 2326 785 2368 Inanem
815 2341 912 2367 esse
941 2324 1224 2382 objectionem
1254 2334 1294 2364 v.
1316 2320 1384 2362 19.
1402 2319 1600 2362 enuntia-

132 2383 221 2421 tam
240 2379 332 2436 Ap.
355 2395 432 2437 per
450 2378 775 2439 ἆνθύποφοράν
796 2397 848 2424 ex
871 2397 920 2423 eo
943 2381 1236 2428 demonstrat,
1265 2376 1376 2441 quod
1399 2378 1600 2441 quoniam

133 2436 363 2478 homuncio
383 2452 476 2479 cum
499 2439 596 2480 Deo
617 2443 778 2481 temere
801 2438 1074 2494 expostulet,
1106 2436 1179 2476 illa
1211 2447 1263 2475 ne
1287 2433 1478 2473 facienda
1505 2447 1601 2488 qui-

134 2491 230 2533 dem
252 2493 400 2536 fuerit.
460 2494 573 2535 Nam
595 2495 952 2551 quemadmodum
975 2508 1048 2534 vas
1071 2492 1201 2533 fictile
1223 2490 1366 2544 inepte
1387 2489 1602 2530 dicturum

136 2548 198 2589 sit
227 2549 386 2601 figulo:
430 2564 506 2591 cur
537 2551 597 2592 ita
625 2566 690 2594 me
723 2546 922 2594 finxisti?
971 2545 1316 2605 quandoquidem
1348 2545 1472 2600 figuli
1490 2558 1601 2601 opus

136 2604 198 2646 sit
226 2612 269 2645 et
297 2605 456 2655 figulus
489 2607 596 2648 hanc
625 2608 669 2649 in
692 2609 893 2661 argillam
915 2612 1170 2663 potestatem
1205 2602 1381 2652 babeat,
1411 2606 1459 2641 ut:
1480 2615 1531 2642 ex
1549 2600 1600 2642 ea

135 2664 226 2701 tum
239 2660 448 2702 honorata
468 2668 558 2704 tum
580 2670 792 2706 contemta
816 2679 915 2704 vasa
935 2665 1108 2712 formet,
1137 2660 1196 2700 ita
1213 2658 1458 2699 hominibus
1477 2670 1598 2699 suam

136 2716 293 2772 cuique
314 2717 530 2759 fortunam
560 2733 699 2775 aequo
729 2721 872 2761 animo
896 2717 1109 2760 serendam
1138 2728 1257 2766 esse,
1288 2720 1331 2754 et
1352 2715 1452 2770 quia
1470 2713 1553 2755 toti
1573 2726 1599 2754 a

139 2771 238 2816 Deo
257 2772 318 2816 ita
347 2773 585 2831 pendeant,
616 2781 663 2819 ut
682 2777 768 2819 nisi
788 2790 864 2818 eos
887 2776 1007 2818 Deus
1026 2771 1292 2816 condidisset
1322 2779 1365 2813 et
1392 2776 1598 2827 tanquam
