1715 3115
132 184 218 228 336
420 180 803 226 EPISTOLA
840 183 941 226 AD
973 182 1340 230 ROMANOS

133 289 235 332 ὄπι
250 303 372 332 στοι
390 286 601 331 Ἰουδαῖοι
622 293 666 329 et
689 285 822 346 σκεύη
841 286 991 339 ἐλέους
1011 288 1204 333 Jndaeos
1225 296 1269 333 et
1293 293 1498 348 gentiles,
1561 295 1608 338 ui

133 346 313 391 Christo
335 345 461 387 fidem
486 345 781 403 adjunxerint,
821 351 970 387 notent
989 347 1178 400 (Csss‘llsw
1210 349 1461 404 Tleeophyl.‚
1491 351 1544 392 dl
1570 352 1608 404 ’.,

132 403 325 456 Meyer.)
344 401 544 445 credunt.
600 401 755 458 Neque
776 402 889 443 enim
910 416 932 443 e
958 401 1198 445 Pharaonis
1222 406 1405 447 historia
1436 406 1485 450 P.
1509 407 1551 450 h.
1573 409 1608 451 l.

131 464 479 514 argumentatur.
549 455 668 512 Quid
710 459 824 514 quod
855 473 907 499 ne
936 473 1067 514 supra
1099 460 1272 515 quidem
1303 476 1343 505 v,
1369 462 1435 504 15.
1463 468 1507 504 et
1536 465 1606 506 17.

129 516 247 559 Mosi
270 522 312 556 et
328 514 547 557 Pharaoni
570 516 681 555 dicta
706 516 805 570 quia
830 515 897 556 his
923 516 1169 557 bominibus
1194 517 1310 558 dicta
1334 525 1496 570 essent,
1527 519 1606 561 sed

131 572 334 629 quoniam
353 572 533 614 consilia
557 586 632 627 per
652 577 929 613 transennam
950 573 1263 624 ostendissent,
1294 589 1404 630 quae
1419 575 1607 618 Mass-iae

130 629 403 684 temporibus
432 630 472 669 in
503 628 659 669 summi
688 629 884 669 beneficii
912 628 1225 670 distributione
1247 630 1370 673 Deus
1400 646 1447 673 se
1470 633 1606 674 initu-

130 700 227 727 rum
250 700 347 727 esse
369 684 694 735 denuntiasset,
724 686 779 725 ab
801 687 892 741 Ap.
913 686 1045 725 allata
1069 684 1203 729 sunt?
1242 686 1366 742 Quae
1389 702 1518 743 quum
1543 689 1606 730 ita

131 743 244 794 sint,
285 742 318 783 ii
348 747 576 793 errarunt,
617 741 692 796 qui
722 741 930 798 apodosin
963 742 1114 782 deesse
1141 750 1185 784 et
1205 745 1466 785 anacolutbo
1493 745 1605 787 bunc

130 799 164 842 l.
195 799 398 839 laborare
425 798 592 855 opinati
623 802 739 840 sunt.
798 798 891 839 lmo
915 799 1043 854 plena
1067 803 1110 839 et
1134 799 1328 851 legitima
1354 801 1559 857 periodus
1579 815 1606 842 a

129 869 172 898 v.
195 855 267 897 22.
300 869 438 911 usque
466 854 521 895 ad
552 855 678 895 finem
714 868 776 896 vs.
797 855 867 897 26.
899 855 1113 906 volvitur,
1154 870 1237 911 quo
1260 858 1604 913 percontationis

129 912 302 965 signum
332 911 481 969 rejeci.
549 910 695 952 θέλων
715 935 769 941 ——-
796 911 845 951 τὸ
881 909 1064 951 δυνατὸν
1095 910 1250 968 αὑτοῦ]
1294 914 1528 955 Alluditur
1547 915 1604 956 ad

128 969 261 1010 verba
281 982 410 1010 versu
435 970 502 1009 17.
521 981 571 1008 ex
597 967 736 1009 Exod.
758 967 800 1017 9,
820 968 885 1010 16.
910 968 1068 1019 citata,
1099 969 1258 1024 quibus
1283 969 1406 1010 Deus
1427 971 1604 1026 aliquos

127 1024 329 1066 homines
356 1031 632 1066 contumaces
664 1023 934 1065 redditurum
965 1037 1088 1075 esse,
1119 1025 1192 1080 qui
1220 1026 1302 1068 fide
1325 1025 1502 1069 Christo
1524 1041 1604 1068 ne-

129 1082 232 1136 gata
265 1081 416 1122 miseri
447 1081 622 1133 fierent,
662 1085 710 1121 ut
744 1080 799 1120 iis
829 1078 1067 1134 perdendis
1103 1081 1194 1122 irae
1227 1096 1333 1124 suae
1363 1083 1603 1139 procellam

127 1138 433 1180 manifestaret
458 1142 501 1178 et
530 1151 649 1178 suam
682 1137 922 1177 declararet
943 1137 1205 1192 potentiam,
1245 1152 1346 1180 voce
1383 1138 1604 1182 Pharaoni

128 1193 247 1236 dicta
272 1193 570 1252 Paulo-judice
590 1194 766 1249 oblique
796 1194 1083 1236 denuntiavit.
1144 1194 1370 1237 Discimus
1396 1211 1420 1237 e
1449 1197 1604 1238 verbo-

130 1265 226 1292 rum
266 1253 465 1293 ubertate
511 1248 795 1299 ἐνδείξασθαι
843 1249 936 1301 τὴν
979 1247 1148 1305 ὀργὴν
1187 1252 1261 1292 καὶ
1300 1250 1512 1307 γνωρίσαι
1548 1251 1601 1293 τὸ

130 1308 313 1350 δυνατὸν
350 1306 509 1355 aazias),
550 1308 634 1362 quii
683 1321 797 1349 voce.
841 1320 879 1349 v.
908 1307 973 1347 17.
1012 1306 1136 1356 ,ὅπως
1167 1305 1427 1360 ἐνδείξωμαι
1456 1307 1500 1349 ἐν
1529 1311 1604 1351 σοὶ

128 1363 223 1419 τὴν
254 1362 490 1416 δύναμίν
518 1378 604 1413 μου
626 1363 927 1415 illustrantur,
965 1360 1146 1404 Paulum
1171 1366 1208 1405 r.
1237 1366 1301 1407 17.
1324 1360 1402 1418 τήν
1421 1361 1604 1418 δύναμιν

127 1421 207 1461 τοῦ
239 1421 352 1463 θεοῦ
382 1435 475 1462 eam
508 1420 806 1471 intellexisse,
854 1434 980 1475 quam
1012 1419 1136 1462 Deus
1175 1419 1240 1462 irai
1277 1435 1602 1477 poenarumque

127 1477 398 1532 irrogatione
434 1479 491 1531 (l,
524 1477 610 1527 18.)
656 1477 697 1516 in
747 1478 994 1533 pervicaces
1046 1476 1241 1518 homines
1291 1485 1602 1533 expromturus

128 1541 263 1576 esset.
327 1533 612 1588 participium
644 1530 790 1573 θέλων
818 1533 1044 1588 periodum
1076 1530 1218 1585 ducit,
1245 1534 1344 1588 quia
1370 1535 1410 1574 in
1435 1549 1486 1575 eo
1507 1535 1601 1590 pri-

130 1592 268 1632 maria
299 1590 540 1631 sententiae
570 1589 689 1630 notio
721 1593 789 1628 est
818 1595 879 1641 (v.
902 1589 1052 1630 Herm.
1076 1589 1128 1628 ad
1155 1589 1289 1646 Soph.
1313 1590 1391 1646 Aj.
1413 1603 1451 1631 v.
1474 1591 1599 1635 1113.

128 1653 173 1687 et
195 1646 389 1704 Conjeet.
411 1660 502 1687 mea
525 1645 556 1687 l.
577 1647 652 1695 c.).
712 1644 927 1685 Nimirum
952 1659 1034 1685 non
1059 1645 1232 1686 illustre
1260 1646 1380 1688 Dens
1402 1647 1600 1688 lenitatis

127 1718 232 1745 suae
260 1704 562 1745 documentum
593 1701 672 1741 hoc
703 1715 787 1742 uno
817 1700 1036 1752 dedisset,
1067 1701 1180 1756 qnod
1210 1703 1404 1743 homines
1424 1703 1477 1743 ad
1500 1717 1599 1760 per-

126 1761 284 1802 niciem
307 1759 549 1800 destinatos
577 1756 806 1798 admodum
848 1756 1125 1809 indulgenter
1156 1759 1349 1800 tulisset.
1415 1758 1527 1800 Nam
1561 1761 1602 1801 si

127 1818 292 1858 nullam
313 1816 525 1857 rationem
546 1814 798 1865 habuisset,
829 1827 939 1869 quae
962 1813 1161 1854 sumendi
1185 1814 1390 1871 supplicii
1409 1816 1477 1857 vel
1510 1830 1599 1857 ma·
1660 1819 1663 1823 ’

126 1874 392 1915 turationem
421 1872 490 1913 vel
518 1868 856 1911 retardationem
882 1871 1177 1926 postulasset,
1214 1871 1396 1927 perinde
1429 1871 1469 1913 ei
1500 1886 1599 1914 esse

128 1931 370 1987 potuisset,
401 1934 548 1969 utrum
573 1927 717 1968 serius
739 1940 792 1967 an
814 1926 933 1967 ocius
955 1927 1216 1982 supplicium
1238 1933 1445 1980 sumeret,
1475 1927 1598 1969 dum-

126 1986 254 2028 modo
282 1986 324 2026 id
356 1984 571 2041 propositi
610 1997 771 2023 memor
808 1983 1044 2038 aliqnando
1082 1990 1289 2026 sumeret.
1357 1986 1425 2026 At
1461 1985 1602 2026 voluit:

125 2044 251 2086 Deus
273 2042 508 2082 obstinatis
534 2040 781 2086 bominibus
804 2040 1063 2092 gravissime
1086 2040 1317 2095 puniendis
1345 2040 1452 2080 iram
1475 2055 1597 2081 snam

128 2098 361 2143 ostendere
396 2102 439 2138 et
467 2102 673 2152 quantum
705 2102 854 2151 posset
883 2094 1131 2148 declarare,
1161 2097 1274 2151 quod
1304 2097 1532 2143 consilium
1554 2102 1601 2138 nt

123 2170 284 2211 poenae
304 2155 606 2208 irroyat‘e'onem
627 2156 865 2194 maun-aret
888 2152 1074 2193 invitare
1101 2167 1196 2193 enm
1227 2153 1390 2195 debuit.
1449 2152 1598 2194 Enim-

127 2226 232 2254 vero
254 2223 510 2267 ‹Jitczmquam
540 2208 773 2264 perdendis
797 2209 1043 2248 hominibus
1075 2209 1126 2247 ad
1151 2209 1380 2265 perniciem
1404 2204 1599 2253 des-'tina-

126 2268 188 2309 tis
215 2268 323 2309 iram
357 2264 586 2307 ostendere
615 2268 655 2305 et
687 2265 929 2320 patefacere
961 2265 1196 2319 potentiam
1230 2279 1350 2306 suam
1379 2263 1594 2306 Deus'vo-

125 2324 235 2375 luit,
279 2322 507 2364 admodum
550 2326 692 2362 tamen
723 2321 999 2371 indulgenter
1031 2325 1254 2375 (tanquam
1285 2321 1356 2362 sui
1387 2321 1599 2363 commodi

127 2381 313 2432 oblitus)
342 2378 537 2419 homines
563 2377 616 2417 ad
646 2377 826 2417 exitium
849 2377 1091 2417 destinatos
1120 2378 1223 2418 tulit
1246 2391 1407 2433 poenae
1429 2378 1600 2432 irroga-

125 2436 244 2476 tione
267 2434 585 2491 procrastinata
608 2438 651 2473 et
673 2447 798 2489 quam
820 2438 938 2475 esset
960 2434 1148 2475 clemens
1180 2434 1257 2474 hac
1279 2435 1483 2489 supplicii
1507 2442 1599 2475 tar-

127 2490 265 2532 ditate
285 2491 459 2544 egregie
482 2490 642 2531 docuit.
705 2488 791 2543 Qui
806 2487 950 2529 θέλων
969 2495 1144 2530 vertunt
1164 2489 1234 2545 qm·
1256 2489 1381 2530 voluit
1401 2490 1595 2541 (Rueck,

127 2546 354 2600 Meyerns,
382 2546 480 2589 dW.
499 2548 579 2598 al.)
600 2546 859 2586 sententiam
884 2545 1094 2601 perdunt,
1133 2544 1481 2601 quandoquidem
1506 2545 1595 2588 Dei

126 2605 191 2644 ira
214 2610 257 2642 et
290 2603 481 2658 potentia
510 2616 670 2656 poenae
695 2602 950 2656 irroqatione
979 2601 1308 2650 manifestatur,
1339 2616 1420 2642 non
1442 2601 1596 2656 magnei

127 2658 428 2712 indulgentia,
458 2659 541 2712 qua
567 2658 607 2696 in
634 2658 826 2697 homines
848 2663 1121 2698 contumaces
1142 2657 1216 2699 sit.
1275 2656 1446 2711 Meyerz'
1464 2673 1595 2712 argu-

129 2720 318 2756 mentum
335 2747 346 2767 ,
388 2713 463 2767 qui
489 2713 634 2754 θέλων
661 2713 760 2768 (sotice
789 2712 915 2753 voluit
942 2712 1276 2754 convertendum
1305 2727 1403 2756 esse
1433 2728 1456 2755 e
1478 2728 1594 2757 vocc-

126 2786 168 2816 v.
186 2771 258 2814 23.
296 2771 370 2811 καὶ
402 2767 492 2810 ἵνα
531 2765 768 2823 γνωρίσῃ
810 2768 860 2818 (i.
890 2781 933 2822 q.
961 2770 1035 2810 καί
1062 2768 1244 2810 θέλων
1281 2768 1592 2826 γνωρίσαι),

126 2840 238 2884 quae
265 2825 410 2868 verbis
438 2824 585 2867 θέλων
617 2848 670 2854 -
691 2821 973 2870 ἐνδείξασθαι
993 2848 1047 2855 -
1074 2825 1148 2867 καὶ
1172 2822 1384 2881 γνωρίσαι
1412 2839 1595 2923 ῐοὲροη-

1492 2885 1595 2923 eant
