1715 3115
511 201 670 248 cAP.
702 201 829 247 Vll.
872 202 964 249 Vs.
996 203 1092 248 13..
1472 202 1533 246 43

65 309 294 367 cogitando
317 308 584 352 addiderunt
598 311 660 365 (v.
676 309 873 353 Dissert.
896 323 1031 352 meam
1053 308 1108 351 ad
1127 308 1171 353 2.
1189 308 1244 350 ad
1258 308 1362 353 Cor.
1381 322 1452 368 ep.
1466 308 1534 363 Π,

64 371 138 412 43.
160 369 267 437 sq).
328 366 379 411 Ρ.
400 368 481 409 hoc
510 372 636 424 pacto
665 363 972 421 κατειργάζετο
994 366 1267 424 scripsisset.
1321 365 1422 409 Non
1444 382 1534 409 me·

65 427 154 468 lius
178 426 377 477 lan-aem„
406 424 526 467 Elsn.
546 424 606 465 al.
627 422 975 480 κατεργαζομένη
996 439 1018 465 a
1040 423 1158 480 φανῆ
1182 424 1534 480 suspenderunt:

66 480 180 525 ἀλλὰ
203 478 456 537 ἡἈμαρτιά
474 485 570 538 (np.
590 479 689 532 ἐμοὶ
703 478 849 534 γέγονε
862 480 1092 535 θάνατος),
1117 479 1188 522 ἵνα
1207 494 1241 536 φ
1254 482 1352 536 ανῇ
1372 477 1535 536 Ἀμαρ-

66 536 141 580 τία
170 534 245 580 daci
276 538 357 580 τοῦ
388 533 565 591 ἀγαθοῦ
604 551 683 589 μοι
724 536 1178 594 κατεργαζομένη
1219 533 1417 579 θάνατον
1446 538 1535 581 imo

67 593 301 638 Peccatum
323 601 503 636 mortem
524 593 630 636 mihi
660 594 930 650 procreavit,
968 600 1017 636 ut
1036 592 1265 637 Peccatum
1285 608 1365 648 per
1383 595 1537 637 bonam

68 665 160 695 rem
181 658 362 694 mortem
392 651 497 692 mihi
521 650 827 708 apportavisse
847 656 1034 707 pateret.
1094 649 1207 693 Nam
1228 650 1293 692 sic
1318 645 1344 706 ἡ
1366 646 1538 708 Ἀμαρ-

69 706 144 750 τία
166 722 246 766 pro
267 703 461 763 ἁμαρτία
481 706 534 752 P.
555 721 720 765 ponere
749 706 976 750 debuerat.
1031 707 1171 763 (Lege
1192 721 1231 750 v.
1253 721 1364 764 quae
1389 708 1539 766 proxi-

70 778 139 806 me
160 764 426 823 praecedunt
445 769 490 807 et
512 765 795 820 sequuntur.)
825 763 1013 806 Temere
1036 770 1180 806 autem
1199 761 1225 820 ἦ
1248 760 1459 820 ιΑμοιρτίοι
1483 779 1540 807 ex

69 823 144 865 67.
200 822 281 864 Mt.
303 836 358 865 m.
379 829 423 864 et
443 822 603 877 Chrys.
626 821 835 877 recipias.
876 835 1006 878 quum
1028 821 1288 878 praesertim
1310 821 1472 877 ChryS.
1494 821 1542 864 in

72 878 399 921 commentariis
417 875 488 920 ἵνα
508 879 626 934 φανῇ
644 872 838 931 ἁμαρτία
851 886 894 920 et
906 879 1068 933 legisse
1085 885 1129 920 et
1144 885 1260 920 recte
1274 878 1543 935 explicuisse

73 934 288 978 videatur.
346 935 596 977 Verissime
623 935 733 976 hunc
752 935 809 985 1.,
849 934 888 976 si
917 950 941 976 a
969 936 1120 992 paucis
1149 935 1431 988 discesseris,
1469 949 1545 976 ex-

110 993 370 1034 lanaverunt
399 993 525 1046 Syr„
565 991 712 1043 Beza,
758 991 1003 1042 Turretin„
1042 992 1228 1043 Rueck„
1266 992 1464 1045 Koelln.‚
1493 992 1545 1034 de

77 1006 262 1092 'infestius
281 1049 358 1093 al..
385 1046 456 1090 ἵνα
477 1048 604 1090 finem
627 1047 804 1099 indicat,
836 1047 951 1104 quod
971 1048 1118 1091 Reich.
1140 1049 1250 1090 male
1270 1049 1462 1099 veritus,
1490 1062 1546 1091 ne

77 1105 271 1147 absurda
290 1105 512 1148 sententia
535 1105 743 1158 oriretur,
770 1105 936 1146 frustra
960 1106 1150 1159 negavit.
1171 1101 1389 1161 Ἀμαρτία
1410 1103 1548 1147 Prae-

77 1162 268 1205 dicatum
296 1168 387 1215 est,
426 1161 682 1221 Subjectum
713 1167 856 1203 autem
890 1156 1151 1216 ἡἈμαρτιά
1179 1177 1228 1204 ex
1250 1161 1550 1204 antecedenti-

78 1219 161 1262 bus
180 1234 221 1263 ν.
242 1218 496 1276 petendum.
554 1217 623 1262 Cf.
643 1219 788 1276 Apoc.
803 1219 869 1269 13,
885 1218 952 1262 18.
982 1214 1179 1273 ἀριθμὸς
1197 1216 1279 1275 γὰρ
1301 1215 1550 1274 ἀνθρώπου

79 1276 200 1329 (scil.
221 1271 245 1318 ὁ
269 1273 484 1331 ἀριθμός)
514 1273 623 1318 ἐστι’.
647 1282 736 1318 not.
756 1274 811 1317 ad
833 1275 992 1318 Matth.
1021 1290 1064 1332 p.
1084 1276 1184 1318 662.
1208 1290 1277 1332 sq.
1309 1275 1472 1330 Pfluyk.
1493 1274 1551 1317 ad

81 1333 190 1376 Eur.
205 1333 505 1377 Andromach.
526 1347 566 1376 v,
581 1332 677 1376 181.
697 1330 950 1387 ἐπίφθονόν
961 1347 1004 1374 τι
1013 1333 1160 1387 χρῆμα
1171 1333 1369 1389 θηλειῶν
1382 1329 1468 1386 ἔφυ
1479 1355 1551 1377 -.

83 1397 128 1432 et
148 1388 389 1444 Blomfield.
420 1389 474 1431 ad
508 1389 676 1432 Aesch.
703 1387 829 1431 Pers.
860 1403 901 1430 v,
924 1389 1025 1431 340.
1056 1383 1269 1444 ἁμαρτία]
1296 1389 1325 1432 i.
1348 1403 1387 1432 e.
1409 1385 1553 1442 ἆμαρ-

82 1445 247 1499 τωλός,
289 1446 331 1488 id
355 1446 470 1502 quod
492 1461 514 1488 e
536 1461 576 1489 ν.
603 1442 702 1486 καθ’
724 1441 976 1501 ὑπερβολῆν
1000 1442 1263 1501 ἁμαρτωλός
1283 1446 1554 1500 intelligitur

84 1508 147 1557 (v.
167 1510 257 1547 not.
276 1502 331 1544 ad
350 1518 391 1547 v.
411 1505 492 1557 7.).
522 1503 578 1546 cf.
603 1502 849 1544 Theodorei.
870 1500 1108 1560 Perperam
1130 1500 1289 1546 Rueck.
1308 1506 1552 1560 peccatum]

86 1560 173 1603 Dei
193 1560 445 1603 adversaria
475 1564 519 1602 et
547 1559 765 1601 hominum
787 1558 944 1615 pestis.
1003 1558 1258 1604 Sententia:
1287 1560 1374 1602 imo
1397 1559 1556 1603 Pecca-

86 1623 159 1660 tus
184 1618 289 1660 mihi
315 1617 400 1659 fuit
421 1617 577 1669 exitio,
618 1621 665 1657 ut
695 1613 908 1658 Peccatus
931 1620 1136 1672 peccator
1162 1617 1420 1669 exsisteret,
1451 1618 1556 1674 quia

86 1688 166 1730 per
185 1675 336 1717 bonam
354 1688 445 1717 rem
472 1678 610 1729 (voco.
634 1671 709 1714 διὰ
736 1673 817 1715 τοῦ
842 1669 1018 1727 ἀγαθοῦ
1038 1672 1209 1730 pondus
1231 1674 1413 1727 habent)
1440 1689 1558 1716 mor-

89 1738 174 1773 tem
197 1731 301 1773 mihi
320 1735 515 1788 pararet.
575 1729 661 1772 Sed
685 1729 752 1771 his
768 1744 806 1772 v.
827 1743 910 1770 non
933 1729 1044 1770 satis
1059 1730 1254 1785 graviter
1276 1731 1390 1789 quod
1410 1731 1557 1774 dicere

90 1788 303 1830 voluisset
324 1788 485 1829 dictum
508 1787 564 1828 ab
587 1802 634 1828 se
659 1800 756 1828 esse
781 1787 874 1841 Ap.
897 1787 1051 1829 sensit.
1110 1785 1293 1842 Itaque,
1332 1795 1381 1829 ut
1406 1789 1447 1829 in
1475 1789 1559 1831 tali

92 1859 223 1885 causa
252 1845 395 1886 lacere
419 1844 647 1886 consuevit
673 1843 797 1897 (Gal.
820 1845 865 1895 3,
894 1843 963 1886 14.
993 1844 1037 1894 4,
1065 1842 1106 1886 5.
1137 1844 1166 1886 2
1185 1844 1288 1888 Cor.
1307 1847 1349 1897 9,
1369 1846 1410 1890 3.
1443 1845 1558 1903 Eph.

92 1901 221 1952 6,19.
243 1914 309 1956 sq.
350 1901 379 1942 2
401 1900 500 1944 Cor.
532 1903 599 1952 12,
621 1901 693 1943 20.
733 1899 862 1942 Rom.
889 1899 932 1952 3,
957 1900 1051 1953 26.)
1081 1901 1261 1942 eandem
1293 1905 1559 1945 sententiam

95 1957 274 2013 repetiit
293 1957 437 1997 verbis
458 1956 511 1997 ad
541 1957 844 1998 declarandam
867 1970 958 1998 rem
987 1957 1127 2009 magis
1154 1959 1372 2015 appositis
1393 1956 1464 2000 ἵνα
1483 1959 1561 2016 γέ-

95 2028 222 2069 νηται
241 2037 295 2044 --
316 2012 389 2053 διὰ
408 2011 696 2067 τῆςἘντολῆς
725 2018 773 2054 ut
798 2014 924 2054 fieret
943 2013 1183 2066 (hominum
1199 2014 1367 2072 judicio
1390 2016 1420 2059 i.
1442 2031 1485 2073 q.
1511 2020 1562 2057 ut

95 2074 351 2111 censeretur
379 2069 422 2120 3,
447 2069 525 2121 4.)
561 2083 582 2110 s
594 2083 732 2120 upra
771 2070 974 2110 modum
1014 2077 1279 2123 peccator
1316 2070 1563 2129 (ejusmodi

97 2134 300 2185 peccator
332 2125 406 2182 qui
434 2125 740 2167 incredibiliter
765 2127 995 2181 peccaret)
1028 2125 1234 2169 Peccatus
1267 2142 1346 2184 per
1373 2130 1563 2173 Interdi-

99 2189 213 2226 ctum
231 2183 367 2239 (quod
388 2196 519 2237 quum
541 2182 750 2280 optimum
772 2187 890 2222 esset
915 2181 957 2222 in
980 2182 1195 2225 hominum
1217 2190 1382 2241 pestem
1404 2186 1564 2228 vertis-

99 2246 192 2292 set,
233 2254 272 2282 v.
304 2242 484 2295 supra).
600 2237 863 2296 urpissimus
893 2238 1006 2279 enim
1037 2244 1082 2280 et
1113 2254 1246 2298 supra
1279 2256 1406 2297 quam
1441 2242 1565 2286 credi

130 2302 243 2338 otest
273 2297 472 2354 impurus
502 2294 560 2336 sit
589 2309 769 2337 necesse
798 2299 866 2335 est
893 2294 968 2351 qui
997 2309 1048 2337 ex
1073 2301 1227 2339 sancta
1255 2311 1302 2339 re
1323 2300 1564 2371 perniciem

97 2312 353 2396 Kominibus
402 2352 689 2395 machinetur.
763 2351 899 2393 Recte
941 2358 1085 2393 autem
1129 2352 1180 2397 P.
1218 2353 1296 2410 τὴν
1329 2355 1566 2410 Λμαρτίαν

102 2406 433 2467 ἁμαρτωλόν
462 2409 653 2460 vocavit,
692 2409 792 2465 quia
816 2407 1046 2451 Peccatum
1063 2423 1288 2461 personam
1311 2412 1479 2455 induxit
1501 2417 1568 2468 (V.

103 2467 277 2510 Era-sm.
305 2465 467 2516 Beza.)
498 2462 596 2506 ›ea-‘J’
629 2461 880 2520 ὑπερβολὴν
911 2460 1197 2522 ἁμαρτωλός]
1232 2482 1362 2522 supra
1395 2470 1566 2512 modum

101 2527 302 2580 peccator
327 2522 357 2565 i.
385 2536 423 2565 e.
446 2522 633 2575 insignis
662 2527 880 2579 peccator.
922 2519 1080 2577 Polyb.
1100 2524 1142 2575 9,
1163 2524 1233 2576 22,
1253 2525 1296 2568 8.
1327 2522 1446 2579 ιόμός
1464 2522 1563 2567 καθ’

105 2575 377 2633 ὑπερβολή·
421 2579 556 2621 Diod.
586 2578 676 2622 Sic.
709 2581 776 2630 17,
805 2580 877 2622 47.
917 2577 1052 2635 πένης
1087 2575 1187 2620 καθ’
1223 2575 1493 2635 ὑπεοβολιὲν.
1523 2596 1565 2626 v.

87 2670 90 2673 .
112 2635 263 2678 Wetst.
288 2595 350 2686 ll,
367 2635 456 2678 57..
517 2634 606 2691 Qui
623 2633 693 2676 ἵνα
713 2634 883 2692 γένηται
906 2641 987 2678 etc.
1009 2637 1076 2677 vel
1095 2650 1117 2676 a
1139 2623 1382 2695 Participio
1412 2616 1567 2692 κὲκτερ-

107 2689 320 2747 γαζομὲνη
344 2692 523 2747 (Beraq.)
545 2692 610 2733 vel
631 2706 653 2732 a
676 2693 767 2734 tota
790 2706 899 2749 quae
919 2691 1135 2734 antecedit
1154 2696 1370 2737 sententia
1390 2693 1460 2737 ἵνα
1481 2709 1569 2750 φα-

109 2748 161 2803 νῇ
186 2773 236 2778 -
258 2744 454 2789 θάνατον
475 2748 820 2805 suspenderunt,
860 2763 998 2805 neque
1018 2749 1120 2805 quid
1146 2749 1270 2793 Pauli
1299 2751 1569 2794 consuetudo

110 2810 156 2845 et
176 2818 248 2846 res
268 2805 362 2861 ipsa
385 2806 631 2861 postularet
659 2806 909 2861 cogitarunt
935 2811 980 2847 et
1001 2813 1090 2848 tum
1111 2809 1318 2864 syntaxin
1348 2817 1572 2851 contorse-

114 2866 219 2904 runt
237 2867 328 2904 tum
348 2863 627 2908 sententiam.
684 2862 782 2908 Jam
812 2861 927 2920 quod
958 2860 1010 2907 P.
1032 2863 1120 2918 ait,
1161 2865 1304 2907 Deum
1327 2865 1571 2909 extraordi-
