1715 3115
118 176 147 216 δ
403 173 778 218 El'lSTOLA
811 175 912 218 AD
945 176 1300 221 ROMANOS

121 282 315 320 mortuos
333 282 376 320 et
396 280 583 336 plurima
608 281 744 322 Mosis
765 289 997 338 praecepta
1021 283 1234 340 ejusmodi
1264 287 1392 337 sunt,
1433 288 1481 325 ut
1509 287 1589 340 qui

120 349 171 378 ea
193 340 389 376 mortuus
420 338 652 378 ohservare
685 339 850 393 possit,
891 354 970 380 nou
1003 340 1240 393 intelligas.
1314 340 1588 396 (Quamquam

121 393 295 433 tametsi
321 391 369 436 Ρ.
388 394 648 434 sententiam
672 408 722 434 ex
745 395 1029 437 interioribus
1051 396 1314 440 Iudaeorum
1340 398 1484 438 literis
1514 397 1590 438 de-

122 454 334 505 promtam
355 463 433 505 pro
456 451 553 490 nota
575 457 618 490 et
640 465 766 505 quam
787 451 1051 504 Christiani,
1082 454 1154 509 qui
1176 453 1277 494 olim
1302 453 1458 509 pagani
1481 453 1589 494 suis-

122 511 245 557 sent,
290 519 372 546 non
409 513 525 547 recte
557 507 807 557 ignorarent
835 509 1079 563 posuisset,
1119 524 1200 550 non
1235 524 1493 566 magnopere
1525 509 1590 550 of-

123 560 345 604 fenderer.
386 561 498 604 Nam
522 577 652 617 quum
671 564 918 616 relligionis
939 565 1087 605 christ.
1111 565 1282 606 decreta
1302 568 1357 606 ab
1376 566 1591 622 apostolis

123 618 395 671 argumentis
434 632 457 658 e
491 618 545 661 V.
576 618 633 661 T.
674 621 876 676 repetitis
914 621 1188 677 potissimum
1217 622 1592 673 confirmarentur,

124 674 221 715 lieri
245 688 324 714 non
349 675 515 731 potuit,
541 675 644 730 quin
670 690 789 717 nemo
826 691 907 717 non
941 676 1217 718 cordatorum
1240 678 1591 720 Christianorum

124 730 179 771 ad
199 729 442 772 divinorum
468 730 526 774 V.
553 731 611 775 T.
633 732 844 774 librorum
869 734 1096 774 lectionem
1123 733 1406 785 invitaretur,
1437 748 1589 789 quum-

125 801 210 842 que
232 788 553 839 invenirentur,
584 788 681 844 qui,
711 796 759 830 ut
783 789 858 839 l'.‚
889 789 1178 843 Theologiam
1195 788 1290 846 jud.
1318 790 1360 831 in
1393 790 1589 842 relligio-

126 843 196 884 nis
217 843 370 886 christ.
395 845 1146 898 commendationemt1·.·mste1·rent,
1177 846 1378 900 magistri
1409 846 1461 886 ad
1494 860 1589 887 eam

125 914 215 941 rem
239 899 383 941 idonei
406 905 452 940 ut
472 899 584 942 idem
607 902 800 943 facerent
817 903 919 943 moti
940 907 1065 955 sunt,
1094 902 1264 943 indocta
1287 901 1460 959 quidem
1497 903 1592 958 ple-

123 956 276 997 becula
300 956 411 997 hunc
442 956 625 999 fructum
655 972 705 999 ex
735 960 802 1000 his
834 959 993 1000 studiis
1023 959 1160 1014 cepit,
1203 964 1252 1000 ut
1280 958 1512 1000 nonnullas
1538 971 1591 999 ex

124 1011 390 1056 Iudaeorum
414 1012 659 1068 Theologizi
684 1015 861 1056 haustas
881 1021 924 1056 et
945 1014 998 1056 ad
1033 1015 1306 1067 relligionem
1334 1014 1488 1056 christ.
1519 1028 1590 1055 ac-

125 1068 418 1110 commodatas
449 1071 690 1113 sententias
721 1071 773 1113 de
805 1072 1028 1126 magistris
1057 1071 1261 1115 disceret.
1301 1095 1353 1104 —
1421 1071 1591 1113 Graves

126 1125 417 1181 interpretum
441 1125 627 1182 injurias
651 1127 718 1168 hic
738 1129 768 1170 l.
793 1143 830 1171 v.
855 1130 876 1169 l
896 1153 934 1158 -
955 1130 996 1171 4.
1019 1128 1186 1184 accepit
1206 1133 1454 1184 propterea,
1476 1126 1592 1182 quod

123 1181 197 1222 illi
217 1195 346 1223 versu
368 1183 408 1224 l.
432 1189 480 1224 ut
502 1197 580 1225 nos
602 1184 782 1225 fecimus
802 1184 1022 1241 exposito,
1052 1185 1296 1240 exemplum
1321 1198 1359 1226 v,
1378 1185 1421 1226 2.
1441 1184 1484 1226 3.
1508 1198 1590 1224 non

125 1244 274 1294 aptum
312 1253 410 1279 esse
447 1241 688 1281 sententiae
728 1254 768 1284 v.
803 1243 840 1283 1.
874 1241 1074 1296 exemplo
1104 1239 1397 1281 illustrandae
1425 1239 1593 1296 opinati

126 1301 251 1345 sunt,
286 1295 361 1350 qui
383 1309 508 1337 error
528 1296 641 1338 alios
660 1311 834 1338 errores
856 1298 1006 1349 gemnit
1026 1311 1151 1338 versu
1171 1298 1240 1348 4.‚
1280 1296 1354 1337 ubi
1372 1311 1525 1338 versus
1551 1298 1592 1340 l.

125 1352 340 1392 sententia
363 1351 415 1393 ad
437 1354 632 1395 homines
652 1354 791 1395 christ
835 1354 1106 1410 applicatur,
1136 1353 1407 1396 commissos.
1465 1352 1592 1396 Com-

125 1412 266 1448 menta
297 1409 459 1464 optime
489 1415 703 1452 tacentur.
772 1411 928 1465 Beny.,
970 1410 1175 1464 Carpzov.
1202 1410 1285 1452 al.:
1334 1424 1389 1450 tm
1418 1409 1590 1463 iynorcc-

124 1463 182 1505 tis
201 1488 254 1494 -
273 1464 404 1519 leyem
426 1466 687 1508 matrimonii
708 1466 811 1508 (sicl
841 1481 880 1509 v.
902 1468 1056 1523 snpra)
1077 1467 1290 1519 imperare
1309 1464 1466 1506 homini
1483 1464 1535 1519 (i.
1547 1479 1588 1518 e.

124 1520 320 1572 uxorii),
349 1522 551 1576 quamdiu
569 1523 680 1564 vivat
704 1523 791 1566 leur.
817 1522 950 1572 Beng.
977 1522 1157 1576 (carpz.
1186 1521 1387 1577 qoecamdt'u
1418 1520 1530 1562 vivut
1563 1520 1587 1562 ὃ

124 1568 449 1631 ἄνθρωπος,
481 1577 523 1619 h.
551 1593 590 1620 e.
615 1575 871 1631 nutritus-W!
898 1578 1205 1629 Jlammomius,
1237 1577 1433 1629 Clericus,
1467 1576 1588 1619 Elsn.

125 1632 186 1676 al.
205 1632 469 1689 hyperbato,
507 1633 620 1689 quod
645 1635 811 1676 ratione
840 1634 1125 1686 destituitur,
1163 1632 1354 1674 admisso
1383 1646 1423 1675 v.
1454 1627 1477 1674 ὅ
1510 1629 1590 1673 νό-

123 1703 206 1739 μος
234 1689 313 1730 τοῦ
344 1685 590 1743 ἀνθρώπου
613 1691 887 1734 consociant:
915 1716 957 1722 —-
997 1690 1156 1743 Legem
1188 1689 1374 1730 hominis
1403 1687 1588 1742 (mariti)

123 1744 364 1796 dominari,
393 1746 597 1800 quamdiu
618 1747 711 1802 ipse
731 1743 898 1790 vivat?!
937 1746 1024 1788 Sed
1055 1760 1106 1787 ex
1134 1745 1282 1787 eodem
1315 1745 1433 1786 fonte
1461 1757 1589 1786 error

123 1802 316 1842 manavit
335 1800 388 1842 ad
415 1803 574 1843 multos
599 1806 847 1859 pertinens,
879 1818 962 1859 quo
986 1802 1038 1844 ad
1059 1816 1174 1846 vocc.
1206 1797 1279 1856 ἐφ’
1303 1798 1407 1842 ὅσον
1433 1797 1589 1856 χρόνον

127 1855 181 1910 ζῆ
202 1864 342 1899 mente
365 1857 528 1900 addunt
548 1855 569 1900 ὃ
595 1857 746 1910 minag:
786 1875 841 1902 an
866 1860 1035 1901 nescitis
1056 1883 1109 1888 —
1129 1859 1260 1913 Ieyem
1284 1871 1410 1910 mos„
1438 1870 1587 1913 ‹locam-

126 1914 199 1954 diu
228 1915 432 1969 riqeut,
480 1915 637 1956 lmmini
665 1912 908 1970 imperare?
947 1916 1164 1966 (liv-casm„
1213 1913 1410 1964 Vatabl„
1448 1912 1587 1964 Grot„
1634 1920 1640 1928 ”

125 1969 270 2023 Kopp.
302 1971 397 2021 al.).
474 1971 621 2013 Visere
648 1974 759 2013 enim
796 1972 1090 2028 metaphorice
1120 1969 1320 2012 dicuntur
1348 1983 1457 2025 quae
1485 1975 1589 2009 sunt

124 2032 202 2066 aut
221 2026 305 2067 vim
333 2034 560 2077 exercent,
596 2042 884 2070 consenescere
914 2042 1024 2084 quae
1052 2032 1238 2080 vergunt
1264 2025 1317 2066 ad
1347 2024 1588 2076 interitum,

125 2083 234 2123 mori
263 2083 451 2138 denique
483 2098 593 2140 quae
621 2085 851 2126 abolentur
881 2092 926 2126 et
955 2085 1192 2125 intereunt.
1251 2081 1309 2123 V.
1333 2080 1468 2138 Soph.
1490 2083 1587 2121 An·-

123 2138 204 2190 tig.
225 2139 326 2181 452.
349 2141 497 2182 Herm.
521 2138 572 2182 οὗ
592 2140 673 2195 γάρ
689 2157 731 2182 τι
761 2141 833 2182 νῦν
865 2156 911 2193 γε
944 2138 1127 2192 κάχθές,
1156 2135 1258 2180 ἀλλ’
1277 2133 1347 2177 ἀεί
1376 2151 1484 2177 ποτε
1508 2135 1514 2192 Ι
1537 2134 1591 2203 ζιὶ

124 2196 261 2234 ταῦτα
292 2196 437 2246 (θεῶν
464 2192 657 2250 νόμιμα)
692 2222 761 2240 --.
804 2197 1067 2253 interpretes
1097 2193 1149 2236 ad
1184 2192 1370 2236 Philoct.
1405 2194 1530 2234 1429.
1562 2207 1586 2246 η

123 2248 206 2303 γὰρ
227 2248 428 2302 εὐσέβεια
449 2252 711 2307 συνθιιήσκει
739 2255 929 2307 βροτοῖς.
987 2250 1216 2294 Demosth.
1246 2255 1392 2290 contra
1417 2248 1587 2289 Marar-

123 2311 260 2347 tatum
291 2310 409 2350 1070.
436 2311 501 2352 16.
526 2308 678 2351 Reisk.
727 2309 907 2365 Joseph.
929 2323 966 2351 c.
991 2309 1081 2364 Ap.
1103 2306 1226 2357 2‚38.
1249 2304 1340 2348 Cic.
1370 2305 1422 2346 de
1446 2304 1526 2346 Or.
1546 2304 1586 2356 l,

123 2361 306 2411 ⁵8,247.
328 2389 379 2394 —
400 2378 482 2405 non
505 2364 649 2417 vides,
681 2373 849 2407 veteres
882 2366 1001 2419 leges
1029 2368 1103 2404 aut
1133 2362 1227 2419 ipsa
1260 2361 1339 2402 sust
1368 2366 1586 2403 vetustate

124 2420 408 2471 consennt'sse,
448 2426 523 2462 aut
549 2418 634 2463 —-‘.²
676 2420 900 2474 ll‚23,¹34.
930 2445 981 2451 ——
1008 2418 1175 2459 tamdiu
1212 2432 1350 2471 genus
1382 2417 1491 2458 illud
1518 2416 1585 2457 di-

122 2474 248 2514 cendi
264 2475 542 2533 studiumque
557 2477 664 2519 vixit
678 2503 747 2521 —-.
763 2479 803 2518 in
817 2476 1042 2517 Vatinium
1056 2476 1170 2527 9,23.
1186 2499 1240 2505 --
1256 2488 1365 2531 quae
1377 2473 1585 2528 (sanctis-

123 2530 258 2571 simae
278 2532 421 2585 leges)
461 2559 478 2563 ‹-
518 2533 645 2573 etiam
671 2533 976 2575 interSullana
1002 2547 1118 2573 arma
1140 2531 1336 2572 vixerunt
1357 2555 1427 2574 --.
1478 2528 1588 2571 Post

121 2583 229 2627 Red.
259 2587 302 2627 in
337 2588 439 2631 Sen.
470 2589 564 2639 2‚.3.
595 2615 649 2620 —
679 2605 763 2645 quo
792 2591 1024 2644 (tempore)
1055 2594 1295 2629 vestrorum
1327 2586 1368 2627 in
1405 2600 1482 2627 nos
1511 2587 1584 2625 he·-

121 2643 372 2685 neflciorum
396 2645 599 2686 memoria
622 2659 670 2686 ac
693 2649 803 2686 fania
829 2645 1036 2686 mor-imm·
1058 2641 1139 2686 —?
1172 2641 1365 2698 Philipp.
1388 2640 1586 2694 11‚5‚12.

121 2697 246 2752 Quae
287 2701 458 2755 quidem
500 2701 804 2757 interpretatio
833 2715 937 2742 rana
967 2705 1034 2740 est>
1066 2714 1147 2740 non
1178 2706 1429 2755 propterea,
1469 2695 1585 2752 quod

121 2754 230 2796 hanc
269 2758 555 2810 tautologiam
593 2758 775 2801 inserat:
815 2758 887 2798 lar
918 2757 1025 2797 melei
1059 2756 1257 2810 ιμιαηιάὶιι
1287 2754 1396 2795 vale!
1427 2753 1584 2807 (Bczct,

125 2810 273 2866 Elsn.‚
304 2812 474 2858 Koelln.
491 2845 502 2867 ,
531 2815 581 2856 de
608 2814 785 2858 netum
805 2815 891 2866 εὼς
921 2813 1005 2856 inno
1026 2812 1162 2865 hanc,
1200 2810 1285 2869 quai
1303 2810 1416 2854 nihil
1433 2809 1585 2852 sanius
