1715 3115
502 159 659 207 CAP.
691 160 855 206 Vlll.
897 162 988 208 Vs.
1019 165 1061 209 3.
1093 168 1146 207 et
1176 164 1239 210 4..
1525 166 1630 207 109*

137 271 287 311 nutum
308 269 607 320 conformare3
639 283 678 311 v.
711 283 755 325 p.
783 268 904 322 212.)
935 285 1017 311 non
1050 268 1105 312 ad
1132 271 1332 328 corporis
1357 269 1605 324 libidinem,

135 327 212 368 sed
235 325 289 367 ad
307 324 396 368 div.
421 325 606 382 spiritus
626 326 802 368 ductum
827 327 1438 383 morosdirigereinus(v·.4.).
1486 328 1604 369 Male

141 382 354 432 Ustere‘us,
383 396 437 423 ne
466 383 601 423 multa
632 397 741 438 quae
768 382 811 423 in
845 384 1074 425 verborum
1104 385 1398 441 explicatione
1426 390 1606 441 peccata

133 438 353 480 commisit
373 439 515 480 denuo
536 440 856 495 perstringam,
887 454 926 483 v.
947 443 989 484 3.
1013 439 1338 497 ῑιζνἉμαρτίαν
1367 441 1398 485 i.
1429 456 1468 484 e.
1494 439 1604 482 Pec-

135 501 301 546 catum,
352 501 625 551 peccatorum
659 496 899 553 principem
928 502 971 538 et
998 498 1292 551 inventorem,
1327 497 1382 539 de
1409 497 1604 550 patratis

130 553 319 607 peccatis
348 552 487 608 cepit:
519 567 737 609 (piumque
768 568 842 604 eo,
877 553 991 608 quod
1020 553 1226 596 Christus
1257 555 1471 596 hominum
1502 568 1606 609 pec-

133 614 229 650 cata
250 609 497 664 expiasset,
537 610 711 651 minime
735 609 814 651 hoc
841 610 1040 652 effectum
1072 626 1193 664 esse,
1234 617 1282 653 ut
1311 625 1498 652 excusso
1523 609 1605 666 τῆς

134 667 299 720 σαρκός
311 665 420 723 jugo
443 664 552 707 κατὰ
576 668 759 717 Πνεῦμα
779 666 1024 709 viveremus
1049 673 1093 709 et
1121 667 1231 719 legis
1261 682 1371 711 mos.
1401 667 1604 723 postula-

134 722 193 762 tis
217 723 598 774 satisfaceremus,
628 723 947 774 intellexisset,
977 738 1018 768 v·
1035 725 1078 768 4.
1103 726 1236 765 multa
1261 739 1314 766 ex
1336 724 1439 765 aliis
1461 722 1511 766 P.
1536 725 1603 765 lo-

132 779 197 820 cis
219 779 378 835 partim
401 781 512 820 male
533 779 769 821 intellectis
791 781 990 835 precario
1012 781 1258 838 supplevit,
1286 795 1398 837 quae
1418 781 1456 823 si
1478 781 1602 821 nullo

133 836 346 877 elemento
367 836 554 878 indicata
580 834 631 879 P.
652 836 838 890 cogitari
858 837 1096 889 voluisset,
1127 852 1179 879 ne
1201 837 1400 893 Oedipus
1424 836 1602 893 quidem

131 892 425 949 paullinarum
446 893 732 951 epistolarum
754 893 864 934 satis
888 899 1032 936 certus
1054 895 1273 950 interpres
1299 900 1442 937 esset:
1471 893 1603 936 Chri-

134 950 192 991 sti
223 955 404 991 mortem
433 963 534 991 esse
562 950 770 991 vicariam
800 949 828 990 2
857 948 961 994 Cor.
989 951 1116 1002 5‚14.
1145 954 1320 1008 (nempe
1348 950 1599 1004 expiatoria

132 1005 301 1049 Christi
322 1020 440 1048 mors
461 1006 625 1047 vicaria
645 1011 737 1060 est,
767 1020 850 1048 non
875 1008 957 1063 qua
982 1005 1187 1049 Peccatui
1207 1022 1286 1065 per
1303 1008 1510 1061 ambages
1533 1007 1601 1047 in-

132 1064 291 1105 teritus
312 1062 597 1105 denuntiatus
617 1067 710 1114 est,
748 1062 802 1104 de
828 1065 910 1119 qua
935 1063 987 1109 P.
1016 1065 1087 1106 hic
1116 1065 1358 1120 loquitur):
1394 1064 1602 1120 quoniam

132 1119 303 1164 Christi
341 1120 550 1162 ricarium
584 1126 765 1161 mortem
797 1120 1000 1162 obeuntis
1025 1135 1178 1175 corpus
1204 1128 1401 1162 necatum
1431 1121 1491 1161 sit
1521 1134 1601 1161 no-

132 1185 272 1219 strum
295 1190 467 1233 quoque
488 1190 649 1233 corpus
670 1175 839 1219 Christi
860 1183 999 1220 morte
1025 1177 1242 1235 supplicio
1269 1177 1472 1220 affectum
1499 1191 1601 1219 esse

131 1235 233 1287 (hoc
252 1236 291 1276 si
315 1247 463 1276 verum
486 1239 619 1284 esset,
648 1247 700 1274 ne
723 1239 896 1287 possent
918 1235 1083 1290 quidem
1101 1235 1299 1276 homines
1317 1248 1418 1276 vere
1441 1234 1601 1279 christ.

131 1305 314 1348 peccare
345 1295 421 1331 aut
448 1295 502 1347 τῇ
529 1287 662 1345 σαρκί
690 1290 882 1343 servire,
921 1290 1036 1346 quod
1065 1305 1192 1333 secus
1218 1297 1287 1333 est
1313 1291 1442 1335 Rom.
1471 1289 1600 1342 8,12.

132 1348 236 1391 Gal.
264 1349 437 1400 5‚16.)3
487 1346 588 1402 qnia
630 1345 835 1388 Christus
874 1353 1026 1389 nostro
1062 1349 1159 1390 loco
1199 1352 1382 1389 mortem
1422 1347 1600 1400 adierit,

131 1411 269 1447 morte
297 1410 440 1447 autem
471 1409 746 1461 peccatorum
775 1418 910 1459 poena
944 1404 1092 1446 luatur
1125 1403 1426 1460 Peccatusque
1459 1404 1600 1461 impe·

131 1463 245 1503 rium
276 1465 501 1504 evertatur
528 1460 652 1501 Rom.
672 1461 768 1511 6,7.
788 1460 855 1512 8.,
886 1461 985 1502 hinc
1014 1476 1093 1503 uos
1122 1476 1294 1518 quoque
1319 1476 1370 1502 eo
1399 1462 1513 1517 quod
1543 1461 1598 1502 de

133 1519 310 1562 Christo
331 1518 597 1574 supplicium
619 1522 808 1558 sumtum
833 1516 892 1558 sit
912 1522 999 1559 tum
1021 1525 1296 1575 peccatorum
1318 1533 1498 1575 poenam
1523 1517 1599 1571 de-

129 1575 249 1618 disse
270 1582 360 1617 tum
383 1575 596 1618 Peccatus
617 1572 892 1628 tyrannidem
917 1573 1205 1618 destruxisse.
1264 1574 1433 1631 Nempe
1453 1575 1598 1616 locum

130 1633 259 1677 Rom.
287 1634 382 1684 o‚7.
410 1644 619 1689 perverse
652 1630 845 1672 Lsssterias
884 1631 1120 1688 explicuit,
1169 1630 1354 1674 Paulum
1395 1632 1598 1688 dispares

130 1694 398 1745 peccatoram
420 1688 575 1741 culpa
588 1701 610 1727 e
630 1691 673 1727 et
690 1691 960 1740 potentatus,
989 1703 1109 1745 quem
1133 1689 1340 1731 Peccatus
1360 1693 1598 1739 exerceret,

130 1747 331 1788 notiones
351 1745 410 1787 ibi
431 1743 682 1786 confudisse
703 1742 946 1785 arbitratus
967 1747 1031 1799 (v.
1053 1743 1098 1797 1,
1121 1760 1164 1801 p.
1185 1745 1326 1798 389.).
1358 1743 1597 1787 'Persimi-

131 1804 199 1845 les
226 1801 452 1843 Rueclferti
487 1815 531 1856 p.
560 1800 662 1841 334.
697 1813 837 1854 nugas
871 1800 977 1842 bene
1007 1801 1172 1843 refellit
1201 1801 1374 1844 Koelln.
1404 1816 1448 1857 p.
1475 1801 1597 1846 272..

131 1858 354 1902 Daehnius
372 1862 516 1898 autem
538 1856 581 1896 in
604 1856 658 1898 l.:
690 1857 975 1912 (sffntmiffaung
998 1861 1064 1901 bes
1082 1859 1187 1913 paui:
1205 1857 1398 1913 ssebtbegt.
1427 1872 1471 1914 p.
1495 1858 1596 1902 1:58.

134 1916 234 1958 143.
264 1929 332 1969 sq.
363 1912 532 1955 Christi
562 1917 700 1953 morte
728 1913 1028 1955 tantummodo
1059 1911 1296 1968 σαρκικὰ
1329 1912 1597 1966 infirmitatis

128 1975 309 2028 peccata
329 1969 501 2025 expiata
522 1981 620 2009 esse
642 1966 826 2008 Paulum
847 1969 892 2011 h.
911 1969 943 2013 l.
972 1969 1203 2012 ostendere
1229 1969 1448 2026 perhibet.
1504 1970 1597 2013 Lo-

130 2043 226 2071 cum
265 2027 402 2081 igitur
442 2025 505 2066 sic
542 2028 837 2065 constructum
868 2021 891 2066 ὁ
917 2024 1053 2074 θεὸς
1081 2025 1179 2082 γὰρ
1210 2023 1499 2082 κατέκρινε
1526 2023 1590 2067 τὸ

129 2083 413 2129 ἀδύνατον
447 2079 543 2122 τοῦ
578 2077 755 2130 νόμου
791 2080 857 2134 (h.
886 2094 926 2124 e.
960 2082 1157 2123 Daelmio
1188 2082 1430 2139 interprete
1458 2078 1483 2124 ’ὁ
1510 2082 1594 2124 τοῦ

128 2141 267 2195 νόμου
285 2138 347 2194 τῷ
370 2136 562 2193 σαρκικῷ
592 2134 807 2178 ἀδύνατον
835 2132 903 2191 ἦν)
933 2133 979 2179 ἐν
1001 2130 1034 2192 ᾧ
1056 2136 1236 2194 ἠσθένει
1256 2140 1457 2195 (supplet
1476 2138 1594 2181 Sub-

125 2199 291 2258 jectum
323 2191 346 2237 ὁ
374 2191 586 2250 σαρκικός
615 2192 901 2234 Matthiaeum
923 2196 1040 2246 QCqu.
1071 2208 1127 2250 gr.
1150 2196 1223 2241 ΘΥ.
1252 2210 1296 2252 p.
1325 2196 1425 2238 590.
1454 2197 1594 2238 alios·

129 2270 216 2312 que
237 2250 524 2304 antestatusl)
556 2246 632 2291 daci
649 2248 728 2304 τῆς
746 2245 932 2305 σαρκὸς,
964 2250 1060 2306 τὴν
1089 2246 1371 2304 ἁμαρτίαν
1397 2252 1526 2306 (haec
1548 2267 1593 2298 v.

128 2313 216 2353 vim
238 2307 531 2367 appositionis
553 2306 607 2348 ad
629 2319 745 2348 voce.
763 2303 813 2348 τὸ
836 2302 1049 2348 ἀδύνατον
1075 2323 1112 2349 τ.
1141 2324 1175 2349 ν.
1205 2308 1250 2351 ἐν
1281 2302 1318 2364 ᾧ
1347 2305 1387 2363 ἢ.
1417 2309 1455 2350 ὁ.
1483 2324 1521 2351 τ.
1548 2326 1591 2352 σ.

128 2365 385 2411 referendae
406 2365 568 2406 habere
590 2362 783 2420 putatl)‚
814 2359 867 2404 ἐν
896 2361 956 2418 τῇ
986 2365 1171 2418 σαρκὶ,
1200 2363 1276 2405 τὸν
1305 2359 1466 2407 ἑαυτοῦ
1492 2362 1590 2407 υἱὸν

129 2422 498 2478 πέμψας-περὶ
516 2415 752 2474 ἁμαρτίας,
782 2421 842 2466 i'v
856 2440 885 2466 α
909 2427 993 2463 etc.
1011 2419 1090 2462 hoc
1114 2420 1239 2462 modo
1261 2428 1460 2465 enarrat:
1489 2436 1592 2465 nam

129 2491 255 2533 Deus
271 2489 435 2545 plenivit
457 2489 565 2543 qvcod
582 2487 701 2528 homo
720 2485 1029 2539 (libidinosus,
1058 2482 1082 2528 ὃ
1103 2487 1330 2540 σαρκικός)
1352 2487 1455 2543 leyis
1482 2503 1590 2534 mos.

60 2566 63 2569 ·
126 2551 280 2601 capnt,
309 2547 355 2587 in
377 2559 462 2600 quo
483 2544 683 2585 infirmus
704 2543 781 2584 ille
803 2548 898 2585 erat
926 2548 1109 2599 propter
1134 2540 1210 2598 τήν
1238 2543 1404 2599 σάρκα,
1436 2545 1592 2586 obser-

128 2617 232 2646 vare
253 2616 339 2644 non
358 2600 503 2659 potuit
520 2600 552 2655 (l
566 2600 652 2642 dici
675 2605 818 2641 autem
841 2605 968 2656 putat
997 2598 1046 2640 τὸ
1069 2597 1282 2642 ἀδύνατον
1309 2615 1348 2642 τ.
1376 2617 1411 2642 ν.
1435 2615 1590 2654 pecca-

127 2665 221 2702 tum
237 2653 860 2713 ἰηίίννηίῗιιίὶεσαρκὶκόνὶἕς
892 2656 977 2697 imo
1006 2656 1120 2698 foret
1146 2654 1196 2697 τὸ
1228 2653 1441 2698 ἀδύνατον
1465 2672 1502 2698 τ.
1535 2674 1587 2706 22,

129 2716 169 2758 si
188 2714 375 2757 Daehnii
394 2714 609 2756 sententia
630 2727 737 2755 sana
756 2716 900 2763 esset,
927 2711 1025 2767 ejus
1039 2713 1208 2767 peccati
1222 2712 1459 2766 devitatio),
1486 2718 1590 2755 tan-

128 2785 255 2827 quam
273 2777 492 2824 peccatum
513 2784 610 2812 vere
629 2770 894 2812 commissum
916 2769 986 2823 (l),
1015 2769 1228 2812 inchristi
1251 2783 1438 2823 corpore,
1458 2784 1586 2825 quum

129 2827 344 2871 Christum
367 2841 590 2882 corpore
609 2827 813 2870 amictum
830 2830 875 2868 et
894 2824 1034 2881 quiin
1055 2825 1304 2881 corporis
1333 2825 1588 2870 emolumen-
