1715 3115
92 256 105 261 -
144 199 201 241 22
426 197 934 243 EPISTOLAAD
966 200 1325 247 ROMANOS

149 304 291 359 362).
359 303 447 347 Sed
471 321 602 361 quum
634 304 724 349 div.
751 304 928 362 spiritui
957 306 1216 364 καινότητα,
1255 307 1343 362 legi
1373 322 1481 353 mos.
1509 321 1603 351 πα-

150 358 365 418 λαιότητα
386 360 437 406 Ρ.
457 363 696 413 tribueret,
725 362 873 415 illum,
910 364 1070 421 quippe
1101 379 1238 421 nuper
1268 366 1435 407 demum
1465 366 1603 408 homi-

149 417 280 460 nibus
298 418 622 475 suppeditatum
645 418 747 462 Gal.
767 418 864 470 4‚4.
891 434 980 475 sq„
1009 425 1053 462 et
1083 421 1225 463 virere
1251 428 1296 463 et
1326 426 1496 479 aptum,
1526 421 1603 478 qui.

151 479 243 515 tum
270 475 481 530 temporis
511 475 755 516 hominibus
779 475 1035 531 imperaret,
1075 476 1293 520 dominum
1333 492 1456 531 esse,
1494 479 1603 520 hauc

147 530 305 584 priscis
333 530 579 572 hominibus
608 531 750 572 datam
771 530 860 589 jam
890 532 1157 574 obsolevisse
1184 534 1445 586 significavit
1463 534 1603 576 Hebr.

151 587 196 637 8,
211 586 294 630 13..
337 587 464 642 (Eur.
485 587 586 629 Hcl.
610 588 733 630 1056.
754 588 928 629 παλαι
943 585 1070 644 ότης
1090 589 1171 645 γὰρ
1190 592 1251 644 τῷ
1271 586 1386 646 λόγῳ
1408 587 1604 645 γ’ἔνεστί

153 656 243 691 τις,
275 643 349 684 ubi
372 658 410 686 v.
433 643 730 697 Tyrwleiwes.)
786 642 943 700 ltaque
961 645 1105 686 verbis
1128 643 1331 701 καινότης
1356 642 1604 695 πνεύματος

154 705 201 739 et
236 699 485 755 παλαιότης
522 696 633 754 γράμ
655 715 775 749 ιατος
817 701 1018 757 spiritum
1058 701 1146 744 div.
1170 700 1480 755 juvenilem-et
1513 703 1604 743 sor-

153 758 240 796 tem
263 755 605 808 moderatorem,
633 715 773 811 iegem
797 771 904 798 mos.
933 757 1116 798 vetulum
1145 757 1371 798 rectricem
1401 763 1446 800 et
1475 758 1601 811 igna-

152 824 248 852 vam
277 826 373 853 esse
405 811 627 855 indicavit.
694 814 870 868 Argute
894 813 1072 867 Benyel,
1101 827 1226 869 quem
1257 827 1338 855 non
1365 815 1604 856 contulisse

152 867 357 909 videntur
373 868 529 911 Rueck.
549 875 591 910 et
609 867 755 912 Reicle.
769 901 780 921 ‚
812 870 884 926 qui
904 884 999 910 eum
1023 867 1067 910 ἐν
1089 884 1167 927 pro
1186 871 1287 912 nota
1312 869 1462 912 Dativi
1481 883 1605 911 sum-

153 923 268 965 sisse
306 923 551 966 dictitarint
583 926 644 980 (v.
673 925 808 969 Plan.
845 927 899 969 cl.
940 924 1051 969 Win.
1088 941 1155 978 gr.
1188 927 1327 980 195.):
1364 925 1604 980 „Observa

153 980 285 1021 etiam
316 982 359 1022 in
390 981 548 1034 semel,
579 995 663 1023 non
698 982 784 1034 bis,
815 983 1023 1040 positum.
1090 983 1303 1025 Vetustati
1331 983 1606 1036 servivimus,

151 1050 236 1078 non
259 1037 354 1078 Deo
372 1038 495 1092 (Gal.
515 1039 652 1092 4‚9.),
682 1051 792 1078 nunc
813 1053 893 1080 non
917 1039 1123 1092 novitati,
1153 1039 1228 1081 sed
1249 1039 1293 1080 in
1308 1040 1493 1082 novitate
1511 1053 1605 1080 scr-

150 1092 293 1134 vimus
319 1094 412 1135 Deo
433 1095 639 1149 (6,22.).’'
697 1094 839 1136 Tollit
866 1095 967 1136 haec
997 1095 1301 1152 interpretatio
1331 1096 1605 1137 manifestam

149 1151 486 1206 oppositionem,
524 1165 633 1206 quae
655 1150 884 1192 intercedit
903 1165 940 1194 v,
966 1151 1009 1193 ἕν
1027 1151 1250 1208 καινότητι
1271 1148 1530 1205 πνεύματος,
1554 1149 1606 1193 οὗ

149 1208 203 1261 (i.
235 1221 274 1251 e.
306 1203 384 1248 οῧκ
412 1205 457 1249 ἐν
486 1206 581 1250 Col.
611 1207 653 1258 2,
668 1208 755 1258 13.)
786 1206 1053 1263 παλαιότητι
1080 1205 1345 1262 γράμματος.
1403 1208 1606 1261 Accedit,

151 1262 283 1319 quod,
313 1264 510 1305 utllenm
529 1264 681 1317 scripti
702 1265 903 1305 vetustate
922 1264 1081 1320 opponi
1105 1264 1305 1317 cognosci
1323 1271 1486 1322 posset,
1510 1267 1604 1321 Ap.

151 1320 395 1361 orationem
423 1320 485 1360 sic
513 1320 701 1361 formare
729 1320 975 1363 debuisset:
1016 1317 1126 1361 ὥστε
1157 1322 1193 1361 ὁ.
1222 1315 1264 1376 ἢ.
1297 1318 1340 1362 ἐν
1368 1337 1404 1362 κ.
1437 1335 1507 1364 nv.
1534 1320 1604 1376 τῷ

150 1377 288 1431 θεῷ,
321 1378 392 1416 καὶ
423 1374 480 1417 οὗ
512 1374 805 1418 δουλεύειν
834 1378 893 1432 τῇ
923 1374 1270 1432 παλαιότητι
1297 1391 1335 1417 τ.
1365 1391 1456 1431 γρ.
1515 1375 1605 1419 Sed

151 1431 321 1473 duobus
350 1432 470 1489 vitiis
503 1430 555 1475 P.
584 1434 906 1486 argumentatio
934 1446 973 1474 v.
1003 1432 1044 1475 5.
1072 1434 1114 1475 6.
1145 1433 1316 1474 laborat
1340 1432 1510 1475 Reichio
1531 1432 1604 1491 ju-

149 1488 263 1532 dice.
322 1487 435 1529 Nam
460 1502 588 1544 quum
609 1490 685 1530 ille
715 1490 908 1530 homines
939 1503 985 1531 eo
1012 1489 1180 1530 consilio
1204 1489 1286 1544 leq&
1314 1503 1416 1530 mos.
1442 1494 1607 1531 enectos

149 1546 258 1586 etin
283 1544 450 1587 Christi
475 1550 731 1601 potestatem
752 1545 953 1586 redactos
975 1559 1094 1597 esse,
1134 1550 1180 1586 ut
1207 1545 1332 1600 faeta
1358 1546 1451 1587 Deo
1475 1550 1607 1600 yram

148 1600 329 1643 ederent
353 1616 390 1644 v,
410 1602 469 1653 4.,
497 1615 548 1642 ex
567 1615 617 1642 eo
640 1601 829 1655 intelligi
849 1600 1164 1652 contendisset,
1204 1601 1316 1657 quod
1337 1601 1605 1655 experientia

149 1664 265 1700 teste
286 1658 372 1711 legi
395 1672 503 1700 moS.
524 1657 709 1714 subjecti
731 1658 896 1713 impure
917 1658 1150 1708 vixissent,
1180 1657 1293 1710 legis
1324 1671 1432 1699 mos.
1460 1657 1607 1700 vincu-

147 1715 208 1756 lis
232 1715 422 1755 exsoluti
443 1715 702 1767 flagitiosam
725 1715 854 1756 vitam
875 1729 1005 1769 agere
1030 1713 1266 1755 desiissent
1288 1727 1327 1756 v.
1348 1715 1389 1756 5.
1409 1715 1476 1765 (L,
1505 1726 1606 1770 per-

149 1785 300 1828 peram
333 1771 455 1811 illum
486 1771 650 1827 primo,
688 1771 842 1812 initum
875 1771 916 1812 in
946 1770 1154 1825 abrogata
1184 1770 1322 1812 Mosis
1349 1771 1446 1824 lege
1471 1769 1607 1811 consi-

149 1829 257 1869 lium
292 1841 343 1868 ex
380 1827 682 1881 abrogationis
722 1832 871 1869 eventu
898 1827 1053 1869 vitiose
1080 1831 1456 1879 argumentatum,
1495 1838 1605 1881 quae

149 1884 370 1925 hominum
395 1885 518 1940 culpa
543 1884 700 1924 suisset
721 1884 764 1924 in
793 1885 933 1938 legem
965 1898 1073 1925 mos.
1103 1883 1339 1924 contulisse
1365 1883 1405 1931 7,
1422 1883 1489 1924 12.
1521 1883 1606 1934 14„

149 1940 308 1981 deinde
330 1955 413 1981 non
445 1940 772 1992 considerasse,
810 1944 898 1980 tum
929 1940 1165 1997 temporis,
1201 1944 1248 1980 ut
1276 1939 1319 1979 in
1350 1937 1513 1980 recenti
1543 1951 1605 1989 re,

148 1996 338 2039 nondum
363 1996 531 2052 liquido
561 1997 770 2037 affirmari
800 1996 1022 2052 potuisse,
1050 1996 1222 2037 efficere
1246 1994 1413 2038 Christi
1444 1992 1606 2034 doctri-

149 2067 248 2095 nam
273 2053 387 2109 quod
408 2054 547 2095 Mosis
572 2053 802 2109 disciplina
832 2053 1005 2094 efficere
1037 2067 1120 2093 non
1151 2052 1380 2108 potuisset.
1438 2048 1604 2092 Verum

148 2110 265 2150 enim
298 2124 398 2151 vero
428 2111 522 2166 Ap.
556 2124 677 2151 suam
706 2110 1125 2162 argumentationem
1157 2105 1450 2165 experientiae
1477 2106 1606 2147 testi-

148 2166 296 2207 monio
334 2167 689 2223 superstruxisse
726 2180 835 2219 nego
872 2171 915 2207 ct
950 2179 1156 2222 pernego.
1222 2163 1316 2205 lmo
1344 2163 1605 2203 sententiam

149 2235 190 2265 v.
203 2223 246 2265 4.
268 2224 536 2279 propositam
559 2222 727 2264 duobus
747 2222 1015 2276 argumentis
1038 2220 1176 2262 fulsit.
1219 2221 1290 2261 Ac
1309 2219 1492 2275 primum
1508 2219 1606 2275 qui-

149 2278 248 2319 dem
271 2279 323 2319 ad
343 2281 552 2321 hominum
570 2279 749 2320 indolem
776 2278 1048 2336 provocavit,
1085 2276 1167 2331 quii
1196 2275 1292 2316 fieri
1324 2289 1405 2316 non
1436 2275 1605 2331 potuis-

149 2339 242 2386 set,
273 2337 374 2390 quin
397 2337 668 2389 pronmlyatti
689 2334 827 2376 Mosis
847 2336 934 2388 leye
955 2333 1007 2373 ad
1025 2332 1283 2388 peccandum
1313 2331 1605 2373 invitarentur

147 2393 211 2444 (v,
232 2391 273 2433 5.
295 2398 337 2432 et
359 2393 400 2436 6.
424 2392 558 2445 init.).
615 2390 803 2432 Tantam
824 2392 936 2431 enim
960 2390 1175 2430 hominum
1199 2389 1497 2445 impotentiam
1520 2401 1604 2428 non

146 2448 272 2489 illam
301 2449 456 2489 natur-'i
486 2448 542 2488 iis
567 2447 769 2500 insitam,
799 2445 873 2488 sed
903 2444 1252 2487 extraordinario
1286 2445 1372 2485 Dei
1401 2443 1604 2485 instituto

106 2535 111 2543 s
147 2502 346 2544 effectam
373 2504 442 2556 (v.
472 2509 561 2546 not.
593 2503 647 2543 ad
679 2518 718 2547 v.
750 2503 872 2557 13.),
917 2516 1015 2543 esse
1045 2501 1239 2556 putavit,
1277 2505 1324 2542 ut
1350 2499 1488 2541 Mosis
1517 2501 1604 2552 lex,

148 2560 348 2612 quamvis
380 2560 656 2600 sanctissima
689 2573 728 2602 v.
750 2559 842 2609 12.,
871 2562 1010 2598 tamen
1041 2569 1270 2613 perversos
1297 2556 1492 2598 homiues
1518 2569 1604 2596 non

145 2621 296 2672 posset
317 2630 401 2656 non
420 2615 473 2656 ad
495 2616 629 2656 maias
651 2615 912 2670 cupiditates
931 2613 1163 2655 accendere
1183 2627 1221 2657 v.
1241 2614 1373 2710 ⁷51?
1429 2611 1603 2653 Deinde

148 2686 255 2713 suae
278 2673 522 2713 sentcntiae
553 2686 592 2713 v.
614 2671 657 2713 4.
689 2672 913 2712 veritatem
944 2677 1034 2712 tum
1065 2684 1122 2711 ex
1147 2669 1250 2721 quz’s
1335 2682 1394 2711 os.
1424 2672 1514 2709 tum
1544 2680 1604 2709 ex

144 2728 326 2782 spiritns
353 2729 436 2769 (liv.
466 2728 599 2769 indole
631 2728 831 2780 cognosci
862 2726 1101 2768 contendit.
1177 2725 1287 2766 Esse
1323 2725 1435 2765 enim
1479 2723 1601 2765 illam

144 2785 334 2825 vetulam
357 2790 487 2839 atque
509 2784 688 2825 inertem
714 2783 963 2834 rectricem,
1002 2783 1115 2823 hunc
1142 2780 1374 2839 juvenilem
1406 2779 1602 2821 modera-

146 2846 285 2882 torem
323 2846 629 2897 potcntemquc
670 2839 847 2898 pietatis
885 2840 1141 2882 monitorem
1184 2837 1286 2884 Gal.
1323 2835 1602 2890 5,22--25..
