1715 3115
525 128 618 173 CA
635 127 685 173 P.
719 129 780 172 X.
835 128 924 170 Vs.
956 129 998 172 2.
1031 135 1084 170 et
1113 130 1175 174 3..
1499 132 1584 172 375

97 250 224 296 quam
253 238 301 276 ut
331 246 483 276 sacrae
510 247 615 274 suae
644 231 905 288 disciplinae
935 232 1195 274 elementum
1217 231 1440 289 sprevisse
1462 232 1579 274 vide-

95 298 272 344 rentur,
303 291 490 332 aliarum
513 290 735 331 nationum
761 288 1051 331 caerimonias
1083 294 1409 330 contemnerent
1438 294 1482 329 et
1505 289 1580 330 de-

94 352 365 394 testarentur
384 361 547 403 eosque
575 346 773 387 homines
806 350 1040 395 vexarent,
1076 360 1187 401 quos
1215 360 1239 386 a
1269 344 1410 387 Musis
1445 345 1578 388 disci-

93 406 217 464 plina
251 404 465 446 defecisse
496 403 808 454 credidissent,
848 415 995 443 verum
1027 417 1133 443 sane
1154 409 1223 444 est
1252 405 1312 454 (v,
1333 401 1516 458 Joseph.
1538 418 1576 451 c,

95 464 193 520 Ap.
213 462 256 514 2,
276 463 348 504 20.
377 461 428 505 Β.
456 459 498 504 J.
520 461 561 509 2,
581 463 621 509 0,
640 460 681 500 3.
709 457 834 499 Philo
861 458 928 499 De
951 459 1190 500 virtutibus
1207 456 1272 510 ΙΙ,
1292 460 1393 501 562.
1415 467 1458 500 et
1475 461 1577 506 577.

93 520 252 574 Many.
281 521 386 562 Act.
418 520 489 568 21,
508 520 578 559 20.
599 531 666 572 sq.
698 516 768 566 22,
788 517 830 558 3.
865 516 966 558 Gal.
991 518 1028 568 1,
1055 516 1121 558 13.
1145 530 1213 572 sq.
1245 514 1361 559 Phil.
1386 516 1428 568 3,
1447 519 1489 560 6.
1520 519 1576 560 cl.

93 577 253 628 Curpz.
287 574 341 616 ad
374 576 416 618 h.
447 575 525 626 1.),
567 572 642 615 sed
668 580 863 613 nostrum
893 573 924 615 l.
950 573 1126 614 minime
1157 574 1379 622 illustrat,
1409 573 1482 614 ubi
1513 572 1578 615 ls-

91 632 349 676 raelitarum
378 632 421 673 in
456 631 596 673 Deum
628 644 753 671 verso
785 629 932 670 studio
954 631 1043 670 veri
1073 629 1409 685 intelligentiam
1430 644 1480 672 eo
1500 630 1576 673 de-

92 689 259 738 fuisse,
289 687 404 746 quod
429 703 559 745 quum
586 686 668 728 Dei
695 687 960 727 voluntatem
983 687 1095 728 satis
1114 687 1343 744 perspicue
1366 688 1408 728 in
1430 687 1576 730 literis

91 763 130 792 e.
149 747 415 789 declaratam
447 745 512 800 (4,
537 747 574 788 1.
595 744 636 787 3.
657 745 698 786 G.
727 745 769 793 9,
789 743 860 786 33.
894 744 960 793 10,
984 746 1027 786 6.
1064 745 1131 786 11.
1160 744 1241 797 al.)
1278 743 1577 799 ignorassent,

92 819 220 847 suum
248 809 535 845 commentum
565 801 848 858 pertinaciter
879 800 1020 853 tueri,
1061 815 1189 856 qnam
1223 801 1320 842 Deo
1352 801 1576 859 obtempe-

93 875 195 904 rare
227 861 510 911 maluissent,
551 858 698 900 verbis
726 871 807 897 non
850 858 1069 911 ambiguis
1096 860 1188 915 Ap.
1220 858 1412 900 affirmet
1449 873 1487 900 v.
1515 860 1576 904 3..

93 918 323 962 Discimus
346 931 397 959 ex
428 917 506 958 hoc
530 914 580 959 P.
602 915 658 967 l.,
698 928 816 969 „quo
849 928 926 956 nos
948 914 1084 956 bonae
1105 920 1282 958 nostrae
1306 916 1577 958 intentiones

93 974 372 1031 abripiant,”
399 974 437 1016 si
461 974 518 1014 iis
539 972 883 1014 obsecundemus
912 986 1151 1028 parumque
1172 971 1371 1014 idoneam
1391 987 1576 1016 excusa-

93 1034 256 1076 tionem
287 1045 411 1082 esse,
449 1031 521 1071 ubi
551 1029 589 1071 is
619 1028 694 1084 qui
723 1026 1018 1083 redarguatur
1047 1028 1256 1071 obtendat
1281 1044 1328 1072 se
1351 1044 1433 1071 non
1460 1032 1575 1072 malo

94 1089 241 1131 animo
270 1089 425 1129 fecisse
454 1086 676 1142 (Calena).
745 1084 870 1126 Mens
898 1092 1048 1127 nostra
1081 1086 1278 1128 tenebris
1309 1089 1483 1144 oppleta
1507 1092 1578 1131 0.ae

94 1154 139 1189 et
166 1145 433 1188 conscientia
461 1143 601 1185 errori
634 1142 821 1183 obnoxia
854 1143 946 1196 (14,
969 1145 1008 1185 l.
1030 1145 1137 1199 sq.).
1196 1143 1368 1201 Turpia
1393 1145 1576 1187 honesta

94 1203 222 1245 nobis
251 1201 478 1250 videntur,
509 1201 619 1241 salsa
644 1214 739 1240 vera
763 1214 902 1255 neque
923 1201 978 1240 ab
1000 1200 1180 1243 incertis
1199 1201 1332 1243 rebus
1354 1203 1578 1245 assensio·

93 1276 191 1302 nem
213 1273 387 1315 semper
407 1258 675 1300 cohibemus.
740 1256 949 1298 Nostrum
971 1265 1037 1298 est
1057 1258 1193 1312 igitur
1210 1259 1332 1300 nulla
1353 1259 1578 1318 praejudi-

94 1317 191 1360 cata
220 1316 427 1373 opinione
459 1314 638 1364 ductos,
679 1312 755 1354 sed
784 1329 951 1355 swnmo
983 1315 1100 1367 veri,
1137 1329 1224 1371 quo
1257 1316 1367 1357 nihil
1386 1315 1578 1358 divinius

94 1381 190 1427 est,
229 1372 375 1414 studio
407 1372 607 1413 incensos
636 1371 764 1411 istam
786 1370 1016 1424 caliginem
1046 1386 1069 1411 a
1093 1371 1312 1415 mentibus
1332 1374 1579 1430 animisque

95 1431 261 1473 nostris
279 1429 500 1486 depellere
523 1428 715 1477 ratione,
747 1426 1053 1481 meditatione,
1084 1429 1286 1472 consilio.
1345 1430 1514 1474 Caecus
1536 1439 1579 1473 et

94 1488 368 1545 improvidus
412 1500 496 1541 quo
550 1500 619 1525 res
668 1484 839 1525 divinas
878 1486 1186 1542 complectaris
1227 1487 1413 1543 impetus
1454 1489 1579 1529 furor

95 1545 258 1587 rectius
289 1558 418 1600 quam
448 1542 581 1583 ardor
609 1541 859 1597 appellatur
880 1544 1107 1598 magisque
1127 1548 1172 1584 et
1192 1543 1274 1584 tibi
1295 1548 1338 1584 et
1360 1545 1463 1587 aliis
1485 1547 1578 1587 exi-

94 1602 266 1645 tiabilis
297 1607 387 1651 est,
427 1614 554 1656 quam
588 1597 674 1640 Dei
704 1598 970 1651 negligentia
1001 1614 1235 1656 rerumque
1274 1599 1362 1645 div.
1394 1603 1579 1656 incuria,

97 1674 226 1716 quam
245 1665 288 1699 et
313 1659 452 1714 ipsam
478 1657 519 1697 in
549 1655 653 1697 vitio
677 1670 774 1696 esse
799 1657 861 1711 pii
884 1656 1079 1698 homines
1101 1657 1311 1700 fatentur.

212 1714 269 1755 V.
292 1715 335 1755 3.
368 1713 624 1754 Muniuntur
656 1727 694 1755 v.
729 1727 765 1754 v.
787 1714 828 1754 2.
860 1710 951 1753 ἀλλ’
976 1710 1027 1754 οὐ
1051 1712 1142 1754 και1
1173 1713 1410 1767 ἐπίγνωσιν
1434 1717 1474 1758 h,
1499 1732 1578 1758 m.:

101 1772 335 1813 israelitae
356 1785 462 1820 non,
500 1776 546 1809 ut
570 1771 658 1810 veri
685 1769 906 1826 perceptio
931 1772 1096 1826 poscit,
1128 1770 1270 1812 Deum
1295 1773 1442 1813 studio
1464 1788 1579 1813 com-

99 1829 351 1885 plectuntur
377 1830 437 1879 (v.
457 1826 537 1876 2.).
597 1825 710 1866 Nau·
735 1840 866 1881 quum
898 1840 1008 1882 quae
1035 1827 1129 1868 Deo
1154 1828 1373 1869 satisfacit
1398 1830 1579 1881 integri—

99 1894 233 1927 tatem
258 1883 453 1933 ignorent
479 1889 524 1921 et
542 1884 878 1923 comuwinitiam
903 1888 1178 1939 suam(qu:1e
1202 1886 1334 1941 probe
1358 1886 1485 1927 saetis
1508 1903 1580 1943 pa-

100 1944 246 1992 retur)
276 1939 570 1990 integritatem
604 1938 806 1979 stabilire
846 1946 1082 1991 conentur,
1128 1940 1405 1992 integritati,
1454 1959 1581 1999 <piam

102 2000 226 2040 Deus
247 1998 439 2053 postulat
456 2028 464 2039 ,
502 2009 584 2034 nou
611 2001 852 2050 paruerunt
875 1997 935 2048 (v.
956 1997 1035 2040 3.›.
1097 1998 1287 2053 Oportet
1315 1999 1397 2040 Dei
1423 2001 1594 2041 soatio--

99 2071 218 2103 stem,
251 2054 323 2110 qui
347 2067 488 2094 verum
508 2052 781 2103 cognoverit,
823 2052 966 2093 lacere
987 2068 1097 2108 quac
1121 2056 1238 2096 Deus
1262 2056 1354 2096 lieri
1378 2058 1581 2099 voluerit.

101 2113 169 2157 At
189 2110 346 2155 Iudaei
362 2144 372 2160 ,
406 2108 506 2164 quia
535 2109 615 2148 Dei
637 2109 903 2149 voluntatem
928 2109 1122 2165 ae'ynoraut
1143 2112 1387 2168 falsamque
1410 2122 1448 2154 et
1473 2130 1579 2155 com-

101 2168 341 2210 mente'tium
383 2181 471 2206 rem
511 2165 623 2206 tueri
666 2172 902 2215 conantur,
956 2167 1048 2208 Deo
1098 2183 1177 2209 non
1219 2170 1582 2223 oblemperarunt.

101 2225 202 2268 Non
223 2224 360 2278 igitur
384 2223 535 2263 horum
561 2222 804 2273 hominum,
846 2222 919 2279 qui
942 2224 982 2264 in
1007 2226 1297 2277 gravissimae
1318 2227 1380 2267 rei
1408 2227 1582 2279 ignora-

104 2283 222 2324 tione
245 2287 469 2322 versantes
485 2279 624 2320 Deum
642 2293 796 2337 reapse
817 2287 1085 2337 oppugnent,
1116 2297 1194 2337 pro
1209 2297 1292 2337 qno
1307 2298 1585 2339 propugnare

103 2339 190 2381 sibi
225 2344 390 2380 temere
422 2336 674 2387 videantur,
714 2336 907 2378 studium
940 2339 1031 2379 veri
1061 2340 1311 2391 cognitione
1339 2341 1510 2384 nititur.
1531 2367 1584 2371 —

103 2392 374 2450 ἀγνοοῦντες]
403 2394 447 2436 h.
476 2409 517 2435 e.
543 2408 670 2448 (locum
704 2395 892 2447 iquorem
910 2426 920 2442 ,
962 2410 1044 2436 non
1067 2410 1190 2451 «setiam
1215 2412 1297 2438 non
1319 2403 1432 2439 recte
1452 2397 1584 2439 irater-

87 2450 346 2507 prematur,
386 2453 469 2494 me'd
502 2452 548 2502 {ie
580 2452 856 2494 nerecnncu
888 2450 1132 2503 (Ravenna,
1163 2452 1340 2517 {teia-le„
1370 2453 1470 2497 «ΗΓ.
1491 2456 1585 2503 ab).

105 2507 220 2550 Nam
251 2505 293 2550 Ι.
325 2507 487 2559 Paulo,
531 2513 574 2546 nt
600 2521 639 2547 v.
673 2510 772 2550 232.
805 2504 895 2547 ἀλλ’
927 2504 988 2549 οὖ
1021 2505 1133 2549 κατ’
1169 2509 1480 2564 ἐπίγνωσιν
1514 2512 1584 2552 lir-

105 2570 208 2616 met,
234 2564 494 2619 praeterisse
517 2563 710 2607 Judaeos
727 2562 803 2617 ’τῂν
821 2567 899 2604 ἰοῦ
921 2567 1030 2606 θεοῦ
1051 2564 1335 2620 (δικαιοσύνην
1357 2567 1585 2609 dicendum

105 2626 186 2662 est.
248 2619 419 2663 Deinde
441 2619 503 2663 ΙΙ.
527 2618 682 2662 Jndaei
708 2619 849 2660 Deum
873 2621 1199 2674 integritatem,
1234 2639 1343 2679 qnae
1360 2625 1444 2677 fide
1472 2640 1586 2665 com-

105 2682 311 2735 paretur,
349 2679 575 2735 postulare
598 2692 701 2717 sane
725 2680 1024 2728 nesciverunt,
1055 2679 1128 2735 qui
1161 2681 1365 2734 quoniam
1388 2681 1484 2723 Deo
1517 2680 1590 2734 11:1-

105 2733 159 2784 ἐξ
197 2736 368 2787 ἔργων
409 2733 691 2788 ὁικαιοσύιίμν
737 2733 972 2776 etiamnum
1021 2738 1193 2792 placere
1233 2738 1400 2794 opinati
1441 2745 1589 2780 essent

106 2791 288 2835 Christo
319 2791 448 2835 {idem
478 2791 720 2849 adjungere
759 2793 1004 2836 uoluissent
1032 2794 1094 2849 (9,
1123 2794 1191 2835 32.
1218 2794 1326 2848 33.).
1388 2793 1591 2846 l'anluui,
