1715 3115
558 143 716 189 CAP.
747 143 844 189 xl.
889 143 980 189 Vs,
1014 145 1110 189 15..
1484 148 1570 191 485

96 252 330 297 tumacium
361 249 630 296 ludaeorum
669 249 779 292 tides
817 250 1060 302 gentilibus
1090 248 1382 293 saluberrima
1413 253 1564 294 futura

91 312 154 354 sit
190 311 254 376 (v.
276 310 391 362 15.),
439 313 649 407 aplparet,
698 321 765 349 me
799 307 1029 362 yentile'bus
1065 307 1295 349 consulere
1334 321 1562 364 meumque

85 367 312 423 yentalium
339 365 521 419 apostol
551 379 709 406 munus
736 363 994 415 nobilitare,
1047 364 1086 406 si
1119 362 1314 407 Iudaeos
1344 364 1400 406 ad
1431 365 1558 408 fidem

88 423 268 467 Christo
289 421 531 464 hahendam
554 421 769 463 adducere
789 434 953 475 eosque
975 421 1127 462 beatos
1149 419 1334 462 reddere
1357 422 1556 464 studeam

85 484 150 536 (v.
172 481 241 524 13.
266 480 376 533 14.).
445 478 589 534 Quam
617 478 739 519 firma
771 476 1052 519 fundamenta
1084 478 1195 528 sint,
1234 478 1395 534 quibus
1417 493 1467 519 ea
1488 479 1556 520 ni-

85 542 267 590 tuntur,
318 550 430 591 quae
470 539 564 592 Ap.
605 548 645 577 ν.
669 535 737 577 15.
776 533 1045 590 disputavit,
1094 547 1226 591 supra
1268 533 1458 576 diximus
1497 534 1554 577 ad

86 608 128 639 v.
151 594 238 636 12..
305 591 478 649 lneptis
499 591 768 645 argumentis
789 604 963 642 eorum,
1002 591 1261 647 quibuscum
1292 589 1380 646 ζωή
1411 598 1456 633 et
1486 607 1553 634 νε-

83 647 189 706 κροί
208 650 381 704 proprie
401 649 706 705 explicuimus,
738 648 1046 717 interpretatio
1068 648 1320 703 impugnata
1342 653 1424 699 est,
1455 663 1493 691 v.
1513 663 1553 692 c.

85 707 198 748 male
229 706 323 749 voci
355 705 467 760 ζωῆς
498 705 581 746 vim
611 705 811 747 vocabuli
841 720 867 759 η
901 703 1174 760 ζωοποιήσις
1205 703 1342 745 tribui
1376 703 1418 760 (Ξ
1444 704 1550 747 Tho-

82 764 240 817 Iucc.)‚
291 761 476 805 Paulum
507 759 547 805 εἰ
577 760 635 816 μὴ
677 758 984 810 ἀνάστασις
1014 759 1062 803 ἐκ
1092 778 1126 802 ν.
1162 760 1380 802 dicturum
1412 761 1551 804 fuisse

82 820 263 874 (Rueck.
281 819 342 861 ita
363 819 558 861 scribere
580 820 672 874 Ap.
690 819 919 872 potuisset,
957 817 1033 859 sed
1062 815 1149 875 ζωὴ
1170 816 1216 859 ἐκ
1236 833 1271 858 ν.
1291 817 1437 859 dicere
1459 832 1549 859 ma-

81 877 190 929 luit,
227 876 341 933 quod
360 881 523 917 temere
542 873 882 932 reprehendas),
921 880 1191 916 mortuorum
1209 875 1253 915 in
1275 876 1407 916 vitam
1429 875 1548 916 redi-

80 939 172 976 tum
201 946 226 973 a
254 932 506 989 καταλλαγῇ
532 934 724 984 κόσμου,
756 932 826 972 cui
848 936 896 973 ut
918 945 989 973 res
1015 931 1152 989 major
1170 936 1443 988 opponatur,
1474 946 1548 986 ge-

80 1004 184 1032 nere
211 994 305 1031 toto
333 988 597 1047 disjunctum
626 1003 725 1030 esse
752 989 858 1042 (non
880 987 989 1029 vidit
1007 988 1192 1040 Rueck„
1220 989 1546 1030 reconciliatio-

79 1061 174 1088 nem
205 1060 286 1104 pro
313 1060 384 1098 re,
425 1061 536 1102 quae
556 1051 760 1088 aeternae
780 1045 1009 1087 felicitatis
1029 1059 1146 1099 spem
1169 1045 1354 1100 paganis
1376 1046 1546 1098 fecerit,

79 1101 192 1158 ζωὴν
219 1101 266 1145 ἐκ
294 1103 455 1158 νεκρῶν
482 1117 561 1160 pro
590 1108 749 1145 eventu
777 1102 1089 1159 sempiternam
1121 1101 1375 1143 felicitatem
1404 1102 1545 1156 ipsam

75 1161 135 1202 iis
177 1160 375 1216 parituro
415 1160 564 1216 poni),
623 1159 792 1216 requiri
829 1159 1063 1200 articulum
1102 1156 1128 1215 ἡ
1169 1155 1257 1213 ζωή
1297 1159 1545 1213 (Thalama,

74 1216 274 1271 Rueck).
345 1215 442 1258 Hoc
470 1217 706 1258 affirmanti
734 1216 967 1258 articulum
999 1215 1129 1257 etiam
1160 1222 1261 1257 ante
1290 1211 1541 1269 καταλλαγή

75 1272 330 1315 desiderare
359 1281 696 1315 consentaneum
724 1279 808 1315 est.
886 1274 952 1316 At
983 1272 1234 1329 hujusmodi
1261 1271 1305 1313 in
1335 1273 1367 1314 l.
1399 1285 1540 1328 neque

75 1330 344 1373 Graecorum
376 1344 516 1386 neque
548 1329 866 1372 Germanorum
895 1327 1164 1371 consuetudo
1191 1328 1399 1385 loquendi
1429 1328 1542 1369 arti-

73 1388 218 1429 culum
241 1387 470 1430 adsciscit:
509 1386 563 1430 δίε
583 1389 842 1441 {Betmerfung
863 1389 924 1430 bct
944 1388 1079 1435 &uben
1099 1398 1182 1428 mat
1208 1385 1540 1440 §Bersssbnung

73 1448 137 1488 bet
165 1444 312 1501 ῷείῠεη
347 1445 412 1500 (h.
436 1459 476 1486 e.
509 1444 762 1495 nersobntc
801 1443 855 1485 bie
884 1442 1031 1499 {niven
1063 1442 1133 1484 mit
1162 1442 1307 1495 &0102
1355 1442 1430 1493 ihre
1461 1443 1540 1484 ‘Ztnz

72 1506 208 1553 nabme
227 1514 271 1556 gu
293 1504 458 1547 (Sjnaben
478 1500 573 1544 mit-b
604 1504 630 1546 ἓ
646 1501 755 1543 eben
786 1506 861 1543 <1115
881 1504 961 1543 bem
984 1498 1246 1550 Ξοῖῐεητείὼε
1264 1498 1354 1553 (vel
1373 1503 1449 1542 au&
1468 1503 1540 1542 ben

72 1561 246 1610 zobten)
264 1558 338 1612 sein
363 1557 406 1600 h.
427 1571 466 1600 e.
487 1556 583 1601 mitb
613 1557 765 1602 >beben
795 1561 869 1600 ou&
888 1559 970 1599 bem
989 1555 1253 1608 zobtenreicbe
1272 1554 1426 1607 bringen
1447 1553 1540 1609 (vel

72 1615 168 1659 mitt)
196 1615 252 1658 bie
281 1617 435 1659 Zobtm
464 1615 705 1666 bcteben).
780 1611 927 1654 Reich.
954 1608 1130 1654 πάντων
1155 1616 1256 1668 post
1284 1609 1373 1666 ζωή
1402 1610 1538 1652 tacita

71 1677 214 1714 mente
245 1672 457 1713 assumsit
480 1685 503 1711 a
527 1669 578 1713 P.
598 1684 682 1711 non
700 1670 963 1722 cogitatum,
1005 1668 1081 1724 qui
1105 1667 1147 1709 in
1169 1668 1250 1709 hac
1268 1668 1445 1710 notione
1463 1681 1538 1709 ac-

71 1728 261 1783 quievit,
300 1727 530 1781 gentilium
559 1727 602 1768 in
626 1726 714 1768 Dei
740 1727 931 1767 savorem
962 1725 1254 1782 receptionem
1284 1724 1538 1766 effecturam

71 1798 194 1835 esse,
226 1790 275 1824 ut
296 1784 384 1826 vita
405 1798 456 1825 ex
477 1797 578 1824 orco
607 1783 698 1837 (rel
719 1797 772 1823 ex
796 1782 1003 1836 mortuis)
1029 1782 1200 1823 oriatur
1226 1781 1269 1824 h.
1289 1796 1329 1824 e.
1352 1787 1400 1822 ut
1421 1794 1537 1823 mor-

71 1841 138 1882 tui
160 1840 323 1883 vivant.
390 1839 590 1881 Culmus
617 1845 662 1880 et
686 1839 812 1880 multi
839 1838 918 1879 alii
945 1838 1170 1880 vocabulis
1200 1835 1288 1892 ζωή
1317 1843 1361 1878 et
1388 1834 1537 1891 νεκροί

68 1898 155 1939 vim
176 1896 387 1953 tropicam
410 1895 671 1951 subjiciunt,
713 1895 771 1936 ita
803 1903 851 1936 ut
879 1894 990 1936 illud
1022 1895 1154 1936 vitam
1182 1893 1390 1947 pietati
1417 1893 1537 1935 dt'ca-

69 1959 185 2005 tum,
227 1954 306 1994 hoc
334 1952 520 1993 homines
552 1953 665 2004 vita,
706 1966 812 2008 qnae
838 1951 1049 2006 pietati
1076 1953 1367 2002 consecretur,
1405 1949 1535 1992 desti-

68 2014 182 2052 tutos
217 2009 419 2061 designet
446 2009 489 2050 h.
519 2022 582 2050 s.:
629 2032 684 2038 —
713 2007 917 2063 quidnam
943 2007 1208 2051 ,Indaeorum
1240 2007 1286 2047 in
1313 2005 1403 2048 Dei
1433 2020 1537 2060 gra-

69 2066 174 2109 tiam
200 2066 392 2122 receptio
417 2065 625 2106 ess'ectura
652 2071 744 2116 est,
783 2065 869 2106 nisi
892 2070 938 2105 ut
957 2064 1147 2118 gentiles
1168 2062 1230 2120 pii
1250 2063 1358 2104 fiant
1377 2077 1432 2104 ex
1453 2063 1535 2103 im-

69 2120 192 2180 piis?
245 2123 312 2165 At
341 2127 646 2179 praeterquam
677 2121 793 2177 quod
823 2135 940 2165 voce.
972 2120 1060 2175 ζωή
1080 2127 1123 2161 et
1146 2120 1298 2176 νεκρός
1320 2133 1535 2176 nusquam

69 2194 150 2237 per
177 2194 224 2221 sc
253 2179 381 2220 istam
411 2179 496 2219 vim
525 2179 685 2219 habent
713 2182 774 2231 (v.
799 2178 914 2221 Ven.
940 2177 1226 2234 Kacnfferum
1255 2177 1288 2219 l.
1309 2191 1347 2220 c.
1376 2191 1420 2234 p.
1440 2177 1536 2231 70.)

70 2251 211 2292 neque
246 2250 356 2292 quae
390 2234 654 2292 praecedunt
686 2235 817 2276 istum
849 2234 1076 2276 verborum
1109 2233 1379 2275 intellectum
1409 2231 1535 2289 adju-

70 2300 174 2336 vant
196 2293 268 2348 ³²²),
318 2292 539 2334 sententia
571 2291 761 2334 absurda
794 2297 879 2337 est.
956 2290 1124 2334 Verbis
1162 2288 1248 2346 ζωὴ
1290 2289 1338 2332 ἐκ
1372 2287 1536 2345 νεκρῶν

112 2403 152 2448 ἷᾲ)
183 2404 304 2447 Loca,
326 2415 418 2448 quae
443 2402 673 2448 interpretes,
703 2408 741 2436 nt
767 2414 863 2435 suam
894 2401 1099 2447 opinionem
1127 2407 1334 2443 tuerentur,
1366 2399 1423 2434 hie
1445 2399 1534 2434 cita-

79 2450 83 2454 ’
160 2457 266 2490 runt,
302 2456 397 2484 recte
429 2448 602 2481 enarravit
630 2449 869 2491 Kacuffrrus.
926 2447 1051 2481 matth.
1072 2448 1103 2486 8,
1124 2447 1178 2479 228.
1203 2446 1533 2491 interpretationem

161 2509 180 2530 a
201 2509 258 2529 me
281 2494 499 2540 propositam
522 2494 612 2526 bene
634 2495 790 2528 defendit
815 2508 849 2538 p.
870 2494 922 2528 34.
941 2506 993 2538 sq.
1036 2492 1122 2526 Luc.
1147 2491 1197 2527 15,
1217 2493 1271 2526 24.
1293 2494 1350 2526 52.
1393 2490 1533 2536 Meyeri

161 2541 431 2585 explicationem
455 2540 530 2583 jure
552 2540 709 2584 probavit
728 2553 761 2583 p.
782 2543 836 2574 50.
877 2540 965 2584 pr.
985 2539 1018 2576 2,
1038 2542 1068 2573 1.
1087 2539 1119 2570 5.
1159 2537 1238 2570 (301.
1260 2540 1293 2578 2,
1313 2538 1365 2572 13.
1387 2538 1535 2581 νεκρούς

159 2586 407 2631 ὑπερβολικῶς
424 2587 610 2629 perituros
630 2586 745 2619 vocari
765 2586 944 2630 praeclare
964 2584 1048 2617 vidit
1065 2583 1126 2623 (cf.
1145 2583 1252 2616 Rom.
1272 2584 1402 2623 8,1o.).
1436 2583 1535 2616 Idem

163 2633 254 2667 valet
275 2634 316 2666 de
335 2637 449 2678 Apoc.
467 2632 500 2674 S,
522 2634 551 2665 1.
573 2653 617 2657 —-
636 2633 688 2666 ὅτι
706 2631 828 2678 ὄνομα
846 2633 937 2677 ἔχεις
956 2630 1011 2664 ὅτι
1031 2631 1088 2676 ζῇς
1101 2655 1111 2672 ,
1142 2629 1203 2663 καὶ
1221 2630 1341 2674 νεκρός
1365 2627 1399 2663 εἷ
1423 2629 1534 2664 vitani

162 2681 372 2722 (aeternam)
400 2679 528 2712 buben:
556 2676 686 2710 diceris
713 2679 857 2723 (qfflppss
881 2677 982 2719 cnjus
1012 2688 1144 2708 nomen
1168 2677 1202 2708 in
1224 2675 1316 2710 libro
1335 2677 1422 2709 vitae
1444 2686 1536 2708 con-

161 2725 339 2768 signatum
367 2725 411 2758 sit
441 2737 471 2756 v.
490 2725 534 2765 s.)
559 2728 591 2754 ct
619 2724 724 2756 morti
752 2724 912 2756 addictus
938 2734 973 2755 es
999 2723 1075 2764 (np.
1095 2727 1240 2765 propter
1257 2734 1418 2755 mancam
1439 2726 1535 2753 tuam

163 2770 326 2804 virtutem
354 2783 383 2805 v.
399 2771 462 2811 9.).
521 2769 576 2802 Dc
598 2768 702 2802 lton..
721 2769 755 2811 6,
778 2768 829 2802 13.
856 2783 886 2802 v.
905 2780 1010 2812 supra
1033 2767 1060 2809 l,
1085 2780 1117 2812 p.
1137 2766 1215 2801 405.
1237 2773 1269 2801 ct
1293 2766 1538 2810 Kacuffcrum

161 2828 196 2862 p.
213 2816 269 2850 70.
283 2841 294 2862 ,
319 2822 351 2850 et
370 2816 413 2851 de
432 2814 519 2862 Eph.
542 2816 575 2860 5,
599 2815 652 2850 1⁴1.
686 2815 928 2859 Kacufferum
949 2826 986 2860 p.
1006 2812 1073 2848 95..
