1715 3115
135 198 221 240 300
415 197 796 242 EPISTOLA
823 198 924 243 AD
955 199 1320 244 ROMANOS

139 308 277 347 teram
307 302 533 360 (ἐροῦμεν)
561 300 631 346 ὅτι
661 302 772 361 ἔθνη
789 331 843 337 -
860 329 915 336 —-
938 331 989 338 --
1013 305 1090 349 οὐκ
1108 304 1311 361 ἔφθασες
1339 307 1401 362 (ν.
1423 306 1606 361 Garpz.)

140 360 236 402 Has
257 360 542 417 objectionem
564 362 785 403 continere
805 361 862 405 V.
892 362 950 406 D.
971 363 1197 420 opinatur,
1228 378 1355 419 quam
1380 361 1431 407 P.
1455 369 1607 419 quate-

142 431 224 458 nus
256 417 308 456 ad
337 431 531 482 paganos
560 418 778 487 pertineat
797 419 939 460 obiter
961 434 1002 462 v,
1023 419 1094 463 30.
1125 420 1271 461 verbis
1292 419 1607 477 parentheticis

143 473 425 527 δικαιοσύνην
455 473 531 528 Υτὴν
559 491 606 516 εκ
634 472 847 525 πίστεως,
885 475 1019 517 latius
1046 480 1189 517 autem
1218 483 1432 532 quatenus
1452 475 1504 517 ad
1528 475 1608 520 Ju-

141 530 276 569 daeos
295 534 461 584 spectet
491 545 531 573 v.
549 531 620 574 32.
643 531 732 582 rei,
771 546 880 586 quae
902 532 1176 573 admirabilis
1204 539 1248 574 et
1267 539 1415 574 contra
1437 531 1609 589 opinio-

144 599 241 626 nem
272 585 495 639 videatur,
533 591 666 628 cause?
698 588 956 644 proferenda
988 589 1047 629 ita
1085 589 1238 640 tollat,
1279 593 1328 630 ut
1348 589 1401 630 ad
1422 588 1516 647 ejus
1537 602 1607 630 re-

145 655 307 696 sponso
347 642 582 696 illigandae
620 645 906 697 prolationem
947 646 1266 700 percontatione
1307 643 1427 686 διατί
1465 659 1504 689 v,
1533 645 1607 687 32.

145 699 258 739 viam
278 697 362 738 sibi
387 700 572 741 muniat:
602 701 800 756 quidnam
821 701 952 756 iyitur
974 695 1254 754 objiciemus?
1290 715 1405 742 ntem
1433 700 1508 743 hoc
1535 701 1607 743 ob-

139 752 366 809 jiciemus,
406 756 608 809 yentilex,
647 756 718 811 qui
755 771 836 798 non
874 761 1162 798 consectentur
1190 757 1504 812 integritatem,
1541 756 1607 798 in-

144 811 389 863 teqritatem
419 812 593 866 adeptos
622 827 712 853 esse
741 816 914 870 (nempe
946 826 1064 865 eam,
1111 826 1222 867 quae
1248 826 1305 854 ex
1326 811 1412 865 fide
1444 819 1607 865 manat,

144 866 292 922 adepti
323 867 446 908 sunt!
494 882 575 909 non
606 868 743 920 igitur
773 869 927 910 mirum
960 872 1052 920 est,
1088 869 1276 922 gentiles
1315 868 1605 910 innocentiam

145 930 409 978 assequutus
441 937 562 975 esse3
604 924 652 979 fi
661 925 767 967 dem
802 925 914 966 enim
950 924 1235 976 habuerunt),
1265 925 1340 966 sed
1367 924 1609 976 Israelitas,

146 992 272 1034 qumn
294 980 424 1032 quem
444 981 705 1035 inteyritatt’s
728 986 1030 1032 consectentur,
1059 995 1152 1022 eam
1173 980 1302 1035 quem
1333 995 1415 1022 non
1433 981 1608 1035 adeptos

145 1030 267 1077 esse?
308 1035 474 1091 (Non,
504 1037 707 1093 opinor.).
766 1037 850 1079 Cur
878 1037 952 1079 hoc
979 1037 1042 1078 ita
1072 1031 1254 1079 cecidit?
1297 1035 1503 1086 Quoniam
1521 1041 1606 1078 etc.

147 1091 317 1133 Verum
357 1092 469 1133 enim
507 1107 607 1135 vero
643 1092 684 1134 in
714 1090 845 1135 Pauli
877 1093 1024 1134 verbis
1055 1093 1222 1134 nullum
1250 1099 1319 1134 est
1345 1090 1609 1147 objectionis,

146 1149 229 1204 qua
247 1180 258 1199 ,
303 1147 388 1188 nisi
416 1149 573 1201 fallor,
615 1149 941 1205 praecedentem
973 1149 1313 1205 disputationem
1342 1162 1382 1192 v.
1401 1149 1444 1193 6.
1462 1147 1607 1192 ——29.

147 1204 395 1261 impugnari
422 1205 570 1248 heich.
604 1206 775 1247 censuit
811 1206 887 1258 (cf.
917 1220 960 1261 p.
978 1206 1079 1248 327.
1107 1210 1150 1246 ot
1175 1205 1318 1258 328.)‚
1356 1203 1608 1258 vestigium.

145 1259 196 1303 Si
227 1259 340 1316 quod
368 1259 538 1303 Reichz'o
568 1262 611 1303 iu
634 1269 816 1304 mentem
851 1262 969 1303 venit
990 1262 1083 1319 Ap.
1105 1261 1260 1303 efferre
1278 1260 1516 1313 voluisset,
1545 1260 1609 1302 ita

143 1316 355 1360 dixisset:
392 1315 443 1358 τί
458 1311 534 1359 οὖν
555 1316 764 1373 ἐροῦμεν,·
800 1317 860 1374 μὴ
883 1311 1056 1366 ἷίδικον,
1087 1315 1156 1360 ὅτι
1173 1317 1282 1372 ἔθνη
1300 1341 1351 1348 -
1373 1341 1429 1348 -
1445 1340 1499 1349 —
1529 1314 1609 1358 οὐκ

147 1370 352 1428 ἔφθασε;
389 1371 448 1429 μὴ
478 1372 646 1428 γένοιτο
664 1390 674 1400 ·
705 1377 766 1429 (7,
778 1375 820 1416 7.
848 1375 889 1427 9,
910 1374 980 1416 14.
1000 1374 1080 1429 al.)
1109 1371 1218 1429 ἔθνη
1240 1371 1322 1428 γὰρ
1345 1371 1608 1428 ἐδικαιώθη,

147 1430 219 1471 ὅτι
241 1428 517 1478 ἐπίστευσεν,
544 1428 719 1485 Ἰσραὴλ
746 1431 794 1472 δὲ
821 1428 886 1480 εἰς
904 1428 1037 1482 νόμον
1058 1428 1339 1483 δικαιοσύνης
1358 1425 1436 1470 οὔκ
1453 1427 1610 1484 ἔφθα-

147 1499 243 1538 σεν,
282 1483 351 1527 ὅτι
380 1483 458 1527 οὐκ
486 1482 535 1526 ἐκ
562 1486 774 1536 πίστεως,
815 1484 908 1528 ἀλλ’
935 1486 994 1535 ὥς
1022 1483 1071 1536 ἐξ
1095 1482 1123 1527 ἔ
1173 1499 1231 1525 ων
1259 1483 1438 1536 ἐδίωξεν
1460 1482 1608 1526 αὐτόν.

149 1541 278 1596 Quod
306 1547 449 1583 autem
484 1541 630 1587 Reich.
658 1557 699 1584 ν.
719 1543 791 1586 30.
819 1543 966 1584 verbis
993 1555 1096 1598 pare
1180 1541 1306 1583 eticis
1329 1541 1610 1595 δικαιοσύνην

146 1599 194 1639 δὲ
216 1596 292 1652 τὴν
307 1594 355 1638 ἐκ
377 1595 569 1646 πίστεως
589 1599 853 1654 Apostolum
875 1598 1127 1640 enuntiasse
1143 1597 1434 1648 existimavit,
1463 1596 1608 1637 minus

147 1660 247 1710 apte
279 1658 323 1694 et
350 1653 539 1694 dilucide
579 1654 762 1710 exprimi
800 1654 868 1695 vix
898 1654 1135 1720 potuisset3
1174 1652 1431 1711 planissime
1459 1653 1539 1693 hoc
1564 1657 1610 1693 et

147 1710 472 1766 simplicissime
495 1709 562 1751 his
580 1710 726 1752 verbis
751 1709 800 1755 P.
822 1710 1030 1752 dixisset:
1064 1735 1116 1740 —
1139 1709 1351 1762 κατέλαβε
1372 1706 1609 1751 δικαιοσύ-

146 1782 222 1821 νην
253 1765 347 1819 (ἐπ
363 1765 484 1806 ι’στε
501 1780 592 1807 υσε
621 1766 768 1821 γὰρ),
796 1763 970 1821 Ἰσραὴλ
988 1766 1036 1807 δὲ
1057 1765 1164 1809 κτλ..

263 1821 320 1865 V.
338 1823 411 1865 32.
432 1826 476 1863 et
493 1822 564 1864 33.
595 1822 771 1878 Διατί;]
804 1823 900 1866 scil.
930 1818 974 1863 οἱ
997 1817 1264 1878 Ἰσραηλῖται
1291 1816 1356 1870 εἰς
1380 1817 1516 1872 νόμον
1543 1818 1610 1859 δι-

147 1879 383 1934 καιοσύνης
428 1875 505 1919 οὐκ
542 1874 773 1933 {kp-&auam
827 1881 887 1929 (v.
925 1879 1022 1928 31.;
1060 1891 1158 1919 nam
1191 1890 1344 1920 versus
1375 1875 1447 1920 30.
1487 1875 1609 1916 nulla

148 1948 333 1991 prorsus
373 1934 487 1975 ratio
520 1933 695 1976 ducitur
729 1949 771 1980 v.
789 1935 861 1978 32.
888 1940 932 1976 et
958 1934 1067 1987 33.).
1114 1930 1184 1975 ὅτι
1214 1929 1295 1975 οὐκ
1321 1930 1369 1974 ἐκ
1403 1929 1609 1980 πίστεως,

149 1989 244 2032 ἀλλ’
271 1987 330 2040 ὦς
357 1988 406 2038 ἐξ
426 1989 575 2044 ἔργων]
611 1992 708 2035 scil.
729 1990 862 2044 νόμον
884 1991 1161 2045 δικαιοσύνης
1180 1986 1364 2038 ἐδίωξαν
1388 1986 1612 2030 Israelita-

149 2061 245 2090 rum
271 2048 389 2090 natio
418 2047 572 2101 leyem,
608 2062 716 2103 quae
752 2048 1035 2090 innocentiam
1075 2048 1350 2100 apportaret,
1386 2056 1466 2085 non
1496 2055 1611 2084 asse-

179 2108 281 2145 emta
310 2108 375 2146 est
401 2107 650 2157 propterea,
692 2104 800 2159 quod
827 2117 911 2145 non
939 2117 967 2144 a
990 2102 1076 2156 fide
1114 2099 1249 2155 (unde
1276 2098 1495 2157 proficisci
1533 2096 1611 2139 de-

148 2117 350 2211 iuerat),
391 2158 466 2200 sed
502 2173 529 2201 a
557 2160 686 2213 probe
713 2159 869 2216 factis,
906 2173 1038 2214 quae
1075 2157 1184 2200 sibi
1220 2153 1494 2211 opinionis
1521 2167 1612 2196 er-

149 2229 268 2258 rore
296 2212 458 2284 finxit,
506 2215 698 2270 profecta
736 2229 831 2257 eam
867 2215 998 2269 Ieyem
1032 2218 1288 2269 persequuta
1316 2215 1396 2253 est.
1454 2208 1612 2252 Parti-

149 2272 248 2313 cula
279 2286 336 2320 ως
363 2270 685 2323 Substantivis,
723 2270 977 2327 Participiis
1014 2270 1208 2324 totisque
1237 2265 1613 2310 enuntiationibus

150 2328 401 2384 praeposita
423 2327 489 2368 rei
513 2328 695 2368 veritate
715 2327 887 2369 sublata
917 2325 1084 2381 aliquid
1116 2325 1328 2378 opinione,
1358 2336 1523 2374 errore,
1551 2322 1612 2364 si-

151 2385 380 2425 mulatione
408 2384 491 2425 niti
519 2383 729 2427 declarat.
788 2383 857 2426 cf.
879 2386 1180 2437 argumentum
1200 2379 1519 2435 Aristophanis
1539 2390 1612 2419 ra-

150 2453 302 2481 narum
335 2454 373 2483 v.
394 2443 436 2483 6.
468 2436 683 2481 Πλούτων
711 2437 749 2481 δ’
774 2437 878 2482 ἶδιὺν
903 2445 908 2487 Ι
945 2437 1003 2486 ὡς
1022 2434 1230 2492 “Ηρακλ,εῖ
1249 2438 1471 2491 (tanquam
1495 2433 1612 2476 Her-

150 2496 270 2540 cules
291 2504 431 2547 esset,
470 2501 515 2536 at
532 2496 616 2537 suit
636 2495 833 2538 Bacchus
851 2495 1051 2537 herculeo
1071 2493 1242 2543 habitu,
1282 2491 1356 2547 qui
1380 2489 1610 2533 Plutonem

148 2550 332 2608 decepit,
363 2552 867 2606 ἰηᾶυῐυε)προςέκρουσε
884 2551 959 2592 διὰ
975 2550 1050 2591 τὸν
1064 2547 1297 2602 Κέρβερον.
1326 2545 1612 2613 ξυν.Ρ1]οεΞι.

150 2609 250 2651 872.
283 2601 309 2647 ἃ
340 2607 622 2661 συγκαλύψαι
651 2609 807 2657 παῖδες
833 2605 1026 2648 Οἰδίπου
1058 2604 1195 2659 χρόνῳ
1222 2606 1228 2656 Ι
1260 2605 1507 2658 χρῃζοντες,
1551 2615 1612 2650 ως

150 2663 202 2720 δι)
229 2662 364 2712 θεοὺς
384 2662 795 2717 ὑπεκδραμούμενοι
821 2666 827 2717 Ι
853 2662 996 2715 (Deos
1019 2661 1073 2701 ab
1093 2675 1140 2702 se
1163 2660 1272 2702 vinci
1297 2673 1424 2715 posse
1453 2663 1611 2700 temere

149 2719 331 2772 opinati)
373 2716 564 2772 ἥμαρτον
598 2717 797 2771 ἀμαθῶς.
867 2718 970 2760 Hel.
997 2717 1120 2760 1014.
1146 2740 1197 2746 -—
1220 2713 1331 2756 ἄλλά
1358 2713 1398 2767 μ’
1427 2711 1611 2764 ἓξένιζες

150 2773 196 2816 ἐν
220 2774 397 2825 δόμοις,
426 2777 431 2826 1
469 2772 527 2821 ὡς
555 2774 607 2828 δὴ·
632 2772 826 2826 θυραίου
851 2773 1056 2827 πήματος
1082 2770 1279 2825 σπουδὴν
1300 2768 1420 2823 ἔχων.
1451 2770 1611 2823 „simn-

148 2832 243 2874 lans
263 2837 304 2871 te
324 2830 456 2872 alieni
470 2830 571 2871 mali
586 2830 688 2871 cura
709 2829 876 2871 tencri”
899 2829 1075 2884 Pfluyk..
1105 2825 1172 2871 Cf.
1186 2827 1235 2870 1².
1257 2826 1308 2871 V.
1325 2825 1613 2870 Fritszckz'um
