<?xml version="1.0" encoding="UTF-8"?>
<!DOCTYPE html PUBLIC "-//W3C//DTD XHTML 1.0 Transitional//EN"
    "http://www.w3.org/TR/xhtml1/DTD/xhtml1-transitional.dtd">
<html xmlns="http://www.w3.org/1999/xhtml" xml:lang="en" lang="en">
 <head>
  <title>
</title>
<meta http-equiv="Content-Type" content="text/html;charset=utf-8" />
  <meta name='ocr-system' content='tesseract 3.04.00' />
  <meta name='ocr-capabilities' content='ocr_page ocr_carea ocr_par ocr_line ocrx_word'/>
</head>
<body>
  <div class='ocr_page' id='page_1' title='image "./pauliadromanosep02frituoft/pauliadromanosep02frituoft_0218.png"; bbox 0 0 1715 3115; ppageno 0'>
   <div class='ocr_carea' id='block_1_1' title="bbox 148 204 1332 250">
    <p class='ocr_par' dir='ltr' id='par_1_1' title="bbox 148 204 1332 250">
     <span class='ocr_line' id='line_1_1' title="bbox 148 204 1332 250; baseline 0.001 -1"><span class='ocrx_word' id='word_1_1' title='bbox 148 206 234 249; x_wconf 74' lang='lat'>2⁰4</span> <span class='ocrx_word' id='word_1_2' title='bbox 431 204 810 249; x_wconf 84' lang='lat' dir='ltr'>EPISTOLA</span> <span class='ocrx_word' id='word_1_3' title='bbox 840 205 940 248; x_wconf 89' lang='lat' dir='ltr'>AD</span> <span class='ocrx_word' id='word_1_4' title='bbox 972 205 1332 250; x_wconf 78' lang='lat' dir='ltr'><strong>ROMANOS</strong></span> 
     </span>
    </p>
   </div>
   <div class='ocr_carea' id='block_1_2' title="bbox 129 310 1608 2899">
    <p class='ocr_par' dir='ltr' id='par_1_2' title="bbox 129 310 1608 2899">
     <span class='ocr_line' id='line_1_2' title="bbox 147 310 1607 368; baseline -0.001 -13"><span class='ocrx_word' id='word_1_5' title='bbox 147 313 271 355; x_wconf 89' lang='lat' dir='ltr'>Deus</span> <span class='ocrx_word' id='word_1_6' title='bbox 297 318 469 367; x_wconf 85' lang='lat' dir='ltr'>captum</span> <span class='ocrx_word' id='word_1_7' title='bbox 498 311 727 353; x_wconf 90' lang='lat' dir='ltr'>consilium</span> <span class='ocrx_word' id='word_1_8' title='bbox 754 310 958 353; x_wconf 81' lang='lat' dir='ltr'><strong>destituit</strong></span> <span class='ocrx_word' id='word_1_9' title='bbox 983 325 1025 356; x_wconf 79' lang='lat' dir='ltr'>V.</span> <span class='ocrx_word' id='word_1_10' title='bbox 1052 312 1149 365; x_wconf 67' lang='lat'>29„</span> <span class='ocrx_word' id='word_1_11' title='bbox 1188 313 1296 366; x_wconf 91' lang='lat' dir='ltr'>imo,</span> <span class='ocrx_word' id='word_1_12' title='bbox 1335 315 1541 368; x_wconf 85' lang='lat' dir='ltr'>qnantum</span> <span class='ocrx_word' id='word_1_13' title='bbox 1563 312 1607 354; x_wconf 89' lang='lat' dir='ltr'>in</span> 
     </span>
     <span class='ocr_line' id='line_1_3' title="bbox 144 368 1606 427; baseline -0.002 -14"><span class='ocrx_word' id='word_1_14' title='bbox 144 371 243 427; x_wconf 86' lang='lat' dir='ltr'>ipso</span> <span class='ocrx_word' id='word_1_15' title='bbox 269 369 377 418; x_wconf 80' lang='lat' dir='ltr'>fuit,</span> <span class='ocrx_word' id='word_1_16' title='bbox 413 373 684 424; x_wconf 80' lang='lat' dir='ltr'>exsequutus</span> <span class='ocrx_word' id='word_1_17' title='bbox 710 374 780 409; x_wconf 84' lang='lat' dir='ltr'>est</span> <span class='ocrx_word' id='word_1_18' title='bbox 799 368 1063 425; x_wconf 68' lang='lat' dir='ltr'>sempiterna</span> <span class='ocrx_word' id='word_1_19' title='bbox 1094 369 1299 411; x_wconf 79' lang='lat' dir='ltr'>beatitate</span> <span class='ocrx_word' id='word_1_20' title='bbox 1321 369 1376 411; x_wconf 86' lang='lat' dir='ltr'>iis</span> <span class='ocrx_word' id='word_1_21' title='bbox 1395 374 1440 411; x_wconf 85' lang='lat' dir='ltr'>et</span> <span class='ocrx_word' id='word_1_22' title='bbox 1459 369 1606 411; x_wconf 71' lang='lat' dir='ltr'>oblata</span> 
     </span>
     <span class='ocr_line' id='line_1_4' title="bbox 145 422 1606 481; baseline -0.002 -12"><span class='ocrx_word' id='word_1_23' title='bbox 145 432 191 469; x_wconf 88' lang='lat' dir='ltr'>et</span> <span class='ocrx_word' id='word_1_24' title='bbox 216 426 401 477; x_wconf 72' lang='lat' dir='ltr'>collata,</span> <span class='ocrx_word' id='word_1_25' title='bbox 440 439 549 481; x_wconf 90' lang='lat' dir='ltr'>quos</span> <span class='ocrx_word' id='word_1_26' title='bbox 579 422 747 466; x_wconf 77' lang='lat' dir='ltr'>Christi</span> <span class='ocrx_word' id='word_1_27' title='bbox 775 425 895 466; x_wconf 84' lang='lat' dir='ltr'>caelo</span> <span class='ocrx_word' id='word_1_28' title='bbox 926 425 1089 481; x_wconf 76' lang='lat' dir='ltr'>recepti</span> <span class='ocrx_word' id='word_1_29' title='bbox 1128 426 1295 468; x_wconf 76' lang='lat' dir='ltr'>similes</span> <span class='ocrx_word' id='word_1_30' title='bbox 1332 439 1431 467; x_wconf 82' lang='lat' dir='ltr'>esse</span> <span class='ocrx_word' id='word_1_31' title='bbox 1479 431 1606 466; x_wconf 77' lang='lat' dir='ltr'>antea</span> 
     </span>
     <span class='ocr_line' id='line_1_5' title="bbox 144 475 1607 538; baseline -0.001 -13"><span class='ocrx_word' id='word_1_32' title='bbox 144 482 464 525; x_wconf 86' lang='lat' dir='ltr'>constituisset.</span> <span class='ocrx_word' id='word_1_33' title='bbox 485 506 537 512; x_wconf 92' lang='lat'>—</span> <span class='ocrx_word' id='word_1_34' title='bbox 572 475 647 530; x_wconf 66' lang='grc' dir='ltr'>οὓς</span> <span class='ocrx_word' id='word_1_35' title='bbox 664 481 711 522; x_wconf 76' lang='grc' dir='ltr'>δὲ</span> <span class='ocrx_word' id='word_1_36' title='bbox 731 495 806 534; x_wconf 81' lang='grc' dir='ltr'>πρ.</span> <span class='ocrx_word' id='word_1_37' title='bbox 820 511 832 530; x_wconf 89' lang='grc'>,</span> <span class='ocrx_word' id='word_1_38' title='bbox 860 496 899 523; x_wconf 84' lang='grc' dir='ltr'>τ.</span> <span class='ocrx_word' id='word_1_39' title='bbox 920 497 957 522; x_wconf 85' lang='grc' dir='ltr'><strong>κ.</strong></span> <span class='ocrx_word' id='word_1_40' title='bbox 980 478 1179 536; x_wconf 79' lang='grc' dir='ltr'>ἐκάλεσε]</span> <span class='ocrx_word' id='word_1_41' title='bbox 1200 497 1300 538; x_wconf 75' lang='lat' dir='ltr'>quos</span> <span class='ocrx_word' id='word_1_42' title='bbox 1317 487 1459 524; x_wconf 80' lang='lat' dir='ltr'>antem</span> <span class='ocrx_word' id='word_1_43' title='bbox 1478 485 1607 523; x_wconf 82' lang='lat' dir='ltr'>antea</span> 
     </span>
     <span class='ocr_line' id='line_1_6' title="bbox 143 537 1606 589; baseline -0.003 -7"><span class='ocrx_word' id='word_1_44' title='bbox 143 540 387 589; x_wconf 66' lang='lat' dir='ltr'>destinae-it,</span> <span class='ocrx_word' id='word_1_45' title='bbox 416 538 578 579; x_wconf 70' lang='lat' dir='ltr'>eosdem</span> <span class='ocrx_word' id='word_1_46' title='bbox 597 537 728 579; x_wconf 76' lang='lat' dir='ltr'>etiam</span> <span class='ocrx_word' id='word_1_47' title='bbox 754 537 982 580; x_wconf 77' lang='lat' dir='ltr'>vocavit.</span> <span class='ocrx_word' id='word_1_48' title='bbox 1040 537 1226 589; x_wconf 81' lang='grc' dir='ltr'>Καλεῖν,</span> <span class='ocrx_word' id='word_1_49' title='bbox 1256 538 1490 580; x_wconf 79' lang='lat' dir='ltr'>technicum</span> <span class='ocrx_word' id='word_1_50' title='bbox 1511 551 1606 580; x_wconf 88' lang='lat' dir='ltr'>ver-</span> 
     </span>
     <span class='ocr_line' id='line_1_7' title="bbox 144 592 1606 650; baseline -0.002 -13"><span class='ocrx_word' id='word_1_51' title='bbox 144 597 271 645; x_wconf 89' lang='lat' dir='ltr'>bum,</span> <span class='ocrx_word' id='word_1_52' title='bbox 309 609 393 650; x_wconf 86' lang='lat' dir='ltr'>quo</span> <span class='ocrx_word' id='word_1_53' title='bbox 423 594 510 635; x_wconf 90' lang='lat' dir='ltr'>Dei</span> <span class='ocrx_word' id='word_1_54' title='bbox 538 607 615 649; x_wconf 88' lang='lat' dir='ltr'>per</span> <span class='ocrx_word' id='word_1_55' title='bbox 643 593 812 635; x_wconf 82' lang='lat' dir='ltr'>Christi</span> <span class='ocrx_word' id='word_1_56' title='bbox 837 592 1076 634; x_wconf 78' lang='lat' dir='ltr'>doctrinam</span> <span class='ocrx_word' id='word_1_57' title='bbox 1106 600 1327 635; x_wconf 88' lang='lat' dir='ltr'>aeternam</span> <span class='ocrx_word' id='word_1_58' title='bbox 1352 594 1606 635; x_wconf 72' lang='lat' dir='ltr'>felicitatem</span> 
     </span>
     <span class='ocr_line' id='line_1_8' title="bbox 142 649 1607 707; baseline 0 -15"><span class='ocrx_word' id='word_1_59' title='bbox 142 652 368 695; x_wconf 77' lang='lat' dir='ltr'>offerentis</span> <span class='ocrx_word' id='word_1_60' title='bbox 398 651 511 692; x_wconf 88' lang='lat' dir='ltr'>actio</span> <span class='ocrx_word' id='word_1_61' title='bbox 538 649 810 701; x_wconf 82' lang='lat' dir='ltr'>declaratur,</span> <span class='ocrx_word' id='word_1_62' title='bbox 847 650 975 701; x_wconf 79' lang='lat' dir='ltr'>vulgo</span> <span class='ocrx_word' id='word_1_63' title='bbox 1004 649 1188 691; x_wconf 77' lang='lat' dir='ltr'>invitare</span> <span class='ocrx_word' id='word_1_64' title='bbox 1215 652 1291 702; x_wconf 85' lang='lat' dir='ltr'>(cf.</span> <span class='ocrx_word' id='word_1_65' title='bbox 1318 661 1401 707; x_wconf 54' lang='lat'>&amp;395</span> <span class='ocrx_word' id='word_1_66' title='bbox 1428 651 1485 693; x_wconf 84' lang='lat' dir='ltr'>ad</span> <span class='ocrx_word' id='word_1_67' title='bbox 1513 663 1607 692; x_wconf 85' lang='lat' dir='ltr'>coe-</span> 
     </span>
     <span class='ocr_line' id='line_1_9' title="bbox 142 697 1606 762; baseline -0.002 -11"><span class='ocrx_word' id='word_1_68' title='bbox 142 723 243 751; x_wconf 80' lang='lat' dir='ltr'>mzm</span> <span class='ocrx_word' id='word_1_69' title='bbox 263 722 415 750; x_wconf 82' lang='lat' dir='ltr'>vocare</span> <span class='ocrx_word' id='word_1_70' title='bbox 450 709 473 748; x_wconf 95' lang='lat' dir='ltr'>l</span> <span class='ocrx_word' id='word_1_71' title='bbox 497 705 617 749; x_wconf 87' lang='lat' dir='ltr'>Sam.</span> <span class='ocrx_word' id='word_1_72' title='bbox 635 707 677 754; x_wconf 87' lang='grc'>9,</span> <span class='ocrx_word' id='word_1_73' title='bbox 696 706 790 760; x_wconf 84' lang='grc'><strong>22.)</strong></span> <span class='ocrx_word' id='word_1_74' title='bbox 818 706 1054 762; x_wconf 82' lang='lat' dir='ltr'>explicant.</span> <span class='ocrx_word' id='word_1_75' title='bbox 1112 704 1183 746; x_wconf 85' lang='lat' dir='ltr'>Ita</span> <span class='ocrx_word' id='word_1_76' title='bbox 1219 703 1241 761; x_wconf 82' lang='grc' dir='ltr'>ἡ</span> <span class='ocrx_word' id='word_1_77' title='bbox 1273 697 1426 761; x_wconf 76' lang='grc' dir='ltr'><em>κλῆσῖς</em></span> <span class='ocrx_word' id='word_1_78' title='bbox 1451 707 1606 748; x_wconf 77' lang='lat' dir='ltr'>invita-</span> 
     </span>
     <span class='ocr_line' id='line_1_10' title="bbox 142 759 1608 819; baseline -0.002 -12"><span class='ocrx_word' id='word_1_79' title='bbox 142 766 300 807; x_wconf 73' lang='lat' dir='ltr'>tionem</span> <span class='ocrx_word' id='word_1_80' title='bbox 328 769 372 804; x_wconf 87' lang='lat' dir='ltr'>et</span> <span class='ocrx_word' id='word_1_81' title='bbox 401 759 559 819; x_wconf 80' lang='grc' dir='ltr'><em>κλητός</em></span> <span class='ocrx_word' id='word_1_82' title='bbox 591 762 815 804; x_wconf 78' lang='lat' dir='ltr'>invitatum</span> <span class='ocrx_word' id='word_1_83' title='bbox 839 761 1031 804; x_wconf 86' lang='lat' dir='ltr'>denotat.</span> <span class='ocrx_word' id='word_1_84' title='bbox 1089 760 1177 803; x_wconf 87' lang='lat' dir='ltr'>Sed</span> <span class='ocrx_word' id='word_1_85' title='bbox 1199 763 1382 814; x_wconf 62' lang='lat' dir='ltr'>Rueck„</span> <span class='ocrx_word' id='word_1_86' title='bbox 1418 762 1608 805; x_wconf 75' lang='lat' dir='ltr'>Usterius</span> 
     </span>
     <span class='ocr_line' id='line_1_11' title="bbox 140 817 1605 876; baseline -0.002 -13"><span class='ocrx_word' id='word_1_87' title='bbox 140 822 174 864; x_wconf 89' lang='lat' dir='ltr'>l.</span> <span class='ocrx_word' id='word_1_88' title='bbox 201 835 239 864; x_wconf 92' lang='lat' dir='ltr'>c.</span> <span class='ocrx_word' id='word_1_89' title='bbox 270 835 313 876; x_wconf 88' lang='lat' dir='ltr'>p.</span> <span class='ocrx_word' id='word_1_90' title='bbox 332 820 432 864; x_wconf 81' lang='lat'>293.</span> <span class='ocrx_word' id='word_1_91' title='bbox 464 820 522 861; x_wconf 88' lang='lat' dir='ltr'>al.</span> <span class='ocrx_word' id='word_1_92' title='bbox 550 832 789 870; x_wconf 73' lang='lat' dir='ltr'>arcessere,</span> <span class='ocrx_word' id='word_1_93' title='bbox 825 833 996 860; x_wconf 75' lang='lat' dir='ltr'>evocare</span> <span class='ocrx_word' id='word_1_94' title='bbox 1023 825 1263 874; x_wconf 81' lang='lat' dir='ltr'>exponunt,</span> <span class='ocrx_word' id='word_1_95' title='bbox 1293 824 1340 860; x_wconf 87' lang='lat' dir='ltr'>ut</span> <span class='ocrx_word' id='word_1_96' title='bbox 1359 817 1605 860; x_wconf 85' lang='lat' dir='ltr'>similitudo</span> 
     </span>
     <span class='ocr_line' id='line_1_12' title="bbox 141 874 1606 933; baseline -0.002 -14"><span class='ocrx_word' id='word_1_97' title='bbox 141 892 167 919; x_wconf 83' lang='lat' dir='ltr'>a</span> <span class='ocrx_word' id='word_1_98' title='bbox 194 878 374 929; x_wconf 80' lang='lat' dir='ltr'>regibus</span> <span class='ocrx_word' id='word_1_99' title='bbox 403 876 538 933; x_wconf 83' lang='lat' dir='ltr'>petita</span> <span class='ocrx_word' id='word_1_100' title='bbox 571 875 653 927; x_wconf 89' lang='lat' dir='ltr'>sit,</span> <span class='ocrx_word' id='word_1_101' title='bbox 688 874 764 930; x_wconf 86' lang='lat' dir='ltr'>qui</span> <span class='ocrx_word' id='word_1_102' title='bbox 793 880 1023 915; x_wconf 86' lang='lat' dir='ltr'>arcessunt</span> <span class='ocrx_word' id='word_1_103' title='bbox 1057 875 1217 930; x_wconf 83' lang='lat' dir='ltr'>quibus</span> <span class='ocrx_word' id='word_1_104' title='bbox 1245 876 1416 928; x_wconf 81' lang='lat' dir='ltr'>favent,</span> <span class='ocrx_word' id='word_1_105' title='bbox 1454 880 1501 916; x_wconf 87' lang='lat' dir='ltr'>ut</span> <span class='ocrx_word' id='word_1_106' title='bbox 1528 888 1606 916; x_wconf 88' lang='lat' dir='ltr'>eos</span> 
     </span>
     <span class='ocr_line' id='line_1_13' title="bbox 139 929 1605 990; baseline -0.001 -15"><span class='ocrx_word' id='word_1_107' title='bbox 139 933 381 976; x_wconf 88' lang='lat' dir='ltr'>honoribus</span> <span class='ocrx_word' id='word_1_108' title='bbox 410 932 678 987; x_wconf 85' lang='lat' dir='ltr'>praeficiant.</span> <span class='ocrx_word' id='word_1_109' title='bbox 735 929 820 982; x_wconf 78' lang='lat' dir='ltr'>(Cf.</span> <span class='ocrx_word' id='word_1_110' title='bbox 852 943 937 990; x_wconf 58' lang='lat' dir='ltr'>&amp;¹2ss</span> <span class='ocrx_word' id='word_1_111' title='bbox 965 929 1059 974; x_wconf 87' lang='lat' dir='ltr'>Jes.</span> <span class='ocrx_word' id='word_1_112' title='bbox 1088 931 1158 983; x_wconf 84' lang='lat'>22,</span> <span class='ocrx_word' id='word_1_113' title='bbox 1179 932 1251 974; x_wconf 88' lang='lat'>20.</span> <span class='ocrx_word' id='word_1_114' title='bbox 1280 931 1352 982; x_wconf 85' lang='lat'>42,</span> <span class='ocrx_word' id='word_1_115' title='bbox 1372 932 1415 975; x_wconf 88' lang='lat'>6.</span> <span class='ocrx_word' id='word_1_116' title='bbox 1442 931 1515 982; x_wconf 77' lang='lat'>48,</span> <span class='ocrx_word' id='word_1_117' title='bbox 1536 931 1605 974; x_wconf 88' lang='lat'>12.</span> 
     </span>
     <span class='ocr_line' id='line_1_14' title="bbox 139 982 1604 1043; baseline -0.003 -11"><span class='ocrx_word' id='word_1_118' title='bbox 139 991 212 1043; x_wconf 80' lang='lat'>49,</span> <span class='ocrx_word' id='word_1_119' title='bbox 240 991 277 1033; x_wconf 91' lang='lat' dir='ltr'>l.</span> <span class='ocrx_word' id='word_1_120' title='bbox 308 990 378 1040; x_wconf 83' lang='lat'>51,</span> <span class='ocrx_word' id='word_1_121' title='bbox 398 990 477 1041; x_wconf 90' lang='grc'><strong>2.).</strong></span> <span class='ocrx_word' id='word_1_122' title='bbox 537 987 611 1029; x_wconf 91' lang='lat' dir='ltr'>Sic</span> <span class='ocrx_word' id='word_1_123' title='bbox 646 982 670 1042; x_wconf 79' lang='grc' dir='ltr'>ἧ·</span> <span class='ocrx_word' id='word_1_124' title='bbox 701 987 855 1042; x_wconf 79' lang='grc' dir='ltr'><em>κλῆσις</em></span> <span class='ocrx_word' id='word_1_125' title='bbox 884 987 1071 1028; x_wconf 74' lang='grc' dir='ltr'>ηιιιηενὶε</span> <span class='ocrx_word' id='word_1_126' title='bbox 1093 987 1398 1042; x_wconf 90' lang='lat' dir='ltr'>(conditionis)</span> <span class='ocrx_word' id='word_1_127' title='bbox 1426 987 1604 1030; x_wconf 78' lang='lat' dir='ltr'>oblatio-</span> 
     </span>
     <span class='ocr_line' id='line_1_15' title="bbox 138 1041 1602 1099; baseline -0.003 -10"><span class='ocrx_word' id='word_1_128' title='bbox 138 1062 257 1099; x_wconf 78' lang='lat' dir='ltr'>nem,</span> <span class='ocrx_word' id='word_1_129' title='bbox 287 1046 344 1090; x_wconf 70' lang='lat' dir='ltr'>bie</span> <span class='ocrx_word' id='word_1_130' title='bbox 363 1047 597 1098; x_wconf 64' lang='lat' dir='ltr'>ffietufuug,</span> <span class='ocrx_word' id='word_1_131' title='bbox 626 1049 671 1085; x_wconf 82' lang='lat' dir='ltr'>et</span> <span class='ocrx_word' id='word_1_132' title='bbox 692 1041 850 1099; x_wconf 74' lang='grc' dir='ltr'><em>κλητός</em></span> <span class='ocrx_word' id='word_1_133' title='bbox 868 1057 960 1084; x_wconf 76' lang='lat' dir='ltr'>eum</span> <span class='ocrx_word' id='word_1_134' title='bbox 981 1042 1205 1097; x_wconf 86' lang='lat' dir='ltr'>designat,</span> <span class='ocrx_word' id='word_1_135' title='bbox 1234 1044 1301 1086; x_wconf 76' lang='lat' dir='ltr'>ceci</span> <span class='ocrx_word' id='word_1_136' title='bbox 1319 1058 1470 1085; x_wconf 69' lang='lat' dir='ltr'>mamas</span> <span class='ocrx_word' id='word_1_137' title='bbox 1487 1043 1602 1085; x_wconf 82' lang='lat' dir='ltr'>obla-</span> 
     </span>
     <span class='ocr_line' id='line_1_16' title="bbox 138 1097 1604 1154; baseline -0.005 -7"><span class='ocrx_word' id='word_1_138' title='bbox 138 1110 230 1147; x_wconf 70' lang='lat' dir='ltr'>tum</span> <span class='ocrx_word' id='word_1_139' title='bbox 257 1107 344 1152; x_wconf 76' lang='lat' dir='ltr'>est,</span> <span class='ocrx_word' id='word_1_140' title='bbox 383 1102 485 1146; x_wconf 79' lang='lat' dir='ltr'>einen</span> <span class='ocrx_word' id='word_1_141' title='bbox 509 1102 743 1154; x_wconf 66' lang='lat' dir='ltr'>ffietufeneit.</span> <span class='ocrx_word' id='word_1_142' title='bbox 811 1097 899 1141; x_wconf 88' lang='lat' dir='ltr'>Sed</span> <span class='ocrx_word' id='word_1_143' title='bbox 937 1104 1090 1140; x_wconf 83' lang='lat' dir='ltr'>neutra</span> <span class='ocrx_word' id='word_1_144' title='bbox 1123 1101 1237 1142; x_wconf 83' lang='lat' dir='ltr'>ratio</span> <span class='ocrx_word' id='word_1_145' title='bbox 1264 1100 1464 1141; x_wconf 89' lang='lat' dir='ltr'>omnibus</span> <span class='ocrx_word' id='word_1_146' title='bbox 1492 1099 1604 1140; x_wconf 86' lang='lat' dir='ltr'>locis</span> 
     </span>
     <span class='ocr_line' id='line_1_17' title="bbox 138 1155 1603 1214; baseline -0.002 -13"><span class='ocrx_word' id='word_1_147' title='bbox 138 1158 412 1202; x_wconf 79' lang='lat' dir='ltr'>accomodari</span> <span class='ocrx_word' id='word_1_148' title='bbox 433 1162 595 1214; x_wconf 85' lang='lat' dir='ltr'>potest.</span> <span class='ocrx_word' id='word_1_149' title='bbox 654 1155 767 1197; x_wconf 88' lang='lat' dir='ltr'>Nam</span> <span class='ocrx_word' id='word_1_150' title='bbox 789 1157 932 1211; x_wconf 88' lang='lat' dir='ltr'>Apoc.</span> <span class='ocrx_word' id='word_1_151' title='bbox 954 1157 1070 1208; x_wconf 82' lang='lat'>19,9.</span> <span class='ocrx_word' id='word_1_152' title='bbox 1093 1170 1133 1199; x_wconf 88' lang='lat' dir='ltr'>v.</span> <span class='ocrx_word' id='word_1_153' title='bbox 1156 1157 1301 1198; x_wconf 82' lang='grc' dir='ltr'><em>καλεῖν</em></span> <span class='ocrx_word' id='word_1_154' title='bbox 1327 1155 1440 1197; x_wconf 88' lang='lat' dir='ltr'>haud</span> <span class='ocrx_word' id='word_1_155' title='bbox 1472 1155 1603 1198; x_wconf 83' lang='lat' dir='ltr'>dubie</span> 
     </span>
     <span class='ocr_line' id='line_1_18' title="bbox 137 1210 1602 1270; baseline -0.003 -11"><span class='ocrx_word' id='word_1_156' title='bbox 137 1231 285 1260; x_wconf 80' lang='lat' dir='ltr'>vocare</span> <span class='ocrx_word' id='word_1_157' title='bbox 313 1217 342 1258; x_wconf 92' lang='lat' dir='ltr'>i.</span> <span class='ocrx_word' id='word_1_158' title='bbox 370 1229 410 1257; x_wconf 87' lang='lat' dir='ltr'>e.</span> <span class='ocrx_word' id='word_1_159' title='bbox 440 1214 625 1256; x_wconf 85' lang='lat' dir='ltr'>invitare</span> <span class='ocrx_word' id='word_1_160' title='bbox 647 1213 780 1254; x_wconf 86' lang='lat' dir='ltr'>valet.</span> <span class='ocrx_word' id='word_1_161' title='bbox 847 1210 1003 1267; x_wconf 85' lang='lat' dir='ltr'>Neque</span> <span class='ocrx_word' id='word_1_162' title='bbox 1023 1212 1066 1253; x_wconf 88' lang='lat' dir='ltr'>id</span> <span class='ocrx_word' id='word_1_163' title='bbox 1085 1213 1215 1254; x_wconf 87' lang='lat' dir='ltr'>aliter</span> <span class='ocrx_word' id='word_1_164' title='bbox 1232 1213 1419 1270; x_wconf 81' lang='lat' dir='ltr'>ceperim</span> <span class='ocrx_word' id='word_1_165' title='bbox 1440 1214 1463 1254; x_wconf 82' lang='lat'>1</span> <span class='ocrx_word' id='word_1_166' title='bbox 1481 1211 1602 1254; x_wconf 85' lang='lat' dir='ltr'>Tim.</span> 
     </span>
     <span class='ocr_line' id='line_1_19' title="bbox 137 1267 1603 1325; baseline -0.004 -10"><span class='ocrx_word' id='word_1_167' title='bbox 137 1275 180 1325; x_wconf 82' lang='lat'>6,</span> <span class='ocrx_word' id='word_1_168' title='bbox 195 1274 262 1315; x_wconf 88' lang='grc'>12.</span> <span class='ocrx_word' id='word_1_169' title='bbox 294 1274 317 1313; x_wconf 96' lang='lat' dir='ltr'>l</span> <span class='ocrx_word' id='word_1_170' title='bbox 338 1271 439 1314; x_wconf 92' lang='lat' dir='ltr'>Cor.</span> <span class='ocrx_word' id='word_1_171' title='bbox 463 1271 556 1322; x_wconf 83' lang='lat'>1‚9.</span> <span class='ocrx_word' id='word_1_172' title='bbox 590 1271 613 1311; x_wconf 94' lang='lat' dir='ltr'>l</span> <span class='ocrx_word' id='word_1_173' title='bbox 634 1267 756 1311; x_wconf 88' lang='lat' dir='ltr'>Petr.</span> <span class='ocrx_word' id='word_1_174' title='bbox 777 1268 820 1320; x_wconf 85' lang='lat'>5,</span> <span class='ocrx_word' id='word_1_175' title='bbox 845 1270 913 1311; x_wconf 86' lang='lat'>10.</span> <span class='ocrx_word' id='word_1_176' title='bbox 943 1269 971 1309; x_wconf 86' lang='lat'>2</span> <span class='ocrx_word' id='word_1_177' title='bbox 989 1268 1076 1311; x_wconf 89' lang='lat' dir='ltr'>Th.</span> <span class='ocrx_word' id='word_1_178' title='bbox 1095 1270 1136 1321; x_wconf 86' lang='lat'>2,</span> <span class='ocrx_word' id='word_1_179' title='bbox 1153 1271 1238 1312; x_wconf 85' lang='lat'>14..</span> <span class='ocrx_word' id='word_1_180' title='bbox 1274 1270 1281 1276; x_wconf 48' lang='lat'>²</span> <span class='ocrx_word' id='word_1_181' title='bbox 1298 1270 1459 1312; x_wconf 88' lang='lat' dir='ltr'>Contra</span> <span class='ocrx_word' id='word_1_182' title='bbox 1490 1269 1603 1310; x_wconf 85' lang='lat' dir='ltr'>alias</span> 
     </span>
     <span class='ocr_line' id='line_1_20' title="bbox 136 1325 1602 1384; baseline -0.003 -13"><span class='ocrx_word' id='word_1_183' title='bbox 136 1329 331 1371; x_wconf 89' lang='lat' dir='ltr'>dubitari</span> <span class='ocrx_word' id='word_1_184' title='bbox 353 1341 435 1368; x_wconf 90' lang='lat' dir='ltr'>non</span> <span class='ocrx_word' id='word_1_185' title='bbox 456 1332 626 1384; x_wconf 83' lang='lat' dir='ltr'>potest,</span> <span class='ocrx_word' id='word_1_186' title='bbox 657 1325 762 1380; x_wconf 88' lang='lat' dir='ltr'>quin</span> <span class='ocrx_word' id='word_1_187' title='bbox 782 1325 912 1366; x_wconf 88' lang='lat' dir='ltr'>verbo</span> <span class='ocrx_word' id='word_1_188' title='bbox 931 1325 1075 1366; x_wconf 81' lang='grc' dir='ltr'><em>καλεῖν</em></span> <span class='ocrx_word' id='word_1_189' title='bbox 1092 1326 1332 1383; x_wconf 67' lang='lat' dir='ltr'>arcessendi</span> <span class='ocrx_word' id='word_1_190' title='bbox 1360 1326 1478 1367; x_wconf 88' lang='lat' dir='ltr'>notio</span> <span class='ocrx_word' id='word_1_191' title='bbox 1500 1326 1602 1367; x_wconf 85' lang='lat' dir='ltr'>sub-</span> 
     </span>
     <span class='ocr_line' id='line_1_21' title="bbox 134 1377 1603 1443; baseline -0.003 -16"><span class='ocrx_word' id='word_1_192' title='bbox 134 1386 247 1443; x_wconf 77' lang='lat' dir='ltr'>jecta</span> <span class='ocrx_word' id='word_1_193' title='bbox 278 1386 359 1427; x_wconf 87' lang='lat' dir='ltr'>sit:</span> <span class='ocrx_word' id='word_1_194' title='bbox 391 1383 448 1426; x_wconf 81' lang='lat' dir='ltr'>cf.</span> <span class='ocrx_word' id='word_1_195' title='bbox 478 1398 516 1426; x_wconf 86' lang='lat' dir='ltr'>v.</span> <span class='ocrx_word' id='word_1_196' title='bbox 541 1397 578 1425; x_wconf 92' lang='lat' dir='ltr'>c.</span> <span class='ocrx_word' id='word_1_197' title='bbox 608 1384 631 1423; x_wconf 94' lang='lat' dir='ltr'>l</span> <span class='ocrx_word' id='word_1_198' title='bbox 653 1381 755 1425; x_wconf 90' lang='lat' dir='ltr'>Cor.</span> <span class='ocrx_word' id='word_1_199' title='bbox 771 1383 813 1432; x_wconf 92' lang='grc'>7,</span> <span class='ocrx_word' id='word_1_200' title='bbox 825 1382 898 1423; x_wconf 73' lang='lat'>24.</span> <span class='ocrx_word' id='word_1_201' title='bbox 926 1379 1109 1430; x_wconf 72' lang='grc' dir='ltr'><em>ἕκαστος</em></span> <span class='ocrx_word' id='word_1_202' title='bbox 1130 1380 1174 1423; x_wconf 79' lang='grc' dir='ltr'>ἐν</span> <span class='ocrx_word' id='word_1_203' title='bbox 1193 1386 1226 1436; x_wconf 67' lang='lat' dir='ltr'>‹g‘›</span> <span class='ocrx_word' id='word_1_204' title='bbox 1246 1377 1438 1438; x_wconf 65' lang='grc' dir='ltr'>ἐκλήθη,</span> <span class='ocrx_word' id='word_1_205' title='bbox 1470 1378 1603 1423; x_wconf 66' lang='grc' dir='ltr'><strong>ἀδελ.-</strong></span> 
     </span>
     <span class='ocr_line' id='line_1_22' title="bbox 129 1435 1600 1498; baseline -0.002 -15"><span class='ocrx_word' id='word_1_206' title='bbox 129 1435 244 1498; x_wconf 69' lang='grc' dir='ltr'>’φοι’,</span> <span class='ocrx_word' id='word_1_207' title='bbox 280 1441 324 1483; x_wconf 83' lang='grc' dir='ltr'>ἐν</span> <span class='ocrx_word' id='word_1_208' title='bbox 351 1437 496 1494; x_wconf 75' lang='grc' dir='ltr'><em>τούτῳ</em></span> <span class='ocrx_word' id='word_1_209' title='bbox 532 1437 735 1491; x_wconf 81' lang='grc' dir='ltr'><em>μενέτω</em></span> <span class='ocrx_word' id='word_1_210' title='bbox 766 1436 912 1491; x_wconf 79' lang='grc' dir='ltr'><em>παρὰ</em></span> <span class='ocrx_word' id='word_1_211' title='bbox 950 1438 1078 1492; x_wconf 71' lang='grc' dir='ltr'><strong>θεῷ.</strong></span> <span class='ocrx_word' id='word_1_212' title='bbox 1147 1438 1260 1479; x_wconf 84' lang='lat' dir='ltr'>Tum</span> <span class='ocrx_word' id='word_1_213' title='bbox 1294 1441 1316 1479; x_wconf 84' lang='lat'><em>1</em></span> <span class='ocrx_word' id='word_1_214' title='bbox 1352 1436 1474 1481; x_wconf 86' lang='lat' dir='ltr'>Petr.</span> <span class='ocrx_word' id='word_1_215' title='bbox 1498 1438 1540 1488; x_wconf 85' lang='grc'>2,</span> <span class='ocrx_word' id='word_1_216' title='bbox 1558 1438 1600 1480; x_wconf 85' lang='grc'>9.</span> 
     </span>
     <span class='ocr_line' id='line_1_23' title="bbox 135 1491 1601 1552; baseline -0.002 -14"><span class='ocrx_word' id='word_1_217' title='bbox 135 1523 191 1530; x_wconf 92' lang='lat'>—</span> <span class='ocrx_word' id='word_1_218' title='bbox 212 1496 335 1547; x_wconf 69' lang='grc' dir='ltr'>ὅπως</span> <span class='ocrx_word' id='word_1_219' title='bbox 364 1495 442 1544; x_wconf 80' lang='grc' dir='ltr'>τὰς</span> <span class='ocrx_word' id='word_1_220' title='bbox 472 1493 632 1552; x_wconf 75' lang='grc' dir='ltr'><em>ἀρετὰς</em></span> <span class='ocrx_word' id='word_1_221' title='bbox 663 1492 936 1548; x_wconf 69' lang='grc' dir='ltr'>ἐξαγγείλητε</span> <span class='ocrx_word' id='word_1_222' title='bbox 962 1493 1040 1534; x_wconf 84' lang='grc' dir='ltr'>τοῦ</span> <span class='ocrx_word' id='word_1_223' title='bbox 1063 1492 1110 1535; x_wconf 81' lang='grc' dir='ltr'>ἐκ</span> <span class='ocrx_word' id='word_1_224' title='bbox 1132 1492 1315 1542; x_wconf 79' lang='grc' dir='ltr'><strong><em>σκότους</em></strong></span> <span class='ocrx_word' id='word_1_225' title='bbox 1335 1491 1447 1545; x_wconf 81' lang='grc' dir='ltr'><em>ὑμᾶς</em></span> <span class='ocrx_word' id='word_1_226' title='bbox 1466 1494 1601 1536; x_wconf 84' lang='grc' dir='ltr'><em>καλέ-</em></span> 
     </span>
     <span class='ocr_line' id='line_1_24' title="bbox 136 1546 1602 1604; baseline -0.003 -8"><span class='ocrx_word' id='word_1_227' title='bbox 136 1569 293 1603; x_wconf 78' lang='grc' dir='ltr'><em>σαντος</em></span> <span class='ocrx_word' id='word_1_228' title='bbox 329 1552 394 1601; x_wconf 81' lang='grc' dir='ltr'>εἰς</span> <span class='ocrx_word' id='word_1_229' title='bbox 429 1550 479 1592; x_wconf 82' lang='grc' dir='ltr'>τὸ</span> <span class='ocrx_word' id='word_1_230' title='bbox 518 1548 778 1603; x_wconf 70' lang='grc' dir='ltr'><em>θαυμαστὸν</em></span> <span class='ocrx_word' id='word_1_231' title='bbox 820 1546 955 1590; x_wconf 79' lang='grc' dir='ltr'><em>αὑτοῦ</em></span> <span class='ocrx_word' id='word_1_232' title='bbox 998 1548 1110 1604; x_wconf 79' lang='grc' dir='ltr'><strong>φῶς.</strong></span> <span class='ocrx_word' id='word_1_233' title='bbox 1151 1550 1261 1591; x_wconf 88' lang='lat' dir='ltr'>nihil</span> <span class='ocrx_word' id='word_1_234' title='bbox 1299 1551 1385 1591; x_wconf 88' lang='lat' dir='ltr'>nisi</span> <span class='ocrx_word' id='word_1_235' title='bbox 1425 1564 1602 1592; x_wconf 79' lang='lat' dir='ltr'>avocare</span> 
     </span>
     <span class='ocr_line' id='line_1_25' title="bbox 135 1606 1601 1661; baseline -0.004 -9"><span class='ocrx_word' id='word_1_236' title='bbox 135 1612 282 1653; x_wconf 83' lang='lat' dir='ltr'>valere</span> <span class='ocrx_word' id='word_1_237' title='bbox 308 1607 584 1650; x_wconf 84' lang='lat' dir='ltr'>crediderim.</span> <span class='ocrx_word' id='word_1_238' title='bbox 655 1606 883 1648; x_wconf 87' lang='lat' dir='ltr'>Postremo</span> <span class='ocrx_word' id='word_1_239' title='bbox 912 1619 1216 1660; x_wconf 81' lang='lat' dir='ltr'>nonnunquam</span> <span class='ocrx_word' id='word_1_240' title='bbox 1248 1621 1284 1647; x_wconf 88' lang='lat' dir='ltr'>s.</span> <span class='ocrx_word' id='word_1_241' title='bbox 1315 1606 1555 1661; x_wconf 83' lang='lat' dir='ltr'>scriptores</span> <span class='ocrx_word' id='word_1_242' title='bbox 1575 1620 1601 1646; x_wconf 84' lang='lat' dir='ltr'>a</span> 
     </span>
     <span class='ocr_line' id='line_1_26' title="bbox 136 1660 1600 1720; baseline -0.004 -11"><span class='ocrx_word' id='word_1_243' title='bbox 136 1665 430 1720; x_wconf 77' lang='lat' dir='ltr'>compellandi,</span> <span class='ocrx_word' id='word_1_244' title='bbox 459 1663 695 1716; x_wconf 78' lang='lat' dir='ltr'>alloquendi</span> <span class='ocrx_word' id='word_1_245' title='bbox 718 1661 892 1702; x_wconf 83' lang='lat' dir='ltr'>notione</span> <span class='ocrx_word' id='word_1_246' title='bbox 917 1661 1101 1716; x_wconf 83' lang='lat' dir='ltr'>profecti</span> <span class='ocrx_word' id='word_1_247' title='bbox 1121 1677 1217 1703; x_wconf 84' lang='lat' dir='ltr'>esse</span> <span class='ocrx_word' id='word_1_248' title='bbox 1240 1661 1441 1703; x_wconf 84' lang='lat' dir='ltr'>videntur</span> <span class='ocrx_word' id='word_1_249' title='bbox 1459 1660 1600 1716; x_wconf 77' lang='lat' dir='ltr'>(Phil.</span> 
     </span>
     <span class='ocr_line' id='line_1_27' title="bbox 134 1717 1601 1775; baseline -0.005 -10"><span class='ocrx_word' id='word_1_250' title='bbox 134 1725 176 1775; x_wconf 88' lang='lat'>3,</span> <span class='ocrx_word' id='word_1_251' title='bbox 192 1725 259 1766; x_wconf 71' lang='lat'>14.</span> <span class='ocrx_word' id='word_1_252' title='bbox 286 1724 314 1762; x_wconf 82' lang='lat'>2</span> <span class='ocrx_word' id='word_1_253' title='bbox 334 1720 454 1762; x_wconf 87' lang='lat' dir='ltr'>Tim.</span> <span class='ocrx_word' id='word_1_254' title='bbox 488 1722 525 1769; x_wconf 91' lang='grc'>1,</span> <span class='ocrx_word' id='word_1_255' title='bbox 541 1720 583 1761; x_wconf 88' lang='grc'>9.</span> <span class='ocrx_word' id='word_1_256' title='bbox 624 1718 765 1761; x_wconf 85' lang='lat' dir='ltr'>Hehr.</span> <span class='ocrx_word' id='word_1_257' title='bbox 795 1719 837 1768; x_wconf 83' lang='lat'>3,</span> <span class='ocrx_word' id='word_1_258' title='bbox 861 1718 900 1760; x_wconf 90' lang='lat' dir='ltr'>l.</span> <span class='ocrx_word' id='word_1_259' title='bbox 921 1717 1074 1770; x_wconf 75' lang='grc' dir='ltr'><em>κλῆσις</em></span> <span class='ocrx_word' id='word_1_260' title='bbox 1094 1717 1359 1773; x_wconf 73' lang='lat' dir='ltr'>alloquium).</span> <span class='ocrx_word' id='word_1_261' title='bbox 1419 1717 1601 1760; x_wconf 82' lang='lat' dir='ltr'>Scilicet</span> 
     </span>
     <span class='ocr_line' id='line_1_28' title="bbox 133 1772 1598 1830; baseline -0.005 -8"><span class='ocrx_word' id='word_1_262' title='bbox 133 1780 261 1822; x_wconf 88' lang='lat' dir='ltr'>Deus</span> <span class='ocrx_word' id='word_1_263' title='bbox 290 1777 441 1818; x_wconf 88' lang='lat' dir='ltr'>Mosen</span> <span class='ocrx_word' id='word_1_264' title='bbox 469 1774 605 1818; x_wconf 87' lang='lat' dir='ltr'>Exod.</span> <span class='ocrx_word' id='word_1_265' title='bbox 635 1776 676 1826; x_wconf 85' lang='lat'>3,</span> <span class='ocrx_word' id='word_1_266' title='bbox 695 1774 739 1817; x_wconf 78' lang='lat'>4.</span> <span class='ocrx_word' id='word_1_267' title='bbox 768 1781 812 1815; x_wconf 86' lang='lat' dir='ltr'>ct</span> <span class='ocrx_word' id='word_1_268' title='bbox 838 1772 1083 1814; x_wconf 84' lang='lat' dir='ltr'>Samuelem</span> <span class='ocrx_word' id='word_1_269' title='bbox 1109 1776 1129 1813; x_wconf 90' lang='lat'><em>1</em></span> <span class='ocrx_word' id='word_1_270' title='bbox 1152 1773 1270 1816; x_wconf 87' lang='lat' dir='ltr'>Sam.</span> <span class='ocrx_word' id='word_1_271' title='bbox 1290 1774 1332 1825; x_wconf 87' lang='lat'>3,</span> <span class='ocrx_word' id='word_1_272' title='bbox 1351 1775 1381 1815; x_wconf 82' lang='lat'>4</span> <span class='ocrx_word' id='word_1_273' title='bbox 1398 1789 1466 1830; x_wconf 83' lang='lat' dir='ltr'>sq.</span> <span class='ocrx_word' id='word_1_274' title='bbox 1488 1775 1598 1815; x_wconf 87' lang='lat' dir='ltr'>allo-</span> 
     </span>
     <span class='ocr_line' id='line_1_29' title="bbox 134 1829 1598 1893; baseline -0.004 -15"><span class='ocrx_word' id='word_1_275' title='bbox 134 1841 297 1893; x_wconf 86' lang='lat' dir='ltr'>quutus</span> <span class='ocrx_word' id='word_1_276' title='bbox 329 1840 423 1884; x_wconf 83' lang='lat' dir='ltr'>est,</span> <span class='ocrx_word' id='word_1_277' title='bbox 462 1830 662 1872; x_wconf 84' lang='lat' dir='ltr'>mandata</span> <span class='ocrx_word' id='word_1_278' title='bbox 693 1830 748 1871; x_wconf 84' lang='lat' dir='ltr'>iis</span> <span class='ocrx_word' id='word_1_279' title='bbox 777 1829 982 1871; x_wconf 88' lang='lat' dir='ltr'>daturus:</span> <span class='ocrx_word' id='word_1_280' title='bbox 1032 1829 1237 1871; x_wconf 86' lang='lat' dir='ltr'>similiter</span> <span class='ocrx_word' id='word_1_281' title='bbox 1265 1829 1385 1872; x_wconf 86' lang='lat' dir='ltr'>Luca</span> <span class='ocrx_word' id='word_1_282' title='bbox 1419 1837 1598 1873; x_wconf 85' lang='lat' dir='ltr'>auctore</span> 
     </span>
     <span class='ocr_line' id='line_1_30' title="bbox 134 1885 1599 1942; baseline -0.005 -6"><span class='ocrx_word' id='word_1_283' title='bbox 134 1899 242 1936; x_wconf 76' lang='lat' dir='ltr'>Aer.</span> <span class='ocrx_word' id='word_1_284' title='bbox 264 1893 305 1942; x_wconf 88' lang='grc'>9,</span> <span class='ocrx_word' id='word_1_285' title='bbox 324 1892 367 1932; x_wconf 76' lang='lat'>4.</span> <span class='ocrx_word' id='word_1_286' title='bbox 392 1891 460 1932; x_wconf 88' lang='grc'><strong>17.</strong></span> <span class='ocrx_word' id='word_1_287' title='bbox 494 1888 674 1929; x_wconf 83' lang='lat' dir='ltr'>Sauium</span> <span class='ocrx_word' id='word_1_288' title='bbox 697 1886 863 1929; x_wconf 80' lang='lat' dir='ltr'>Christi</span> <span class='ocrx_word' id='word_1_289' title='bbox 884 1890 928 1926; x_wconf 84' lang='lat' dir='ltr'>et</span> <span class='ocrx_word' id='word_1_290' title='bbox 949 1886 1150 1927; x_wconf 82' lang='lat' dir='ltr'>Ananiae</span> <span class='ocrx_word' id='word_1_291' title='bbox 1171 1887 1302 1942; x_wconf 66' lang='lat' dir='ltr'>opera</span> <span class='ocrx_word' id='word_1_292' title='bbox 1328 1902 1449 1930; x_wconf 85' lang='lat' dir='ltr'>usus.</span> <span class='ocrx_word' id='word_1_293' title='bbox 1506 1885 1599 1928; x_wconf 81' lang='lat' dir='ltr'>Ita-</span> 
     </span>
     <span class='ocr_line' id='line_1_31' title="bbox 135 1941 1597 2005; baseline -0.004 -15"><span class='ocrx_word' id='word_1_294' title='bbox 135 1964 219 2005; x_wconf 89' lang='lat' dir='ltr'>que</span> <span class='ocrx_word' id='word_1_295' title='bbox 246 1948 484 2003; x_wconf 77' lang='lat' dir='ltr'>scriptores</span> <span class='ocrx_word' id='word_1_296' title='bbox 503 1959 539 1987; x_wconf 87' lang='lat' dir='ltr'>s.</span> <span class='ocrx_word' id='word_1_297' title='bbox 568 1945 740 1986; x_wconf 81' lang='lat' dir='ltr'>verbum</span> <span class='ocrx_word' id='word_1_298' title='bbox 762 1943 908 1983; x_wconf 82' lang='grc' dir='ltr'><em>καλεῖν</em></span> <span class='ocrx_word' id='word_1_299' title='bbox 937 1956 959 1982; x_wconf 92' lang='lat' dir='ltr'>e</span> <span class='ocrx_word' id='word_1_300' title='bbox 984 1941 1038 1984; x_wconf 91' lang='lat' dir='ltr'>V.</span> <span class='ocrx_word' id='word_1_301' title='bbox 1059 1941 1115 1985; x_wconf 80' lang='lat' dir='ltr'>T.</span> <span class='ocrx_word' id='word_1_302' title='bbox 1137 1943 1336 1984; x_wconf 84' lang='lat' dir='ltr'>haustum</span> <span class='ocrx_word' id='word_1_303' title='bbox 1359 1943 1420 1984; x_wconf 87' lang='lat' dir='ltr'>ita</span> <span class='ocrx_word' id='word_1_304' title='bbox 1440 1944 1483 1984; x_wconf 91' lang='lat' dir='ltr'>in</span> <span class='ocrx_word' id='word_1_305' title='bbox 1506 1957 1597 1984; x_wconf 92' lang='lat' dir='ltr'>rem</span> 
     </span>
     <span class='ocr_line' id='line_1_32' title="bbox 133 1998 1598 2053; baseline -0.005 -5"><span class='ocrx_word' id='word_1_306' title='bbox 133 2005 288 2047; x_wconf 86' lang='lat' dir='ltr'>christ.</span> <span class='ocrx_word' id='word_1_307' title='bbox 317 2002 662 2051; x_wconf 83' lang='lat' dir='ltr'>transtulerunt,</span> <span class='ocrx_word' id='word_1_308' title='bbox 693 2004 739 2040; x_wconf 88' lang='lat' dir='ltr'>ut</span> <span class='ocrx_word' id='word_1_309' title='bbox 768 1999 965 2040; x_wconf 78' lang='lat' dir='ltr'>diversos</span> <span class='ocrx_word' id='word_1_310' title='bbox 994 1998 1112 2040; x_wconf 81' lang='lat' dir='ltr'>verbi</span> <span class='ocrx_word' id='word_1_311' title='bbox 1134 1999 1407 2053; x_wconf 79' lang='lat' dir='ltr'>significatus</span> <span class='ocrx_word' id='word_1_312' title='bbox 1429 2000 1494 2041; x_wconf 89' lang='lat' dir='ltr'>rei</span> <span class='ocrx_word' id='word_1_313' title='bbox 1523 1999 1598 2040; x_wconf 89' lang='lat' dir='ltr'>de-</span> 
     </span>
     <span class='ocr_line' id='line_1_33' title="bbox 132 2051 1597 2113; baseline -0.005 -10"><span class='ocrx_word' id='word_1_314' title='bbox 132 2060 364 2104; x_wconf 84' lang='lat' dir='ltr'>clarandae</span> <span class='ocrx_word' id='word_1_315' title='bbox 383 2062 740 2113; x_wconf 87' lang='lat' dir='ltr'>attemperarent.</span> <span class='ocrx_word' id='word_1_316' title='bbox 796 2053 1019 2097; x_wconf 87' lang='lat' dir='ltr'>Contende</span> <span class='ocrx_word' id='word_1_317' title='bbox 1048 2069 1157 2109; x_wconf 85' lang='lat' dir='ltr'>quae</span> <span class='ocrx_word' id='word_1_318' title='bbox 1187 2055 1239 2096; x_wconf 87' lang='lat' dir='ltr'>de</span> <span class='ocrx_word' id='word_1_319' title='bbox 1269 2070 1371 2097; x_wconf 80' lang='lat' dir='ltr'>voce</span> <span class='ocrx_word' id='word_1_320' title='bbox 1389 2051 1597 2110; x_wconf 73' lang='grc' dir='ltr'><em>κληρονό-</em></span> 
     </span>
     <span class='ocr_line' id='line_1_34' title="bbox 132 2111 1597 2171; baseline -0.004 -14"><span class='ocrx_word' id='word_1_321' title='bbox 132 2133 215 2171; x_wconf 84' lang='grc' dir='ltr'>μος</span> <span class='ocrx_word' id='word_1_322' title='bbox 233 2116 288 2157; x_wconf 89' lang='lat' dir='ltr'>ad</span> <span class='ocrx_word' id='word_1_323' title='bbox 305 2117 348 2168; x_wconf 78' lang='grc'>4,</span> <span class='ocrx_word' id='word_1_324' title='bbox 370 2116 439 2157; x_wconf 86' lang='grc'><strong>13.</strong></span> <span class='ocrx_word' id='word_1_325' title='bbox 467 2121 509 2156; x_wconf 88' lang='lat' dir='ltr'>ct</span> <span class='ocrx_word' id='word_1_326' title='bbox 528 2113 570 2165; x_wconf 87' lang='grc'>8,</span> <span class='ocrx_word' id='word_1_327' title='bbox 594 2115 662 2156; x_wconf 92' lang='grc'>17.</span> <span class='ocrx_word' id='word_1_328' title='bbox 691 2112 949 2153; x_wconf 86' lang='lat' dir='ltr'>monuimus.</span> <span class='ocrx_word' id='word_1_329' title='bbox 1017 2111 1132 2163; x_wconf 80' lang='lat' dir='ltr'>Res,</span> <span class='ocrx_word' id='word_1_330' title='bbox 1160 2111 1213 2152; x_wconf 85' lang='lat' dir='ltr'>ad</span> <span class='ocrx_word' id='word_1_331' title='bbox 1245 2126 1370 2167; x_wconf 81' lang='lat' dir='ltr'>quam</span> <span class='ocrx_word' id='word_1_332' title='bbox 1400 2111 1597 2152; x_wconf 85' lang='lat' dir='ltr'>homines</span> 
     </span>
     <span class='ocr_line' id='line_1_35' title="bbox 133 2166 1596 2223; baseline -0.006 -6"><span class='ocrx_word' id='word_1_333' title='bbox 133 2175 203 2218; x_wconf 89' lang='lat' dir='ltr'>vel</span> <span class='ocrx_word' id='word_1_334' title='bbox 231 2173 474 2215; x_wconf 79' lang='lat' dir='ltr'>invitantur</span> <span class='ocrx_word' id='word_1_335' title='bbox 500 2171 567 2211; x_wconf 78' lang='lat' dir='ltr'>vel</span> <span class='ocrx_word' id='word_1_336' title='bbox 593 2173 816 2219; x_wconf 80' lang='lat' dir='ltr'>vocantur,</span> <span class='ocrx_word' id='word_1_337' title='bbox 855 2167 1065 2208; x_wconf 80' lang='lat' dir='ltr'>beatitate</span> <span class='ocrx_word' id='word_1_338' title='bbox 1103 2183 1178 2222; x_wconf 77' lang='lat' dir='ltr'>pei·</span> <span class='ocrx_word' id='word_1_339' title='bbox 1207 2166 1427 2210; x_wconf 85' lang='lat' dir='ltr'>Christum</span> <span class='ocrx_word' id='word_1_340' title='bbox 1468 2167 1596 2223; x_wconf 67' lang='lat' dir='ltr'>parta</span> 
     </span>
     <span class='ocr_line' id='line_1_36' title="bbox 131 2219 1598 2283; baseline -0.005 -11"><span class='ocrx_word' id='word_1_341' title='bbox 131 2230 379 2273; x_wconf 90' lang='lat' dir='ltr'>continetur</span> <span class='ocrx_word' id='word_1_342' title='bbox 398 2241 534 2283; x_wconf 87' lang='lat' dir='ltr'>eaque</span> <span class='ocrx_word' id='word_1_343' title='bbox 554 2225 747 2267; x_wconf 80' lang='lat' dir='ltr'>diversis</span> <span class='ocrx_word' id='word_1_344' title='bbox 764 2224 965 2266; x_wconf 79' lang='lat' dir='ltr'>formulis</span> <span class='ocrx_word' id='word_1_345' title='bbox 986 2224 1270 2279; x_wconf 81' lang='lat' dir='ltr'>exprimitur,</span> <span class='ocrx_word' id='word_1_346' title='bbox 1295 2223 1417 2264; x_wconf 78' lang='grc' dir='ltr'><em>καλεῖ</em></span> <span class='ocrx_word' id='word_1_347' title='bbox 1446 2219 1469 2262; x_wconf 81' lang='grc' dir='ltr'>ὸ</span> <span class='ocrx_word' id='word_1_348' title='bbox 1488 2223 1598 2272; x_wconf 61' lang='grc' dir='ltr'>θεὸς</span> 
     </span>
     <span class='ocr_line' id='line_1_37' title="bbox 133 2276 1595 2340; baseline -0.005 -12"><span class='ocrx_word' id='word_1_349' title='bbox 133 2302 153 2329; x_wconf 88' lang='grc' dir='ltr'><strong><em>ε</em></strong></span> <span class='ocrx_word' id='word_1_350' title='bbox 170 2285 218 2335; x_wconf 87' lang='grc' dir='ltr'>ὶς</span> <span class='ocrx_word' id='word_1_351' title='bbox 234 2285 329 2340; x_wconf 81' lang='grc' dir='ltr'>τὴν</span> <span class='ocrx_word' id='word_1_352' title='bbox 355 2280 583 2325; x_wconf 75' lang='grc' dir='ltr'><em>αἰώνιον</em></span> <span class='ocrx_word' id='word_1_353' title='bbox 609 2277 1121 2335; x_wconf 72' lang='grc' dir='ltr'><strong>ζωήν(1Τίιυ.(3,12.),</strong></span> <span class='ocrx_word' id='word_1_354' title='bbox 1151 2278 1230 2329; x_wconf 80' lang='grc' dir='ltr'>εἰς</span> <span class='ocrx_word' id='word_1_355' title='bbox 1248 2279 1344 2333; x_wconf 75' lang='grc' dir='ltr'>τὴν</span> <span class='ocrx_word' id='word_1_356' title='bbox 1363 2276 1595 2320; x_wconf 82' lang='grc' dir='ltr'><em>αἰώνιον</em></span> 
     </span>
     <span class='ocr_line' id='line_1_38' title="bbox 133 2331 1601 2391; baseline -0.005 -7"><span class='ocrx_word' id='word_1_357' title='bbox 133 2338 304 2384; x_wconf 78' lang='grc' dir='ltr'><em>αὖτοῦ</em></span> <span class='ocrx_word' id='word_1_358' title='bbox 335 2337 496 2389; x_wconf 76' lang='grc' dir='ltr'><em>δόξαν</em></span> <span class='ocrx_word' id='word_1_359' title='bbox 526 2340 572 2391; x_wconf 92' lang='lat' dir='ltr'>(l</span> <span class='ocrx_word' id='word_1_360' title='bbox 595 2336 715 2379; x_wconf 82' lang='lat' dir='ltr'>Petr.</span> <span class='ocrx_word' id='word_1_361' title='bbox 735 2337 901 2389; x_wconf 82' lang='lat'>5‚10.)‚</span> <span class='ocrx_word' id='word_1_362' title='bbox 933 2334 1012 2384; x_wconf 70' lang='grc' dir='ltr'>εἷς</span> <span class='ocrx_word' id='word_1_363' title='bbox 1033 2332 1406 2390; x_wconf 79' lang='grc' dir='ltr'><em>περιποίησιν</em></span> <span class='ocrx_word' id='word_1_364' title='bbox 1427 2331 1601 2390; x_wconf 73' lang='grc' dir='ltr'><strong><em>δόξης-</em></strong></span> 
     </span>
     <span class='ocr_line' id='line_1_39' title="bbox 132 2387 1595 2449; baseline -0.005 -10"><span class='ocrx_word' id='word_1_365' title='bbox 132 2399 228 2440; x_wconf 86' lang='grc' dir='ltr'>τοῦ</span> <span class='ocrx_word' id='word_1_366' title='bbox 260 2396 512 2449; x_wconf 78' lang='grc' dir='ltr'><em>Χριστοῦ</em></span> <span class='ocrx_word' id='word_1_367' title='bbox 543 2394 591 2447; x_wconf 85' lang='grc'>(2</span> <span class='ocrx_word' id='word_1_368' title='bbox 610 2394 698 2435; x_wconf 85' lang='lat' dir='ltr'>Th.</span> <span class='ocrx_word' id='word_1_369' title='bbox 718 2393 887 2446; x_wconf 79' lang='lat' dir='ltr'>2,l4.)‚</span> <span class='ocrx_word' id='word_1_370' title='bbox 917 2388 998 2440; x_wconf 73' lang='grc' dir='ltr'>εἰς</span> <span class='ocrx_word' id='word_1_371' title='bbox 1028 2389 1323 2432; x_wconf 83' lang='grc' dir='ltr'><em>κοινωνίαν</em></span> <span class='ocrx_word' id='word_1_372' title='bbox 1351 2390 1446 2432; x_wconf 80' lang='grc' dir='ltr'>τοῦ</span> <span class='ocrx_word' id='word_1_373' title='bbox 1469 2387 1595 2432; x_wconf 81' lang='grc' dir='ltr'><em>υἱοῦ</em></span> 
     </span>
     <span class='ocr_line' id='line_1_40' title="bbox 129 2446 1594 2507; baseline -0.005 -13"><span class='ocrx_word' id='word_1_374' title='bbox 129 2451 174 2496; x_wconf 87' lang='grc' dir='ltr'>Ἰ.</span> <span class='ocrx_word' id='word_1_375' title='bbox 196 2456 280 2507; x_wconf 67' lang='lat' dir='ltr'>XO·</span> <span class='ocrx_word' id='word_1_376' title='bbox 303 2455 348 2503; x_wconf 84' lang='lat' dir='ltr'>(l</span> <span class='ocrx_word' id='word_1_377' title='bbox 373 2452 475 2494; x_wconf 92' lang='lat' dir='ltr'>Cor.</span> <span class='ocrx_word' id='word_1_378' title='bbox 499 2452 627 2505; x_wconf 76' lang='lat' dir='ltr'>l‚9.).</span> <span class='ocrx_word' id='word_1_379' title='bbox 689 2449 853 2490; x_wconf 61' lang='lat' dir='ltr'>lnx&#39;itat</span> <span class='ocrx_word' id='word_1_380' title='bbox 881 2462 918 2490; x_wconf 83' lang='lat' dir='ltr'>s.</span> <span class='ocrx_word' id='word_1_381' title='bbox 950 2452 1071 2488; x_wconf 69' lang='lat' dir='ltr'>vocat</span> <span class='ocrx_word' id='word_1_382' title='bbox 1096 2448 1210 2488; x_wconf 82' lang='lat' dir='ltr'>Deus</span> <span class='ocrx_word' id='word_1_383' title='bbox 1235 2452 1337 2497; x_wconf 91' lang='lat' dir='ltr'>(non</span> <span class='ocrx_word' id='word_1_384' title='bbox 1369 2446 1594 2498; x_wconf 85' lang='lat' dir='ltr'>Christus)</span> 
     </span>
     <span class='ocr_line' id='line_1_41' title="bbox 133 2503 1593 2564; baseline -0.005 -13"><span class='ocrx_word' id='word_1_385' title='bbox 133 2524 218 2552; x_wconf 88' lang='lat' dir='ltr'>non</span> <span class='ocrx_word' id='word_1_386' title='bbox 246 2515 332 2550; x_wconf 84' lang='lat' dir='ltr'>tam</span> <span class='ocrx_word' id='word_1_387' title='bbox 363 2516 618 2564; x_wconf 85' lang='lat' dir='ltr'>propterea,</span> <span class='ocrx_word' id='word_1_388' title='bbox 657 2504 771 2561; x_wconf 88' lang='lat' dir='ltr'>quod</span> <span class='ocrx_word' id='word_1_389' title='bbox 802 2505 843 2545; x_wconf 94' lang='lat' dir='ltr'>in</span> <span class='ocrx_word' id='word_1_390' title='bbox 867 2504 923 2546; x_wconf 83' lang='lat' dir='ltr'>V.</span> <span class='ocrx_word' id='word_1_391' title='bbox 946 2504 1001 2543; x_wconf 80' lang='lat' dir='ltr'>T.</span> <span class='ocrx_word' id='word_1_392' title='bbox 1026 2503 1219 2543; x_wconf 85' lang='lat' dir='ltr'>homines</span> <span class='ocrx_word' id='word_1_393' title='bbox 1243 2503 1416 2555; x_wconf 84' lang='lat' dir='ltr'>negotio</span> <span class='ocrx_word' id='word_1_394' title='bbox 1437 2503 1593 2560; x_wconf 80' lang='lat' dir='ltr'>praeli-</span> 
     </span>
     <span class='ocr_line' id='line_1_42' title="bbox 133 2558 1593 2614; baseline -0.006 -7"><span class='ocrx_word' id='word_1_395' title='bbox 133 2565 311 2608; x_wconf 79' lang='lat' dir='ltr'>ciendos</span> <span class='ocrx_word' id='word_1_396' title='bbox 340 2565 513 2606; x_wconf 74' lang='lat' dir='ltr'>vocandi</span> <span class='ocrx_word' id='word_1_397' title='bbox 539 2567 578 2604; x_wconf 79' lang='lat' dir='ltr'>ci</span> <span class='ocrx_word' id='word_1_398' title='bbox 608 2561 848 2604; x_wconf 70' lang='lat' dir='ltr'>arcessendi</span> <span class='ocrx_word' id='word_1_399' title='bbox 886 2574 1039 2600; x_wconf 90' lang='lat' dir='ltr'>munus</span> <span class='ocrx_word' id='word_1_400' title='bbox 1068 2559 1163 2600; x_wconf 81' lang='lat' dir='ltr'>Deo</span> <span class='ocrx_word' id='word_1_401' title='bbox 1191 2558 1424 2610; x_wconf 86' lang='lat' dir='ltr'>tribuitur,</span> <span class='ocrx_word' id='word_1_402' title='bbox 1463 2573 1593 2614; x_wconf 82' lang='lat' dir='ltr'>quam</span> 
     </span>
     <span class='ocr_line' id='line_1_43' title="bbox 132 2613 1593 2675; baseline -0.005 -12"><span class='ocrx_word' id='word_1_403' title='bbox 132 2622 319 2671; x_wconf 88' lang='lat' dir='ltr'>idcirco,</span> <span class='ocrx_word' id='word_1_404' title='bbox 368 2621 469 2675; x_wconf 85' lang='lat' dir='ltr'>quia</span> <span class='ocrx_word' id='word_1_405' title='bbox 509 2633 579 2659; x_wconf 83' lang='lat' dir='ltr'>res</span> <span class='ocrx_word' id='word_1_406' title='bbox 615 2620 710 2675; x_wconf 84' lang='lat' dir='ltr'>ipsa</span> <span class='ocrx_word' id='word_1_407' title='bbox 741 2617 978 2670; x_wconf 80' lang='lat' dir='ltr'>flagitavit,</span> <span class='ocrx_word' id='word_1_408' title='bbox 1015 2621 1063 2656; x_wconf 85' lang='lat' dir='ltr'>ut</span> <span class='ocrx_word' id='word_1_409' title='bbox 1090 2615 1148 2656; x_wconf 85' lang='lat' dir='ltr'>ita</span> <span class='ocrx_word' id='word_1_410' title='bbox 1178 2613 1236 2658; x_wconf 84' lang='lat' dir='ltr'>N.</span> <span class='ocrx_word' id='word_1_411' title='bbox 1263 2613 1320 2656; x_wconf 82' lang='grc' dir='ltr'>Τ.</span> <span class='ocrx_word' id='word_1_412' title='bbox 1354 2615 1593 2672; x_wconf 84' lang='lat' dir='ltr'>scriptores</span> 
     </span>
     <span class='ocr_line' id='line_1_44' title="bbox 134 2671 1594 2729; baseline -0.006 -9"><span class='ocrx_word' id='word_1_413' title='bbox 134 2678 366 2720; x_wconf 84' lang='lat' dir='ltr'>sentirent.</span> <span class='ocrx_word' id='word_1_414' title='bbox 412 2676 523 2716; x_wconf 81' lang='lat' dir='ltr'>Nam</span> <span class='ocrx_word' id='word_1_415' title='bbox 544 2675 666 2716; x_wconf 81' lang='lat' dir='ltr'>Deus</span> <span class='ocrx_word' id='word_1_416' title='bbox 687 2674 976 2729; x_wconf 85' lang='lat' dir='ltr'>sempiternae</span> <span class='ocrx_word' id='word_1_417' title='bbox 998 2671 1222 2712; x_wconf 76' lang='lat' dir='ltr'>felicitatis</span> <span class='ocrx_word' id='word_1_418' title='bbox 1242 2671 1490 2712; x_wconf 76' lang='lat' dir='ltr'>distributor</span> <span class='ocrx_word' id='word_1_419' title='bbox 1511 2677 1594 2722; x_wconf 76' lang='lat' dir='ltr'>est,</span> 
     </span>
     <span class='ocr_line' id='line_1_45' title="bbox 134 2727 1593 2785; baseline -0.005 -11"><span class='ocrx_word' id='word_1_420' title='bbox 134 2733 340 2778; x_wconf 84' lang='lat' dir='ltr'>Christus</span> <span class='ocrx_word' id='word_1_421' title='bbox 369 2731 434 2783; x_wconf 83' lang='lat' dir='ltr'>is,</span> <span class='ocrx_word' id='word_1_422' title='bbox 471 2745 546 2783; x_wconf 80' lang='lat' dir='ltr'>per</span> <span class='ocrx_word' id='word_1_423' title='bbox 588 2745 712 2785; x_wconf 84' lang='lat' dir='ltr'>quem</span> <span class='ocrx_word' id='word_1_424' title='bbox 747 2732 871 2771; x_wconf 86' lang='lat' dir='ltr'>Deus</span> <span class='ocrx_word' id='word_1_425' title='bbox 908 2741 1032 2769; x_wconf 88' lang='lat' dir='ltr'>suum</span> <span class='ocrx_word' id='word_1_426' title='bbox 1061 2727 1314 2768; x_wconf 84' lang='lat' dir='ltr'>beneficium</span> <span class='ocrx_word' id='word_1_427' title='bbox 1346 2727 1593 2768; x_wconf 88' lang='lat' dir='ltr'>hominibus</span> 
     </span>
     <span class='ocr_line' id='line_1_46' title="bbox 134 2783 1592 2838; baseline -0.007 -5"><span class='ocrx_word' id='word_1_428' title='bbox 134 2787 378 2833; x_wconf 82' lang='lat' dir='ltr'>distribuit.</span> <span class='ocrx_word' id='word_1_429' title='bbox 440 2787 666 2827; x_wconf 76' lang='lat' dir='ltr'>Postremo</span> <span class='ocrx_word' id='word_1_430' title='bbox 694 2786 843 2828; x_wconf 78' lang='lat' dir='ltr'>invitat</span> <span class='ocrx_word' id='word_1_431' title='bbox 875 2786 934 2838; x_wconf 84' lang='lat' dir='ltr'>(s.</span> <span class='ocrx_word' id='word_1_432' title='bbox 956 2787 1098 2834; x_wconf 62' lang='lat' dir='ltr'>vocat,</span> <span class='ocrx_word' id='word_1_433' title='bbox 1134 2799 1170 2824; x_wconf 82' lang='lat' dir='ltr'>s.</span> <span class='ocrx_word' id='word_1_434' title='bbox 1191 2783 1435 2835; x_wconf 75' lang='lat' dir='ltr'>cmupellut)</span> <span class='ocrx_word' id='word_1_435' title='bbox 1456 2783 1592 2823; x_wconf 88' lang='lat' dir='ltr'>homi-</span> 
     </span>
     <span class='ocr_line' id='line_1_47' title="bbox 135 2837 1593 2899; baseline -0.007 -10"><span class='ocrx_word' id='word_1_436' title='bbox 135 2861 212 2889; x_wconf 71' lang='lat' dir='ltr'>nes</span> <span class='ocrx_word' id='word_1_437' title='bbox 230 2859 306 2899; x_wconf 70' lang='grc' dir='ltr'>μεν</span> <span class='ocrx_word' id='word_1_438' title='bbox 324 2843 533 2886; x_wconf 74' lang='lat' dir='ltr'>Clm&#39;slum</span> <span class='ocrx_word' id='word_1_439' title='bbox 556 2846 598 2897; x_wconf 83' lang='lat' dir='ltr'>(l</span> <span class='ocrx_word' id='word_1_440' title='bbox 623 2841 745 2887; x_wconf 80' lang='lat' dir='ltr'>l&#39;ctr.</span> <span class='ocrx_word' id='word_1_441' title='bbox 767 2842 812 2897; x_wconf 84' lang='lat'>5,</span> <span class='ocrx_word' id='word_1_442' title='bbox 823 2843 892 2886; x_wconf 81' lang='lat'>10.</span> <span class='ocrx_word' id='word_1_443' title='bbox 915 2839 1032 2884; x_wconf 71' lang='lat' dir='ltr'>Phil.</span> <span class='ocrx_word' id='word_1_444' title='bbox 1054 2840 1180 2892; x_wconf 75' lang='lat'>3,14.</span> <span class='ocrx_word' id='word_1_445' title='bbox 1206 2837 1345 2884; x_wconf 79' lang='lat' dir='ltr'>chr.</span> <span class='ocrx_word' id='word_1_446' title='bbox 1362 2839 1404 2892; x_wconf 82' lang='lat'>3,</span> <span class='ocrx_word' id='word_1_447' title='bbox 1419 2840 1480 2893; x_wconf 87' lang='grc'>1.)</span> <span class='ocrx_word' id='word_1_448' title='bbox 1498 2853 1593 2882; x_wconf 87' lang='lat' dir='ltr'>cos-</span> 
     </span>
    </p>
   </div>
  </div>
 </body>
</html>
