1715 3115
167 231 253 274 240
448 228 824 272 EPISTULA
856 229 958 273 AD
990 229 1348 274 ROMANOS

164 336 409 379 abalienata
434 335 658 387 voluntas,
696 335 971 393 popularium
1001 351 1177 379 suorum
1202 336 1521 393 hominumque,
1553 337 1628 394 qui

165 395 300 435 multa
333 406 437 448 prae
464 392 623 434 ceteris
653 392 855 447 gentibus
896 407 920 434 a
954 393 1051 435 Deo
1082 399 1343 449 acceperunt
1376 395 1628 450 praecipua,

165 451 351 492 salutem
374 448 449 490 sua
476 448 651 490 miseris·
666 481 678 500 ,
717 450 755 490 si
777 455 925 505 posset
944 464 983 493 v.
1006 450 1182 494 3.—5..

277 504 338 548 V.
360 506 400 548 1.
417 510 462 546 et
482 504 526 548 2.
569 501 786 561 ἀλήθειαν
804 504 914 560 λέγω
935 504 980 548 ἐν
1001 505 1204 560 λ’ρισιιιῖἸ
1225 520 1365 548 verum
1385 506 1476 548 dico
1496 510 1543 548 ut
1561 507 1627 549 vir

163 575 257 604 cum-
281 561 444 603 Chre‘sto
463 561 708 614 copulatus,
735 565 783 603 ut
801 561 919 603 homo
938 562 982 603 in
1006 562 1164 605 Christe·
1184 562 1338 603 castris
1360 563 1550 615 positus,
1579 567 1626 604 ut

162 618 306 660 homo
336 616 690 660 Christianus
729 617 758 659 i.
787 631 829 674 q.
871 614 1089 674 ἀλήθειαν
1124 618 1234 672 λέγω
1264 612 1322 665 ὥς
1350 617 1626 675 Χριστιανός

161 675 188 716 1
209 672 331 717 Petr.
353 674 395 725 4,
410 674 477 715 16.
516 672 587 717 Cf.
608 674 702 717 Jac'.
721 674 967 729 Gappellus,
1009 674 1216 724 Clericus,
1254 672 1436 724 Rueck„
1480 673 1624 718 W'v'nz.

158 731 192 773 l.
211 744 250 775 c.
270 745 316 788 p.
336 732 403 781 4.‚
432 728 637 783 DIeyerus
660 735 703 772 et
724 745 834 786 quae
855 730 1013 788 scripsi
1035 731 1078 771 in
1097 731 1152 773 l.:
1183 730 1299 774 [tebet
1327 729 1380 773 bie
1410 729 1625 783 ffierbienste

157 788 411 840 ssbolucf’ss
449 799 517 832 mn
558 785 616 831 bie
653 786 890 839 &christeta
927 802 973 844 p.
993 787 1081 832 53..
1149 787 1317 829 Firmat
1347 786 1454 828 hanc
1485 785 1622 828 inter-

155 843 445 900 pretationem
474 857 580 884 usus
604 842 813 898 loquendi
844 843 1090 888 paullinus.
1148 843 1217 888 Cf.
1245 842 1273 885 2
1299 841 1402 886 Cor.
1421 842 1546 895 2,17.
1564 867 1622 875 —

156 896 431 941 κατενώπιον
455 897 536 940 τοῦ
562 900 676 940 θεοῦ
703 897 748 941 ἕν
776 902 961 955 Χριστῷ
989 900 1207 952 λαλοῦμεν
1237 912 1380 941 coram
1424 899 1517 940 Deo
1552 898 1619 956 (in

153 955 299 998 Deum
315 955 486 1009 intuiti)
506 960 553 998 ut
565 955 756 998 homines
777 970 868 999 cnm
889 957 1052 999 Christo
1071 957 1175 998 nexi
1192 956 1430 1012 loquimur.
1457 953 1620 1010 (2Cor.

153 1013 331 1070 12‚19.)
356 1011 472 1069 Eph.
489 1012 534 1065 4,
556 1012 625 1054 17.
663 1013 792 1054 τοῦτο
819 1009 898 1054 οὖν
925 1011 1036 1068 λέγω
1067 1013 1142 1055 καί
1165 1010 1533 1068 μαρτύρομαι
1562 1009 1620 1054 ἐν

154 1071 326 1124 κυρίῳ
366 1074 448 1121 (-
472 1069 656 1110 obtestor
681 1073 732 1111 ut
768 1069 928 1111 domim·
966 1069 1218 1126 discipulus)
1255 1068 1470 1112 l‘Thess.
1509 1068 1553 1122 4,
1575 1071 1617 1114 1.

152 1151 208 1157 —-
228 1123 586 1183 ἑρωτῶμενῦμᾶς
603 1125 677 1165 καὶ
706 1125 1135 1181 παρακαλοῦμεν
1163 1125 1217 1168 ἐν
1245 1123 1414 1181 κυρίῳ
1439 1122 1620 1182 Ἰησοῦ

151 1185 229 1239 (--
248 1183 527 1224 cohortamur
557 1195 634 1223 vos
659 1185 710 1222 ut
729 1181 835 1225 Jesu
854 1182 1040 1239 alumni)
1066 1187 1109 1224 et
1126 1196 1167 1227 v.
1189 1188 1265 1224 not
1282 1181 1338 1224 ad
1358 1182 1469 1236 8,1..
1525 1181 1618 1238 Qui

149 1240 260 1281 hanc
280 1238 610 1296 explicationem
628 1238 877 1293 languidam
900 1239 1148 1299 etjejunam
1162 1239 1419 1282 sententiam
1433 1238 1616 1281 fundere

151 1296 429 1354 objecerunt,
470 1310 599 1351 quum
621 1297 881 1352 praesertim
903 1297 997 1352 Ap.
1016 1298 1130 1338 hunc
1149 1296 1181 1338 l.
1212 1297 1268 1338 ab
1286 1296 1616 1339 asseveratione

148 1367 277 1396 orsus
307 1352 710 1405 fuerit*(KoeIln.)‚
747 1367 829 1394 non
855 1354 1129 1407 cogitarunt,
1165 1353 1261 1397 leve
1293 1367 1398 1395 sane
1422 1366 1546 1405 esse,
1574 1353 1614 1395 si

147 1409 217 1454 vir
242 1409 484 1454 Christiani
514 1410 686 1451 nomine
714 1409 919 1465 indignus
949 1424 995 1452 se
1018 1416 1067 1452 ut
1090 1409 1304 1451 hominem
1324 1409 1612 1451 christianum

149 1481 250 1509 vera
270 1467 393 1524 loqui
415 1466 620 1518 affirmet,
651 1465 730 1508 sed
751 1471 839 1508 tam
862 1480 1016 1521 grave,
1048 1471 1095 1508 ut
1117 1480 1170 1508 ne
1188 1467 1293 1519 fingi
1315 1465 1487 1523 quidem
1508 1480 1614 1523 pos-

145 1524 206 1565 sit
235 1526 430 1565 sanctior
459 1521 718 1572 affirmatio,
755 1523 795 1565 si
822 1523 935 1565 idem
964 1524 1031 1565 vir
1059 1523 1201 1575 dicat,
1232 1523 1394 1579 quire,
1423 1535 1509 1564 non
1534 1537 1612 1564 no-

144 1581 259 1622 mine
279 1581 339 1622 sit
358 1579 637 1623 Christianus
656 1593 892 1636 omnesque
915 1594 1016 1621 suas
1033 1586 1078 1620 et
1099 1579 1386 1634 cogitationes
1407 1584 1451 1621 et
1474 1580 1612 1620 actio-

142 1650 222 1679 nes
254 1635 309 1678 ad
348 1636 570 1680 Christum
610 1635 790 1680 reserat.
856 1633 1073 1678 Permulti
1111 1637 1173 1692 (v.
1199 1649 1238 1678 c.
1263 1637 1422 1693 Reny‘„
1469 1634 1612 1692 nsum,

143 1693 388 1735 Noesselms
416 1694 462 1735 in
492 1692 852 1749 interpretatione
879 1706 1060 1748 gramm.
1093 1706 1189 1749 cap.
1211 1692 1254 1736 9.
1286 1707 1355 1749 ep.
1377 1693 1439 1736 D.
1461 1689 1610 1733 Paulli

144 1749 201 1791 ad
225 1749 353 1794 Rom.
377 1753 413 1801 ξ.
432 1751 475 1792 2.
515 1748 682 1806 Opusc.
700 1762 745 1804 p.
767 1749 865 1794 131.
894 1748 1036 1792 Halae
1061 1749 1186 1792 1781.
1215 1749 1286 1799 8.,
1318 1747 1484 1803 Kopp.,
1522 1747 1609 1790 Ro-

141 1820 301 1859 senm„
330 1805 525 1857 Koelln„
553 1805 726 1858 Reich.)
756 1801 973 1858 ἀλήθειαν
999 1805 1134 1860 λέγω,
1173 1802 1217 1846 ἐν
1249 1806 1337 1858 Χρ.
1364 1805 1429 1847 sic
1464 1804 1609 1860 expli-

142 1866 349 1906 cuerunt:
378 1877 520 1906 verum
548 1863 661 1913 dico,
695 1875 793 1915 per
820 1861 1118 1914 Christum,
1156 1860 1256 1917 quia
1278 1860 1435 1904 Judaei
1453 1874 1608 1915 graece

140 1918 384 1961 scribentes
418 1919 472 1960 ad
510 1916 839 1960 similitudinem
877 1917 1106 1959 hebraicae
1141 1917 1415 1973 loquutionis
1451 1929 1477 1968 ξι
1504 1921 1608 1975 3⁹32sz

141 1977 303 2019 Genes.
331 1976 402 2027 21,
419 1976 491 2018 23.
517 1975 588 2027 22,
615 1975 684 2019 16.
722 1973 824 2018 Joh.
854 1974 897 2028 2,
919 1975 989 2019 12.
1017 1973 1209 2016 dixerint
1238 1969 1404 2026 ὀμόσαι
1435 1970 1491 2016 ἕν
1519 1987 1608 2014 τινι

138 2032 291 2077 LXX.
316 2031 344 2075 J
345 2047 408 2077 er.
428 2033 524 2086 5,7.
545 2031 661 2075 Dan.
683 2032 749 2084 12,
760 2032 802 2075 7.
823 2030 1033 2085 Matth.5,
1046 2030 1120 2075 34.
1138 2030 1207 2083 23,
1221 2031 1285 2072 16.
1307 2028 1453 2087 Apoc.
1467 2029 1606 2127 1⁰56]

1549 2098 1572 2126 e

227 2209 297 2243 lam
332 2206 532 2251 inscripsit,
573 2205 782 2251 opinionem
823 2205 932 2239 fuisse
964 2218 1002 2238 ex
1046 2202 1120 2251 ips&
1152 2200 1298 2249 epistola
1338 2202 1432 2238 effici
1466 2204 1603 2250 nequit.

226 2254 318 2288 Nam
351 2265 439 2298 quae
470 2252 507 2284 P.
534 2250 640 2287 Rom.
667 2252 700 2293 3,
721 2253 774 2285 21.
797 2264 850 2296 sq.
874 2252 931 2285 28.
950 2263 1002 2295 sq.
1025 2251 1060 2296 7,
1085 2253 1114 2284 1.
1135 2263 1188 2295 sq.
1214 2250 1360 2294 aliisque
1394 2248 1419 2282 l.
1443 2250 1599 2295 scripsit,

227 2300 271 2334 ad
305 2312 365 2333 eos
399 2296 556 2333 scribere
591 2299 722 2342 potuit,
752 2309 857 2341 ,quos
890 2302 1067 2330 aeternam
1101 2295 1304 2329 felicitatem
1340 2294 1450 2328 elide
1476 2307 1599 2329 nexam

227 2359 301 2380 esse
333 2356 456 2379 secum
489 2343 621 2376 sentire
655 2344 779 2385 sciret,
821 2343 882 2376 sed
908 2355 997 2388 quos
1031 2347 1234 2383 vereretur,
1268 2352 1310 2373 ne
1334 2340 1376 2374 ad
1402 2339 1601 2385 pristinam,

227 2403 332 2436 quarn
356 2388 482 2424 Judaei
506 2388 644 2433 sequuti
671 2395 806 2430 essent,
845 2387 1054 2421 sententiam
1079 2387 1370 2428 revolverentur,
1407 2386 1474 2420 Dei
1502 2384 1598 2420 favo-

223 2450 300 2470 rem
327 2434 504 2470 servanda
529 2435 602 2478 lege
627 2446 718 2467 mos.
745 2433 946 2478 expugnari
1000 2433 1054 2465 De
1079 2432 1119 2465 iis
1145 2437 1281 2476 autern,
1308 2443 1414 2475 quae,
1438 2437 1477 2465 ut
1497 2443 1596 2465 suani

228 2482 438 2516 sententiam
475 2483 651 2520 muniret,
695 2479 737 2512 ad
775 2479 1031 2524 paraeneticam
1069 2477 1235 2523 epistolae
1261 2476 1301 2509 ad
1329 2476 1437 2511 Rom.
1462 2484 1596 2522 partem

225 2540 264 2561 ex
297 2527 364 2560 illis
395 2525 548 2559 homiliis
584 2525 736 2558 Baurus
769 2523 910 2563 citavit,
952 2522 1044 2557 iufra
1075 2523 1116 2557 ad
1143 2522 1250 2558 013.
1276 2528 1308 2555 et
1334 2521 1385 2556 14.
1409 2523 1596 2567 separatim

222 2572 373 2606 dicetur.
420 2571 543 2604 hlinus
576 2571 681 2603 etiam
706 2570 748 2603 ad
775 2570 1024 2603 Ambrosiastri
1058 2567 1298 2601 testimonium
1326 2568 1594 2610 provocandum

224 2624 320 2659 erat,
351 2628 459 2661 quum
487 2617 515 2650 is
541 2616 791 2649 testimonium
816 2616 850 2648 in
877 2613 941 2647 haic
965 2627 1001 2647 re
1022 2614 1138 2647 dicere
1160 2612 1260 2658 plane
1285 2620 1434 2658 nequeat
1451 2619 1485 2646 et
1507 2623 1595 2656 quae

224 2662 365 2706 scripsit
395 2661 571 2704 ejusmodi
602 2661 689 2701 sint,
733 2667 771 2694 ut
805 2656 952 2704 epistolii
982 2659 1023 2692 ad
1058 2658 1241 2692 Romanos
1268 2671 1351 2692 cum
1377 2671 1393 2691 e
1422 2658 1526 2692 istola
1551 2657 1595 2690 ad

224 2706 366 2741 Galatas
397 2705 525 2740 collata
557 2707 598 2740 ab
635 2706 712 2752 ipso
746 2705 930 2749 conjecta,
970 2716 1042 2738 non
1076 2717 1115 2737 ex
1148 2703 1354 2737 auctoribus
1401 2704 1455 2737 ide
1479 2703 1594 2747 dignis

221 2758 338 2788 sumta
364 2764 436 2784 esse
460 2758 637 2796 appareat.
686 2752 852 2785 Ceterum
881 2751 923 2782 V.
945 2748 993 2782 D.
1021 2748 1189 2786 infirmis,
1224 2748 1290 2782 nisi
1324 2748 1450 2792 fallor,
1485 2759 1594 2792 argu-

222 2798 350 2831 mentis
370 2797 462 2830 e.15.
484 2802 517 2829 et
527 2796 582 2830 16.
602 2795 769 2840 epistolae
786 2796 828 2829 ad
851 2795 960 2828 Rom.
978 2807 996 2827 a
1019 2794 1129 2827 Paulo
1149 2793 1366 2836 abjudicavit
1385 2795 1434 2840 (p.
1449 2792 1591 2838 144.sq.

221 2850 255 2876 et
278 2842 333 2877 97.
363 2843 448 2887 sq.),
489 2841 548 2875 sed
575 2843 731 2885 egregrie
756 2841 1030 2874 Olslmusenum
1057 2839 1222 2872 refutavit
1248 2852 1282 2884 p.
1317 2838 1391 2873 163.
1419 2853 1494 2886 sq.‚
1530 2837 1591 2885 qui

220 2888 367 2923 Petrum
391 2893 425 2921 et
448 2885 583 2922 Romae
606 2885 713 2921 fuisse
737 2892 772 2922 et
796 2887 845 2921 ibi
870 2885 1028 2922 occisum
1053 2897 1129 2920 esse
1155 2884 1213 2930 pie
1239 2885 1399 2923 credidit.
