1715 3115
165 211 254 256 254
452 209 835 256 EPISTOLA
864 211 964 256 AD
994 212 1360 258 ROMANOS

167 312 299 372 Quod
321 312 388 354 illi
410 326 515 354 snae
535 326 559 353 o
596 311 756 355 iniouis
778 311 1104 355 fundamentum
1124 328 1224 356 esse
1236 315 1481 369 voluerunt,
1512 329 1640 359 neca-

166 380 258 417 tum
282 383 380 412 esse
400 368 514 426 apud
584 369 766 410 ebracos
787 370 999 411 hominem
1019 368 1223 423 ἀνάθεμα
1242 371 1509 415 declaratum
1531 373 1640 418 Lev.

165 428 321 481 27,28.
344 426 492 477 Josff,
507 427 595 477 25„
627 425 670 467 id
688 426 854 468 nullum
877 434 962 470 est.
1017 427 1125 468 Nam
1137 429 1216 468 τοῦ
1233 423 1639 487 ἀναθέματοςῑιριιᾱ

165 491 336 529 veteres
358 482 586 525 Hebraeos
608 484 674 524 vis
696 483 801 524 haec
813 483 911 536 fuit,
946 488 992 524 ut
1013 484 1222 525 hominem
1241 484 1409 527 divinae
1425 486 1519 528 irae
1541 487 1640 529 snb-

165 543 326 597 §ectum
342 539 595 582 denotaret:
626 544 675 581 ut
688 539 792 582 talis
813 539 939 582 bomo
962 539 1208 595 antiquitus
1226 541 1548 584 interficeretur
1566 557 1640 585 res

165 597 433 657 postulavit,
463 610 595 651 quum
616 595 813 638 homines
836 597 1025 637 numinis
1044 597 1140 638 loco
1160 596 1371 639 ultionem
1389 599 1444 639 ab
1464 598 1639 641 homino

165 660 340 698 sacrato
359 654 539 707 exigere
562 667 687 694 suum
708 653 1048 696 arbitrarentur.
1106 651 1257 708 Quare
1289 653 1504 697 bominem
1533 670 1640 711 qua-

164 726 326 768 cunque
353 711 405 752 de
431 713 563 752 causa
595 710 830 752 necandum
855 705 1061 762 ἀνάθεμα
1087 723 1242 751 vocare
1268 711 1431 752 nemini
1453 712 1495 752 in
1521 726 1640 753 men-

164 776 252 811 tem
298 766 434 809 venit.
498 764 657 822 Neque
688 766 897 808 hominem
937 766 1226 819 piacularem,
1274 766 1305 809 i.
1341 780 1381 810 e.
1411 763 1639 824 κάθαρμα,

164 822 370 876 ἀνάθεμα
390 837 573 878 usquam
601 823 733 866 valet.
793 823 882 877 Qui
910 820 1018 864 ἀπὸ
1057 837 1094 863 τ.
1120 824 1209 877 Xe.
1233 836 1313 879 pro
1342 818 1453 866 ὑπὸ
1484 838 1522 865 τ.
1552 826 1640 879 Χρ-

161 882 354 924 locatum
375 894 473 921 esse
492 880 815 932 existimarunt,
844 894 982 935 neque
998 879 1169 920 firmum
1189 879 1459 936 praesidium
1480 880 1642 923 habent

161 939 262 982 inl.
284 937 427 980 Levit.
448 936 517 987 27,
530 936 602 980 29.
632 941 676 978 et
704 936 948 978 sententiae
976 950 1128 992 parum
1160 937 1492 981 consuluerunt.
1550 936 1642 981 Cur

163 996 280 1038 enim
308 999 356 1035 ut
385 1008 412 1035 a
432 992 594 1035 Christo
620 997 696 1035 aut
717 993 847 1034 morti
870 992 1172 1045 addiceretur,
1209 998 1309 1045 aut,
1341 1000 1388 1035 ut
1407 993 1642 1050 piaculum,

164 1050 384 1110 supplicio
416 1049 713 1091 destinaretur
741 1047 794 1094 P.
827 1047 1032 1107 optaret?
1081 1048 1253 1104 Quodsi
1293 1045 1497 1102 ἀνάθεμα
1527 1044 1641 1092 εἶναι

163 1107 279 1151 ἀπὸ
320 1123 357 1149 τ.
385 1107 473 1158 Χρ.
509 1107 681 1148 concise
715 1105 878 1148 dictum
913 1107 1136 1162 putaveris
1165 1121 1245 1163 pro
1287 1102 1493 1159 ἀνάθεμα
1528 1100 1641 1148 εἶναι

162 1164 320 1223 (morti
357 1162 522 1215 addici)
557 1164 631 1205 καὶ
666 1160 942 1218 χωρίζεσθαι
980 1160 1071 1204 ἀπὸ
1105 1177 1144 1205 τ.
1181 1165 1272 1219 Χρ.
1307 1164 1376 1216 (et
1406 1176 1429 1204 a
1459 1162 1639 1206 Christo

162 1222 335 1275 avelli),
367 1224 564 1271 mortem,
596 1233 724 1275 quam
738 1219 837 1276 pius
850 1218 1131 1262 Christianus
1145 1233 1224 1276 pro
1236 1218 1387 1261 amicis
1400 1219 1641 1270 occumbat,

163 1294 216 1323 eo
250 1279 398 1320 valere
424 1274 609 1328 debere,
647 1280 696 1317 ut
723 1277 781 1318 ad
800 1275 1013 1318 Christum
1043 1276 1207 1329 veniat,
1235 1279 1354 1319 recte
1371 1290 1467 1318 cum
1489 1275 1640 1329 chrys.

163 1335 388 1394 objicitur.
447 1331 686 1375 ,Postremo
726 1332 898 1374 Elsnerz·
935 1337 978 1373 et
1015 1332 1267 1387 Carpzovz'i,
1312 1346 1408 1374 cum
1445 1327 1640 1388 ηὐχόμην

162 1391 256 1435 ἀπὸ
288 1406 327 1433 τ.
356 1391 443 1443 Χρ.
470 1387 732 1446 jungerent,
769 1389 823 1430 ad
858 1388 1146 1431 Latinismnm
1186 1388 1438 1444 provocatio
1475 1388 1641 1443 (Grae-

163 1450 205 1492 ci
232 1447 346 1493 enim
379 1451 556 1486 struunt
596 1440 809 1496 εὕχεσθαί
844 1459 932 1486 τινι
970 1446 1077 1487 Act.
1095 1445 1165 1496 26,
1195 1446 1267 1488 29.
1307 1449 1352 1486 et
1391 1441 1508 1499 πρὸς
1540 1457 1640 1484 τινα

162 1506 193 1547 2
216 1505 319 1547 Cor.
344 1502 409 1555 13,
420 1503 486 1555 7.)
514 1502 580 1542 vel
605 1506 786 1558 propter
808 1501 1038 1543 verborum
1069 1500 1265 1543 ordinem
1300 1514 1409 1543 vana
1434 1505 1526 1552 est,
1562 1499 1639 1555 qui

163 1561 364 1614 flagitat,
414 1563 460 1599 nt
507 1554 597 1599 ἀπὸ
632 1573 665 1598 τ.
704 1559 793 1613 Χρ.
837 1571 932 1598 cnm
971 1553 1175 1609 ἀνάθεμα
1219 1551 1332 1599 εἶναι
1367 1556 1639 1613 copulemus.

162 1615 339 1662 Deinde
360 1614 571 1665 Drusius,
607 1613 751 1664 Thai„
780 1612 938 1656 Rueck.
960 1613 1044 1664 al„
1089 1619 1136 1654 ut
1156 1613 1401 1654 sententiae
1418 1612 1639 1669 asperitas

163 1675 470 1727 mitigaretur,
509 1666 715 1721 &dogna
744 1668 951 1710 hominem
986 1668 1095 1720 dici,
1139 1669 1211 1724 qui
1237 1683 1315 1723 per
1353 1678 1485 1721 *ει-πη,
1525 1682 1636 1724 quae

161 1731 216 1774 de
237 1731 451 1773 Gemarae
473 1732 516 1767 et
538 1725 839 1768 Rabbinorum
864 1725 1082 1766 sententia
1112 1726 1290 1779 gravior
1315 1720 1477 1767 suit'ab
1497 1726 1636 1766 eccle-

163 1788 230 1831 sia
263 1785 361 1844 jud.
401 1783 618 1834 exclusio,
672 1796 802 1837 quum
845 1782 989 1822 lenior
1029 1788 1149 1823 esset
1185 1794 1270 1837 ww?
1302 1787 1345 1823 et
1377 1781 1637 1835 gravissima

162 1842 417 1887 auctoribus
438 1838 756 1881 recentioribus
780 1837 996 1879 Rabbinis
1029 1842 1176 1896 &227ng
1214 1852 1272 1880 ea·
1290 1838 1469 1880 ecclesis?
1491 1837 1638 1881 christ.

161 1900 367 1956 expulsus
395 1898 454 1938 sit
481 1894 812 1938 contenderunt.
872 1894 958 1936 Sed
985 1895 1126 1951 primo
1148 1893 1322 1951 quidem
1347 1895 1458 1935 nihil
1475 1894 1637 1936 lucrati

163 1963 283 2000 sunt.
350 1953 446 1996 Hoc
487 1951 602 1994 enim
637 1951 685 1996 P.
725 1950 913 1994 diceret:
951 1956 1146 2008 optarem
1178 1964 1246 1992 me
1276 1950 1417 2006 ipsum
1445 1964 1525 2007 per
1552 1960 1637 2003 2:¹71!

162 2028 188 2056 a
212 2017 338 2058 coetu
367 2010 522 2053 christ.
542 2007 717 2050 excludi
749 2012 791 2049 et
818 2023 844 2049 a
864 2007 1026 2050 Christo
1045 2007 1188 2051 avelli.
1245 2007 1365 2050 Fieri
1384 2014 1526 2048 autem
1548 2002 1634 2047 non

196 2069 332 2120 otuit,
363 2067 466 2124 quin
488 2081 510 2107 e
530 2064 880 2109 Christianorum
904 2071 1026 2106 coetu
1048 2064 1256 2120 expulsus
1276 2063 1490 2115 omnium,
1523 2075 1636 2118 quae

161 2086 433 2181 ghristuspe
469 2122 644 2173 erisset,
674 2126 1026 2162 ornamentorum
1042 2120 1260 2177 jacturam
1282 2120 1461 2162 faceret.
1499 2116 1637 2161 Prae-

161 2189 284 2226 terea
310 2180 401 2238 jam
438 2138 546 2224 §esu
578 2177 989 2234 Apostolorumque
1027 2176 1299 2234 temporibus
1336 2175 1458 2217 exilii
1497 2175 1636 2218 eccle-

162 2239 334 2284 siastici
361 2251 439 2294 per
467 2248 549 2287 ἠήρ
581 2241 624 2276 et
654 2244 741 2291 ²¹3²]
767 2234 1002 2275 discrimen
1033 2233 1149 2290 apud
1166 2231 1357 2277 Iudaeos
1387 2232 1634 2274 obtinuisse

162 2295 337 2340 ostendi
355 2292 507 2349 nequit
526 2295 587 2347 (v.
615 2291 769 2333 Wineri
789 2292 940 2335 Sicano.
965 2288 1154 2343 1,158.),
1190 2290 1328 2331 multo
1356 2289 1523 2341 minus,
1552 2290 1633 2330 hoc

163 2352 399 2395 discrimen
429 2364 452 2390 a
482 2347 747 2392 Christianis
767 2352 986 2404 receptum
1016 2361 1131 2390 esse.
1188 2344 1420 2388 Postremo
1437 2344 1632 2389 Iudaeos

158 2423 312 2466 yraeee
339 2409 548 2463 loquutos
577 2409 666 2446 tum
698 2401 963 2447 Iudaeorum
994 2404 1170 2446 exilium
1189 2403 1370 2455 eccles„
1409 2400 1525 2457 quod
1544 2411 1631 2454 εζητ-ι

162 2465 388 2517 dicebant,
419 2458 678 2514 ἀνάθεμα
704 2473 904 2513 vocasse,
944 2466 1035 2502 tum
1057 2462 1136 2502 hoc
1154 2474 1247 2504 voc.
1268 2459 1398 2501 etiam
1420 2450 1630 2500 hominen}

161 2536 240 2578 per
267 2532 352 2578 013³]
386 2521 440 2563 ab
472 2519 650 2562 ecclesia
670 2517 894 2559 exclusum
911 2530 1184 2573 nuncupasse
1206 2513 1402 2573 precario
1425 2514 1492 2555 illi
1512 2528 1629 2555 sum-

162 2585 332 2622 serunt.
391 2576 506 2619 Nam
535 2575 636 2618 Esr.
668 2575 735 2626 10,
747 2573 817 2624 8.,
857 2573 931 2615 ubi
954 2573 1142 2615 hominis
1169 2587 1221 2614 ex
1243 2568 1428 2613 ecclesia
1454 2569 1627 2626 expulsi

159 2635 250 2678 div.
271 2635 362 2675 irae
376 2633 547 2674 sacrari
564 2631 775 2690 jubentur
796 2629 930 2683 bona,
960 2626 1367 2682 α’ναθεματίζεσθαι
1387 2626 1472 2668 vim
1499 2625 1630 2667 babet

162 2693 208 2735 in
246 2691 305 2734 V.
335 2690 394 2732 T.
423 2690 653 2740 usitatam,
701 2687 745 2728 in
778 2685 838 2730 N.
870 2690 1013 2728 autem
1043 2684 1125 2736 T.‚
1171 2683 1242 2725 ubi
1275 2683 1334 2725 τὸ
1371 2677 1627 2734 ἀνάθεμα

160 2760 376 2806 nunquam
393 2758 475 2788 non
493 2748 545 2786 ec)
562 2747 772 2798 potestate
791 2742 943 2796 pollet,
973 2755 1056 2798 qua
1076 2750 1162 2802 2:33
1181 2739 1225 2781 in
1252 2738 1303 2781 V.
1328 2738 1379 2783 T.
1393 2769 1406 2791 ‚
1442 2738 1626 2793 aliquem

160 2822 189 2849 α
221 2813 340 2848 coetu
365 2816 402 2845 s.
426 2800 650 2842 excludere
677 2799 741 2841 sic
769 2797 972 2840 effertur:
1001 2792 1230 2850 ἀφορίζειν
1253 2809 1350 2836 τινα
1373 2794 1480 2836 Luc.
1497 2795 1540 2846 6,
1551 2793 1624 2837 22.

161 2866 206 2906 et
223 2852 564 2914 ἀποσυνάγωγόν
589 2869 686 2898 τινα
705 2857 852 2898 ποιεῖν
874 2852 976 2899 Job.
998 2854 1065 2906 16,
1075 2853 1136 2898 2..
1192 2849 1395 2907 Denique
1416 2850 1503 2893 alia
1522 2863 1624 2892 con-
