1715 3115
513 143 673 190 CAP.
704 144 765 190 X.
796 144 888 190 Vs.
916 146 961 191 6.
990 169 1043 177 —-
1073 144 1134 190 8..
1474 143 1560 188 393

97 254 296 299 tolerunt
313 250 530 304 dolentis,
558 250 675 307 quod
694 266 817 294 nomo
840 265 988 294 orcum
1016 250 1139 292 adire
1200 249 1334 303 ossit,
1364 253 1413 292 ut
1431 248 1562 294 Chri-

99 317 214 354 stum
239 307 388 364 procul
402 307 526 350 dubio
548 311 781 351 etiamnum
799 309 858 351 ibi
875 313 1112 351 versantem
1132 322 1155 348 a
1205 321 1391 365 superos
1415 306 1563 359 ducat,

96 367 167 410 vel
185 365 541 408 exclamationem
562 365 780 422 optantis,
809 369 858 406 ut
888 364 1053 421 aliquis
1083 364 1161 406 illo
1189 364 1376 406 consilio
1404 362 1563 406 ductus

97 423 143 466 in
162 436 309 466 orcum
330 435 377 463 se
405 421 623 474 conserat,
653 428 818 463 certum
845 421 1015 465 Christi
1046 421 1088 462 in
1120 421 1249 462 vitam
1282 434 1366 462 non
1394 420 1565 462 reversi

97 479 385 522 domicilium.
445 477 705 532 carpzovius
725 477 1064 536 interpretibus,
1095 492 1205 533 quos
1225 491 1337 518 nunc
1357 477 1564 520 refellere

97 536 242 579 eonati
266 549 441 586 sumus,
471 534 530 576 ita
554 535 762 588 accessit,
792 539 841 576 ut
862 535 1012 576 multis
1042 547 1248 576 assensus
1276 533 1565 590 explicatori-

99 593 181 635 bus
201 592 349 634 verbis
369 606 410 635 v.
431 592 474 634 6.
495 588 609 633 τοῦτ’
630 590 725 633 ἔστι
747 590 946 647 Χριστὸν
976 594 1231 646 καταγαγεῖν
1255 596 1300 632 et
1325 589 1444 632 τοῦτ’
1467 588 1565 632 ἔστι

98 648 299 705 Χριστὸν
334 646 381 690 ἐκ
417 648 579 701 νεκρῶν
619 645 845 705 ἀναγαγεῖν
882 647 1106 689 interdicti
1140 646 1209 702 μὴ
1247 643 1409 704 εἴπῃς
1439 644 1484 689 ἐν
1511 647 1566 705 τῇ

99 703 263 763 καρδίᾳ
283 717 365 746 σου
381 703 451 753 τίς
473 703 741 759 ἀναβήσεται
772 702 838 754 εἰς
860 702 938 746 τὸν
969 701 1181 758 οὐρανόνς
1217 697 1246 758 ἢ
1269 701 1338 753 τίς
1367 705 1565 759 καταβή-

100 777 226 804 σεται
248 759 313 810 εἰς
331 760 409 815 τὴν
429 756 645 813 ὅβυσσυνς
674 776 847 804 causam
870 763 1137 803 enuntiatam
1162 774 1261 803 esse
1290 760 1567 802 existimaret

100 819 151 860 h.
178 832 240 861 r.:
261 842 315 847 -
352 817 439 859 noli
469 822 606 859 tecum
634 823 860 873 reputare:
901 832 1024 859 nemo
1053 818 1232 858 scandet
1258 817 1424 858 coelum
1458 818 1567 874 qnod

100 879 163 917 ost
196 873 407 916 Christum
445 874 541 914 inde
575 873 618 915 in
653 879 814 916 terram
846 875 1048 916 devocare
1073 875 1126 930 (i.
1158 888 1199 930 q.
1229 873 1418 916 hominis
1449 874 1565 930 quod

101 931 291 983 coelum,
321 936 368 971 ut
394 929 599 971 Christus
627 929 727 971 inde
757 931 799 970 in
829 932 976 972 orbem
1004 939 1221 972 terrarum
1250 930 1511 985 deducatur,
1540 945 1566 972 a

101 989 275 1030 nemine
298 986 447 1028 scandi
467 987 634 1043 possit,
663 987 918 1029 lamentatio
947 1003 1031 1029 nou
1063 988 1213 1030 differt
1241 1002 1265 1029 a
1292 987 1587 1030 dubitatione*

101 1045 156 1087 de
179 1043 347 1087 Christi
375 1042 427 1084 de
458 1043 580 1084 coelo
607 1042 818 1085 descensu
848 1048 893 1085 et
919 1044 1108 1086 adventu
1137 1044 1191 1086 ad
1220 1044 1438 1096 homines)
1466 1050 1568 1089 aut:

102 1115 228 1144 nemo
251 1098 482 1142 descendet
505 1100 547 1140 in
578 1112 747 1153 orcum,
785 1101 892 1156 qnod
917 1105 980 1142 est
1004 1101 1215 1144 Christum
1243 1115 1302 1143 ex
1329 1100 1485 1158 inferis
1510 1102 1569 1145 ad

100 1171 275 1213 mperes
295 1157 447 1199 ducere
477 1155 529 1209 (i.
549 1169 593 1212 q.
614 1156 827 1209 hominis,
858 1157 974 1214 quod
998 1172 1119 1199 nemo
1137 1158 1180 1200 in
1211 1171 1357 1200 orcum
1387 1157 1568 1200 descen-

100 1215 205 1256 dere
225 1219 379 1269 queat‚
411 1219 458 1254 ut
478 1211 728 1266 Christum,
758 1214 860 1270 quia
883 1215 926 1254 in
948 1214 1081 1257 vitam
1101 1229 1185 1256 non
1214 1214 1422 1267 redierit,
1452 1214 1569 1258 haud

101 1271 281 1313 dubium
311 1270 403 1311 orci
433 1270 644 1324 incolam,
681 1271 736 1312 ad
765 1284 950 1327 superos
981 1271 1135 1325 ducat,
1177 1271 1305 1314 dolor
1329 1271 1570 1315 dubitatio-

102 1340 199 1369 nem
228 1326 282 1368 de
311 1326 480 1369 Christi
510 1326 654 1368 reditu
683 1328 727 1369 in
758 1328 891 1369 vitam
921 1328 1075 1372 refert.
1146 1327 1305 1385 Itaque
1334 1342 1474 1385 neque
1501 1327 1571 1378 τίς

102 1382 372 1440 ἀναβήσεται
393 1380 457 1431 εἰς
476 1381 552 1425 τὸν
572 1382 783 1439 οὗρανόνς
815 1398 953 1440 neque
973 1383 1041 1433 τίς
1069 1383 1366 1440 καταβήσεται
1395 1383 1459 1434 εἰς
1488 1383 1568 1441 τὴν

103 1440 323 1492 ἇβυσσονς
350 1445 491 1481 tecum
510 1440 678 1495 cogita,
709 1455 838 1496 quum
859 1455 999 1497 neque
1019 1441 1097 1498 τῂν
1119 1438 1458 1498 ἐνανθρώπησιν
1486 1441 1569 1484 τοῦ

102 1499 305 1552 Χριστοῦ
329 1509 467 1553 neque
486 1495 581 1555 ejus
607 1498 647 1537 in
671 1497 802 1537 vitam
824 1497 1011 1538 reditum
1032 1504 1149 1539 recte
1169 1497 1438 1553 addubites).
1480 1498 1576 1554 Qui

104 1567 249 1596 secum
273 1552 461 1607 cogitat:
485 1553 556 1603 τίς
574 1550 842 1609 ἀναβήσεται
867 1550 930 1602 εἷς
945 1552 1021 1595 τὸν
1041 1551 1249 1607 οὗρανόνς
1280 1559 1325 1596 et
1342 1552 1410 1604 τίς
1428 1570 1568 1596 κατα-

103 1607 290 1665 βήσεται
311 1608 375 1659 εὶς
393 1609 471 1665 τὴν
493 1609 708 1663 emmanu
739 1612 776 1652 is
798 1616 873 1652 aut
895 1611 1015 1652 dolet
1037 1611 1151 1666 quod
1173 1625 1295 1652 nemo
1324 1613 1492 1652 coelum
1524 1618 1570 1653 et

103 1681 253 1708 orcum
272 1666 396 1708 adire
417 1668 582 1723 possit,
611 1673 688 1708 aut.
705 1672 850 1724 optat,
881 1673 930 1710 ut
952 1667 1115 1723 aliquis
1135 1669 1176 1708 in
1196 1667 1274 1708 illa
1302 1668 1397 1710 loca
1426 1671 1570 1722 abeat,

105 1723 281 1765 minime
295 1723 462 1766 Christi
480 1723 532 1765 de
551 1724 673 1766 coelo
695 1725 737 1765 iu
762 1724 912 1766 orbem
933 1732 1151 1766 terrarum
1171 1723 1430 1766 descensum
1451 1725 1569 1784 ejus-

107 1792 192 1835 que
214 1779 257 1819 iu
279 1780 410 1820 vitam
444 1781 631 1822 reditum
662 1779 909 1823 addubitat.
977 1779 1163 1822 Possum
1195 1781 1308 1822 enim
1338 1781 1487 1823 multis
1515 1782 1570 1824 de

107 1835 253 1876 causis
273 1841 316 1876 ct
335 1835 503 1888 dolere,
536 1836 651 1892 quod
675 1851 797 1879 nemo
817 1836 1019 1879 sublimis
1036 1837 1080 1878 in
1104 1837 1271 1878 coelum
1296 1837 1419 1879 abire
1447 1845 1491 1880 et
1523 1838 1570 1881 iu

108 1906 256 1933 orcum
278 1906 325 1931 se
347 1893 544 1932 conferre
565 1894 730 1948 possit,
765 1900 809 1934 et
836 1898 1016 1949 optare,
1057 1900 1103 1934 ut
1130 1894 1294 1949 aliquis
1327 1895 1569 1949 exoriatur,

108 1949 184 2004 qui
205 1949 371 1989 coelum
393 1954 438 1989 et
458 1949 625 1990 inferna
648 1948 790 1998 adeat,
815 1963 856 1991 v.
877 1963 915 1992 c.
935 1950 1191 1990 curiositate
1210 1951 1366 1992 duetus
1388 1956 1437 1993 ut
1459 1966 1570 2007 quae

108 2006 170 2047 ibi
192 2011 378 2058 agantur
396 2004 658 2061 comperiam
673 2037 685 2057 ,
716 2019 798 2045 nou
819 2006 959 2046 solum
979 2012 1235 2062 propterea,
1265 2012 1328 2058 ut,
1359 2009 1475 2063 quod
1494 2007 1573 2065 τὴν

108 2059 447 2117 ἐνανθρώπησιν
465 2061 544 2102 τοῦ
565 2060 767 2117 Χριστοῦ
785 2061 966 2118 ejusque
987 2063 1031 2103 in
1054 2062 1184 2103 vitam
1214 2063 1401 2105 reditum
1433 2065 1572 2108 addu-

109 2118 270 2169 bitem,
308 2124 453 2160 utrum
487 2116 693 2160 Christus
721 2110 889 2160 coelum
919 2125 963 2160 et
990 2119 1158 2160 inferna
1190 2120 1465 2176 relliquerit‚
1515 2136 1569 2164 an

110 2175 344 2216 etiamnum
376 2174 437 2215 ibi
464 2182 687 2227 versetur,
728 2189 1000 2228 cognoscam.
1059 2175 1209 2229 Quare
1237 2177 1323 2219 ista
1353 2178 1572 2220 dubitatio

108 2236 200 2272 tam
223 2231 427 2288 perplexe
449 2231 674 2272 enuntiata
697 2239 838 2282 esset,
867 2238 917 2272 ut
937 2246 960 2271 a
985 2234 1154 2273 nemine
1177 2234 1305 2275 facile
1328 2233 1572 2291 deprehen-

111 2288 306 2331 deretur.
367 2286 588 2329 l’otuisset
619 2297 761 2328 autem
787 2286 835 2331 P.
866 2288 997 2330 istius
1028 2290 1270 2330 sententiae
1299 2291 1571 2334 intellectum

109 2343 318 2403 adjuvare
339 2344 418 2386 haic
440 2345 800 2399 interpretatione
826 2344 999 2388 addita:
1038 2346 1112 2386 hoc
1137 2351 1199 2387 est
1220 2346 1431 2389 Christum
1458 2363 1569 2390 ηυη-

87 2400 212 2457 ¹dum
239 2402 296 2444 ad
319 2401 506 2443 homines
531 2401 704 2442 massam
734 2415 824 2443 esse
855 2400 1105 2457 affirmare:
1136 2426 1190 2432 —-
1217 2401 1259 2446 h.
1286 2417 1325 2447 e.
1354 2403 1571 2447 Christum

113 2457 347 2500 etiamnum
384 2457 428 2499 in
465 2470 560 2499 orco
597 2459 760 2500 versari
785 2458 1050 2500 contendere.
1119 2457 1233 2500 Ven.
1264 2458 1468 2502 Reicho'us
1494 2475 1571 2502 au«

114 2521 202 2554 tem
229 2514 290 2555 ita
317 2528 411 2556 cum
439 2514 558 2565 illis,
600 2527 709 2570 quos
741 2514 1112 2571 impugnavimus,
1159 2515 1477 2584 interpretibus
1508 2511 1573 2558 [αὲ-

114 2569 200 2620 cit,
246 2577 294 2612 ut
326 2570 550 2613 vocabulis
589 2584 630 2612 v.
661 2572 704 2613 6.
742 2569 810 2619 τίς
845 2570 1114 2625 ἀναβήσεται
1147 2569 1210 2620 εἰς
1246 2587 1321 2613 τον
1359 2572 1571 2629 οὐρανόνς

113 2623 231 2667 τοῦτ’
247 2625 341 2669 ἔστι
364 2627 559 2682 Χριστὸν
589 2629 844 2681 καταγαγεῖν
872 2633 1042 2682 tempus
1069 2626 1155 2667 dici
1184 2633 1329 2683 putet,
1369 2644 1451 2671 non
1484 2644 1570 2685 quo

115 2681 320 2725 Christus
339 2682 527 2725 nondum
549 2683 762 2725 coelestes
786 2682 913 2725 sedes
941 2684 1192 2739 relliquerit
1217 2690 1262 2726 et
1290 2685 1344 2726 ad
1375 2685 1571 2728 homiues

116 2739 284 2780 venerit
310 2740 405 2792 8,3.
437 2739 539 2782 Gal.
569 2739 690 2792 4,4.,
729 2739 806 2780 sed
836 2753 921 2796 quo
952 2741 1141 2782 coeleste
1167 2740 1433 2783 domicilium
1474 2756 1571 2798 per-

115 2794 245 2838 fectis
262 2795 306 2838 in
328 2802 545 2840 terrarum
574 2795 678 2839 orbe
699 2795 788 2839 Dei
817 2796 1032 2840 mandatis
1058 2798 1287 2855 repetierit
1306 2799 1349 2853 8,
1359 2799 1432 2845 34.
1451 2798 1571 2845 Phil.
