1715 3115
410 178 570 227 CAP.
600 177 731 225 Vll.
773 179 863 222 Vs.
898 180 973 224 11.
1004 183 1058 222 et
1089 178 1186 223 12..
1475 173 1534 215 41

70 287 406 345 restinguendae
428 287 704 354 promulgata
728 290 869 337 esset,
908 286 1046 328 malas
1074 282 1340 343 cupiditates
1359 280 1539 325 accendi

72 350 305 397 sivissent,
342 347 440 389 fieri
471 359 554 386 non
581 343 751 400 potuit,
791 344 894 399 quin
917 343 1097 395 mortis,
1128 355 1238 398 quae
1262 346 1537 397 peccatorum

72 420 210 464 poena
236 409 331 455 est,
361 402 428 443 vis
449 406 690 456 anyer—etur.
751 399 918 457 Nempe
939 404 1185 466 comparate
1205 398 1248 442 h.
1268 399 1301 442 1.
1317 395 1373 444 Ρ.
1393 398 1540 455 loqui-

73 469 148 506 tur
161 494 173 513 ⁹
190 458 590 559 &offodffpffisute
601 458 1086 556 ledltre'rdigldqxidrizzsstzin
1107 511 1214 554 mihi
1235 511 1457 574 creavit-v.
1472 510 1543 556 10.

76 574 195 618 Nam
216 577 300 617 etc.
327 587 369 616 v.
397 573 482 615 11..
540 569 689 612 Verba
714 569 788 612 διὰ
808 572 885 626 τῆς
917 569 1094 628 ἐντολῆς
1116 584 1210 613 cum
1232 584 1350 614 vocc.
1370 565 1545 624 ἐξηπά-

77 630 185 687 τησέ
212 645 292 682 με,
341 643 426 671 non
457 642 552 672 cum
581 641 622 671 v,
654 623 863 683 ἀφορμὴν
894 627 1094 679 λαβοῦσα
1125 624 1413 670 consocianda
1444 628 1547 666 sunt

79 691 142 742 (v.
156 692 246 730 not.
263 684 317 727 ad
337 686 472 735 v.8.).
529 683 797 726 Daemonem
817 685 1008 740 peccatis
1027 685 1264 743 propitium
1285 676 1549 740 (τὴνἍμαρ-

80 741 180 784 τίαν
210 757 249 786 v.
281 742 334 783 ad
363 757 402 786 v.
425 742 492 796 8.)
515 741 841 784 fraudulentum
872 740 1082 798 quendam
1115 741 1440 789 insidiatorem,
1473 737 1550 795 qui

81 800 284 843 fallacias
312 800 356 840 in
388 813 464 841 eos
492 798 764 850 intenderet,
805 813 915 856 quos
947 798 1286 854 corrumpendos
1317 797 1403 840 sibi
1433 810 1552 837 sum-

84 857 223 899 sisset
250 856 384 911 (Gen.
402 857 445 908 4,
463 857 527 910 7.)
558 857 653 912 Ap.
682 856 725 899 h.
745 857 775 898 1.
803 857 948 898 finxit.
1008 857 1070 897 Ea
1099 872 1170 899 res
1200 856 1327 907 fecit,
1357 857 1406 896 ut
1427 853 1553 894 illius

85 913 264 957 fraudes
294 912 568 955 indicaturus
591 909 841 969 ἐξηπάτησέ
862 929 916 964 με
938 914 1174 958 scriberet:
1211 914 1351 954 locum
1381 910 1493 954 Gen.
1511 909 1555 960 3,

90 972 163 1015 13.
192 973 254 1025 (V.
272 970 300 1011 2
321 969 423 1013 Cor.
447 971 514 1020 ll,
535 970 598 1023 3.)
629 970 670 1011 ei
695 969 971 1011 obversatum
993 985 1091 1012 esse
1120 971 1213 1012 sine
1244 969 1397 1011 idonea
1420 965 1556 1008 causa

90 1042 186 1069 cum
206 1027 364 1078 SemL,
396 1027 554 1071 Rueck.
582 1026 641 1070 al.
670 1026 895 1069 existimes
925 1030 986 1081 (v.
1016 1027 1199 1082 Reich.).
1233 1026 1307 1068 διὰ
1333 1025 1412 1080 τῆς
1428 1020 1555 1078 Έντ]

90 1099 168 1140 per
195 1084 467 1126 interdictum
491 1083 520 1127 i.
539 1097 580 1127 e.
608 1097 685 1136 eo,
725 1083 840 1140 quod
870 1084 947 1126 ille
977 1084 1175 1126 Daemon
1208 1082 1261 1124 ad
1294 1079 1558 1139 peccandum

93 1155 162 1183 me
192 1139 429 1182 adacturus
460 1140 657 1196 impuras
684 1140 950 1197 cupiditates
979 1156 1057 1199 per
1083 1155 1175 1182 eam
1205 1153 1434 1197 personam
1464 1135 1562 1191 (τὴν

87 1193 310 1252 Ἐντολήν)
331 1198 375 1239 in
394 1211 459 1238 me
480 1197 779 1250 inflammavit,
810 1213 920 1254 quae
941 1206 989 1240 ut
1010 1199 1112 1240 illae
1128 1197 1390 1239 sedarentur
1403 1194 1564 1235 divini-

94 1263 169 1296 tus
188 1254 318 1296 missa
340 1259 534 1298 venerat.
592 1255 664 1296 καὶ
686 1251 740 1296 δι’
763 1252 897 1309 αὐτῆς
919 1252 1091 1310 ‹inc-'xvj
1123 1259 1167 1296 et
1188 1269 1268 1310 per
1286 1252 1563 1296 interdictum

95 1313 250 1368 (quum
272 1325 430 1368 pravas
452 1310 714 1368 cupiditates
734 1325 815 1368 per
844 1312 887 1353 id
914 1312 1175 1353 inflammari
1200 1325 1358 1368 passus
1388 1321 1566 1366 peccas·

97 1371 212 1420 sem)
233 1373 370 1410 morte
388 1369 618 1425 (physica,
649 1369 733 1424 qua
762 1369 898 1425 poena
922 1368 1044 1410 Deus
1065 1374 1241 1426 peccata
1261 1366 1472 1418 vindicat)
1499 1378 1566 1405 me

99 1424 262 1482 affecit.
323 1423 426 1467 Non
446 1431 513 1467 est
533 1422 778 1466 ἀποκτείνω
799 1426 842 1468 h.
855 1426 885 1468 l.
906 1426 1106 1468 miserum
1123 1427 1298 1468 reddere
1318 1427 1379 1480 (V.
1394 1421 1567 1466 Achill.

102 1482 210 1524 Tat.
228 1481 270 1534 3,
294 1482 361 1525 lo.
382 1486 426 1523 et
445 1481 620 1526 Jacobs.
642 1481 697 1522 ad
721 1483 813 1534 l‚7.
836 1480 1008 1534 11‚43.3.
1038 1484 1094 1526 cl.
1116 1487 1207 1526 not.
1226 1482 1279 1523 ad
1300 1496 1341 1525 v.
1361 1481 1443 1536 9..)
1459 1478 1570 1520 'De-

102 1545 245 1580 tracto
268 1540 414 1580 colore
440 1539 612 1596 poiStico
643 1539 863 1580 sententia
891 1539 997 1580 haec
1022 1545 1114 1582 est:
1157 1539 1280 1581 auxit
1301 1538 1386 1581 vim
1415 1535 1572 1578 mortis

103 1595 194 1638 Dei
214 1600 516 1652 praeceptum:
546 1595 638 1636 noli
658 1595 962 1652 concupiscere
984 1599 1046 1650 (V.
1061 1597 1168 1650 10.).
1225 1595 1339 1638 Nam
1362 1594 1474 1636 mala
1493 1591 1574 1636 Ju-

105 1651 311 1692 daeorum
337 1653 538 1693 voluntas
570 1657 613 1693 et
641 1665 751 1707 quae
783 1652 827 1693 in
848 1651 904 1693 iis
930 1652 1014 1694 fuit
1046 1652 1331 1695 irreverentia
1351 1650 1467 1705 legis
1495 1660 1575 1706 per

105 1707 218 1750 illud
242 1707 466 1750 libidinem
489 1708 684 1765 peperit,
713 1712 804 1750 tum
832 1707 971 1750 libido
994 1714 1169 1766 peccata
1190 1709 1367 1765 genuit,
1396 1711 1576 1765 peccata

105 1768 287 1807 mortem
305 1771 526 1808 crearunt.

225 1820 283 1863 V.
305 1822 374 1866 12.
433 1821 530 1866 Jam
554 1819 797 1878 disputatio
817 1835 856 1866 v.
872 1823 1045 1867 7—11.
1069 1822 1360 1867 concluditur.
1417 1819 1577 1879 Itaque

113 1876 189 1918 Iex
215 1877 379 1931 quidem
406 1892 509 1920 mos.
539 1883 689 1920 sancta
717 1879 770 1933 (i.
800 1892 840 1922 e.
871 1878 1080 1922 innocens
1110 1885 1154 1922 et
1182 1895 1309 1937 quam
1332 1881 1579 1925 rectissime

114 1933 383 1984 reverearis,
414 1948 496 1975 non
527 1934 697 1991 impura
723 1938 799 1976 aut
828 1937 1071 1990 peccatrix,
1110 1934 1186 1988 οὔχ
1210 1932 1404 1992 ἁμαρτία
1425 1951 1464 1981 v.
1488 1944 1581 1984 not.

116 1989 172 2029 ad
196 2003 235 2033 v.
257 1990 320 2040 7.)
348 1995 432 2032 est.
492 1988 666 2058 Quippe
695 1992 827 2033 invita
849 1992 1097 2034 hominibus
1124 1994 1332 2049 peccandi
1354 1995 1582 2038 materiam

117 2046 338 2102 praebuit.
398 2045 539 2087 Deest
572 2048 644 2098 δε,
685 2049 800 2103 quod
824 2048 915 2088 voci
942 2048 1022 2100 μέν
1050 2049 1314 2106 respondeat
1347 2049 1484 2104 (Win.
1513 2068 1583 2107 gr.

116 2103 257 2155 500.).
318 2101 488 2159 Nempe
510 2101 558 2145 P.
578 2117 679 2144 voce
706 2099 855 2158 ἀγαθή
875 2103 928 2144 ad
957 2105 1258 2147 infirmandam
1281 2106 1587 2165 objectionem,

119 2173 235 2216 qnae
262 2174 314 2201 ex
337 2160 414 2201 illa
440 2159 602 2201 moveri
625 2167 798 2216 posset,
827 2160 1037 2217 abreptus
1058 2176 1097 2205 v.
1121 2162 1190 2205 13.
1206 2194 1217 2213 ,
1247 2164 1432 2206 alterum
1455 2180 1586 2208 mem-

120 2217 273 2268 brum,
302 2215 427 2274 cujus
455 2230 575 2274 spem
598 2231 698 2257 voce
729 2213 810 2271 γάρ
842 2217 1028 2269 fecerat,
1069 2233 1253 2275 prorsus
1281 2235 1364 2261 non
1398 2221 1586 2269 addidit.

120 2272 253 2316 Patet
280 2278 426 2314 tamen
454 2287 477 2313 e
514 2272 800 2329 praecedente
833 2273 1155 2330 disputatione,
1206 2276 1409 2332 quidnam
1440 2278 1588 2324 dicere

122 2330 339 2381 voluerit,
379 2329 478 2372 scil.
506 2343 591 2371 non
620 2325 644 2385 ἡ
676 2330 724 2371 δὲ
755 2329 868 2384 σάρξ
883 2345 971 2382 μου
991 2326 1253 2387 ἁμαρτωλός
1275 2332 1392 2375 ἐστιν
1413 2335 1587 2392 (mm),

125 2400 266 2442 neque
298 2385 372 2427 sed
408 2385 648 2427 homines
683 2386 766 2430 dir.
795 2387 883 2440 que
912 2387 954 2428 in
979 2402 1103 2429 suam
1131 2389 1212 2430 sibi
1246 2391 1478 2444 perm'cz'em
1509 2394 1587 2437 ab·

125 2447 306 2485 teruntur
335 2441 560 2495 (Rueck),
598 2441 674 2484 sed
706 2438 730 2498 ἡ
762 2441 1042 2497 ὁὲζίλιιαρτία
1062 2444 1235 2500 πονηρά
1263 2461 1300 2489 s.
1329 2443 1590 2502 ἁμαρτωλός

129 2497 251 2542 ἐστιν
273 2499 346 2540 sed
366 2498 658 2541 Peccatum
680 2499 914 2554 improbum
934 2505 1013 2544 est.
1073 2500 1248 2558 Quippe
1274 2502 1317 2544 id
1339 2512 1490 2559 egerat
1511 2506 1561 2550 P.
1576 2539 1590 2560 ,

129 2562 179 2597 ut
206 2555 283 2609 τῆς
304 2550 546 2609 εΛμαρτιάς
573 2555 822 2598 daemonem
852 2570 932 2612 per
958 2556 1097 2599 Musis
1127 2558 1405 2603 interdictum
1433 2577 1591 2618 pravas

129 2612 397 2667 cupiditates
418 2618 462 2651 et
482 2625 561 2668 per
588 2613 783 2668 impuras
811 2628 860 2654 cu
898 2612 1076 2656 iditates
1104 2621 1280 2672 peccata
1305 2617 1500 2674 improbe
1522 2635 1594 2662 se-

86 2682 90 2684 ·
132 2669 251 2711 visse
278 2666 531 2710 ostenderet
556 2682 596 2713 v,
623 2668 667 2712 8.
693 2684 779 2725 sq..
836 2628 907 2711 1Ψο
937 2672 1237 2725 quodammodo
1266 2674 1438 2730 quidem
1476 2676 1593 2732 quod

135 2723 190 2768 P.
218 2739 301 2766 non
329 2723 492 2782 adjecit
513 2725 657 2767 versui
686 2727 753 2770 13.
781 2726 899 2770 inest
926 2727 995 2780 (de
1025 2725 1237 2782 nutius).
1295 2728 1365 2773 lbi
1393 2732 1506 2774 enim
1539 2732 1595 2778 P.

137 2782 305 2826 Numen
333 2781 522 2836 peccatis
545 2781 779 2836 propitium
804 2782 1005 2837 (dicetur
1035 2798 1058 2824 a
1090 2799 1155 2826 me
1184 2791 1334 2841 postea
1370 2788 1597 2840 Peccatus)

136 2851 222 2884 uon
241 2836 538 2897 improbitatis
566 2845 742 2883 accusat
770 2839 841 2898 (τὸ
863 2833 946 2886 οὖν,
961 2835 1291 2898 ἀγαθὸν-ἀλλὰ
1314 2839 1337 2902 ἡ
1361 2843 1600 2903 Ἀμαρτία)
