1715 3115
491 163 651 210 CAP.
688 165 851 209 Vlll.
914 166 1003 209 Vs.
1037 168 1076 210 1.
1107 166 1169 210 2..
1516 169 1573 210 87

86 291 125 316 σ.
153 290 199 314 π.
224 298 275 303 -
299 273 337 312 xi
356 286 438 313 non
463 298 515 302 ——
536 271 727 324 vivant),
759 271 958 313 nonnulli
979 270 1064 321 ita,
1098 276 1145 312 ut
1177 285 1347 313 versum
1375 274 1412 314 l.
1440 286 1567 328 pror-

85 346 161 372 sus
184 344 278 370 cum
304 344 340 370 v.
360 331 404 372 4.
425 329 712 384 exaequaturi
733 326 840 377 τούς
870 329 914 370 ἐν
934 331 1019 382 XO,
1038 325 1080 370 Ἰ.
1107 327 1398 370 describerent
1425 332 1567 378 (τοῖς

84 386 142 441 μὴ
175 394 256 428 etr.
300 385 548 427 hominibus
580 386 762 437 christ.,
801 386 873 440 qen·
902 409 952 416 —
986 398 1070 425 non
1106 385 1276 436 vivant3
1321 399 1362 428 v.
1389 388 1564 441 supra).

86 443 153 485 Nc
187 441 294 483 illud
325 443 499 497 quidem
531 443 782 499 suspicione
815 447 958 494 carot,
1009 440 1124 497 quod
1157 455 1308 483 omnes
1340 441 1470 483 verba
1505 441 1560 484 de

84 500 243 556 quibus
267 499 495 540 dubitatur
516 499 692 551 eodem,
724 513 808 555 qno
842 512 879 540 v.
903 499 947 541 4.
977 499 1210 551 leguntur,
1241 497 1396 539 ordine
1429 500 1560 554 [τοῖς]

80 555 141 612 μὴ
165 573 200 596 κ.
225 569 264 597 σ.
296 555 649 610 περιπαιόὗσιν,
689 552 728 597 ἀ.
759 572 796 596 κ.
827 569 896 595 πν.
927 555 1161 607 exhibent,
1200 570 1323 596 nemo
1357 569 1558 609 περιπα-

80 612 233 654 τοῦσιν
257 618 355 668 post
375 609 486 653 κατά
504 611 674 664 πνεῦμα
707 611 864 668 rejicit.
925 611 1007 652 His
1028 612 1300 665 argumentis
1322 610 1561 654 Marthaeia‘

82 669 231 726 opinio
252 675 315 723 (v,
334 671 491 725 supra)
514 683 696 725 prorsus
723 662 959 719 e'vertitur,
999 669 1069 710 cni
1099 669 1184 710 duo
1217 674 1444 724 praeterea
1473 667 1555 709 ob-

81 733 218 768 stant.
279 725 391 766 {Nam
419 732 723 782 praeterqu-'un
748 724 864 781 qnod
883 725 1054 767 scribae
1079 741 1117 769 v.
1142 730 1241 782 post
1265 725 1392 769 breve
1419 725 1555 766 inter-

82 783 243 824 vallum
278 783 434 822 iterata
469 798 549 824 non
586 788 816 839 tantopere
837 782 1040 823 fastidire
1063 784 1229 834 solent,
1253 783 1291 824 si
1314 783 1464 838 utique
1485 782 1555 824 illi

82 840 125 882 h.
148 840 177 882 l.
204 839 405 895 repetitis
429 840 652 881 vocabulis
683 839 839 880 otl'onsi
867 839 1079 889 fuissent,
1118 840 1219 892 alii,
1259 840 1333 896 qui
1363 845 1432 880 est
1459 853 1554 881 mos

81 897 470 952 interpolatorum,
505 897 674 946 ingrata
699 911 737 938 v.
766 911 827 938 vs.
853 898 887 936 1.
915 896 1206 949 delevissent,
1238 896 1314 937 alii
1337 911 1401 939 vs.
1423 895 1467 938 4.
1501 910 1551 938 ea

80 953 425 1004 sollicitassent,
466 954 580 1009 quod
611 968 633 993 a
666 953 834 994 nemine
866 953 1023 993 factum
1054 959 1137 996 est.
1202 955 1405 1009 Denique
1436 967 1553 995 voce.

81 1025 121 1052 v.
146 1008 318 1063 1.μὴκ.
342 1023 382 1050 σ.
405 1025 466 1052 n..
490 1008 529 1051 ἀ.
554 1026 590 1051 κ.
615 1025 683 1051 scr.
705 1025 784 1066 per
805 1025 851 1051 se
874 1010 1047 1065 quidem
1070 1011 1244 1051 minime
1266 1011 1410 1067 inepta
1434 1015 1554 1062 sunt,

78 1065 155 1108 sed
186 1080 338 1122 parum
371 1067 412 1106 in
445 1069 556 1107 hunc
587 1068 618 1110 l.
645 1069 924 1109 conveniunt.
1000 1066 1115 1108 lllnd
1146 1067 1378 1109 Rure-lteri«)
1411 1066 1551 1108 visum

78 1130 171 1175 est,
206 1121 367 1174 Paulo,
397 1123 434 1164 si
457 1124 543 1165 sihi
564 1130 765 1165 constare
789 1124 1027 1173 voluisset,
1069 1138 1151 1165 non
1185 1122 1382 1164 damnari
1411 1123 1551 1164 homi-

80 1194 157 1221 nes
188 1179 368 1230 christ„
416 1181 462 1221 si
491 1196 571 1220 non
607 1181 660 1221 ad
690 1180 890 1237 corporis
923 1181 1230 1230 invitamenta,
1270 1179 1346 1221 scd
1375 1179 1429 1220 ad
1459 1179 1550 1223 div.

76 1236 262 1294 spiritns
276 1241 506 1294 praecepta
529 1238 658 1278 vitam
681 1236 1071 1290 accounnodarent,
1092 1237 1237 1278 dicere
1260 1252 1342 1277 non
1370 1237 1548 1278 licuisse

77 1293 274 1349 opinato,
329 1293 471 1349 Quasi
520 1309 620 1335 vero
665 1293 714 1337 Ρ.
759 1300 1011 1336 ornamenta
1054 1310 1076 1334 a
1117 1293 1296 1337 Christo
1336 1299 1461 1349 parta
1505 1294 1549 1335 in

78 1365 228 1392 omnes
258 1350 502 1406 promiscue
531 1351 810 1394 Christianos
840 1351 1105 1399 contulerit,
1147 1365 1231 1392 non
1270 1351 1312 1391 in
1343 1365 1420 1391 eos
1452 1356 1549 1391 tan-

78 1409 312 1459 tummodo,
337 1408 409 1462 qui
432 1422 562 1462 quum
583 1409 635 1461 τῇ
657 1406 788 1462 σαρκί
810 1407 1101 1449 valedixerint
1122 1407 1209 1448 div,
1233 1406 1392 1462 spiritu
1415 1419 1549 1457 agan-

78 1469 150 1505 tur
169 1470 230 1517 (ν.
250 1465 279 1504 9
301 1487 355 1494 --
378 1465 469 1513 123
501 1465 555 1506 cs.
577 1466 708 1503 etiam
730 1463 1044 1513 Koellnerum).
1100 1462 1255 1517 Neque
1288 1463 1340 1504 de
1372 1462 1549 1503 {Vettius

78 1533 168 1561 rem
194 1520 445 1576 perspexit,
476 1521 550 1576 qui
571 1520 647 1561 illa
672 1534 710 1561 v.
735 1526 964 1574 propterea
986 1519 1040 1558 ah
1065 1519 1105 1560 h.
1128 1519 1155 1559 l.
1179 1518 1418 1559 abhorrere
1446 1531 1547 1574 per-

76 1576 243 1627 hibuit,
272 1577 475 1632 quoniam
494 1585 584 1617 tum
608 1591 697 1617 rem
720 1577 970 1626 deviarent,
998 1590 1108 1630 quae
1131 1591 1152 1616 e
1175 1574 1287 1629 legis
1312 1588 1334 1614 a
1364 1573 1549 1615 Peccatu

76 1633 205 1674 datae
240 1633 528 1685 abrogatione
560 1648 597 1676 v.
629 1634 671 1674 2.
700 1634 742 1675 3.
771 1637 1093 1687 consequatur,
1132 1636 1223 1672 tum
1253 1629 1547 1672 conditionem

78 1689 237 1742 ferant,
257 1697 304 1730 ut
325 1690 523 1731 homines
543 1690 698 1731 christ.
720 1690 808 1742 legi
833 1704 938 1730 mos,
959 1689 1236 1729 satisfaciant
1255 1689 1363 1742 (sic3
1395 1701 1547 1744 nempe

81 1747 193 1786 male
219 1745 317 1787 dns.
347 1760 387 1789 v.
418 1749 517 1790 v.4.
546 1745 616 1787 ἵνα
645 1745 696 1786 Tr)
731 1745 954 1797 δικαίωμα
980 1744 1062 1786 τοῦ
1088 1745 1225 1796 νόμοι)
1250 1743 1476 1800 πληρωθῇ
1504 1742 1548 1785 ἕν

81 1797 180 1855 ἡμῖν
198 1803 444 1858 exposuit),
476 1803 528 1843 de
555 1804 705 1844 neutra
729 1810 870 1843 autem
895 1817 940 1842 re
956 1801 1046 1859 jam
1079 1802 1159 1843 hoc
1189 1816 1254 1844 vs.
1286 1802 1359 1854 agi
1391 1800 1548 1857 possit.

80 1859 152 1914 Op
176 1857 259 1897 ime
293 1872 394 1898 vero
427 1861 528 1899 haec
555 1860 798 1915 disputatio
831 1859 1111 1915 procederet:
1162 1873 1244 1898 non
1286 1857 1548 1898 damnantur

82 1929 192 1954 nunc
215 1914 411 1955 homines
430 1916 610 1967 christ„
648 1917 685 1956 .ςὶ
705 1930 785 1956 11011
815 1916 867 1955 ad
898 1916 1097 1968 (eorporis
1127 1915 1429 1965 irritamenta,
1468 1912 1548 1955 sed

79 1970 132 2011 ad
154 1969 240 2012 div.
263 1971 449 2026 spiritus
470 1978 700 2028 praecepta
722 1974 850 2013 vitam
872 1971 1068 2023 dirigant
1086 1974 1148 2024 (v,
1171 1972 1247 2023 l.).
1307 1969 1421 2012 Nam
1441 1968 1548 2012 Pec-

78 2034 202 2068 catus
225 2028 321 2079 lege
343 2029 513 2069 sublata
537 2028 631 2068 fleri
662 2032 829 2083 potest,
868 2033 914 2068 ut
943 2027 1139 2068 hominos
1166 2027 1322 2070 christ.
1351 2027 1548 2068 divinum

79 2084 285 2140 spiritum
309 2083 458 2126 ducem
481 2085 658 2140 sequuti
685 2085 821 2137 legem
854 2098 962 2126 mOS.
991 2086 1224 2126 observent
1254 2086 1314 2137 (v.
1334 2083 1363 2125 2
1388 2109 1444 2114 —
1464 2083 1548 2134 4.).

78 2141 175 2183 lmo
197 2140 274 2181 illa
302 2155 340 2183 v,
362 2141 417 2182 ab
447 2142 488 2185 h.
519 2142 548 2183 Ι.
578 2141 739 2181 idcirco
769 2140 912 2181 aliena
943 2147 1069 2193 sunt,
1104 2141 1205 2196 quia
1237 2139 1285 2183 P.
1316 2155 1356 2182 v.
1389 2142 1411 2182 l
1443 2166 1477 2170 —
1504 2141 1549 2184 8.

79 2198 132 2239 de
154 2198 364 2256 perlectis
387 2198 524 2254 etqui
547 2213 670 2238 suum
695 2212 846 2237 munus
872 2199 1077 2253 expleant
1101 2198 1368 2241 Christianis
1396 2196 1549 2254 dispu-

81 2260 171 2307 tat,
203 2260 249 2296 ut
273 2251 315 2296 οὶ
344 2253 388 2298 ἐν
408 2257 494 2309 λ’ρ.
513 2251 556 2296 'l.
586 2256 676 2297 sint
706 2252 747 2296 οὶ
777 2250 837 2308 μὴ
870 2253 980 2294 κατὰ
1012 2254 1153 2309 σάρκα
1183 2253 1548 2307 περιπατοῦντες,

80 2310 194 2354 ἀλλὰ
215 2307 328 2352 κατά
346 2311 520 2364 πνεῦμα
541 2326 580 2354 ν.
599 2312 643 2354 4.
668 2317 712 2352 et
746 2310 961 2361 vicissim,
1002 2326 1088 2367 quo
1119 2312 1234 2351 facto
1260 2310 1469 2351 Romanis
1496 2311 1547 2352 ea

80 2370 177 2423 lege
197 2368 436 2410 christiana
460 2368 613 2410 decora
637 2366 848 2426 spondet,
878 2373 926 2408 ut
946 2368 1166 2410 hominum
1188 2367 1343 2409 christ.
1364 2368 1549 2410 formam

81 2426 137 2467 ah
156 2440 203 2467 se
228 2439 268 2468 v.
286 2425 330 2467 4.
355 2422 499 2480 (ἡμεῖς
522 2422 561 2466 οἱ
579 2424 637 2481 μ’)
668 2427 773 2477 etc.)
794 2424 1067 2476 designatam
1089 2440 1217 2480 quum
1247 2423 1553 2481 expresserint

81 2482 243 2540 spiritu
263 2481 351 2523 div.
381 2488 590 2535 regantur
617 2497 656 2523 v.
679 2484 720 2525 9.
742 2497 828 2537 sq..
887 2481 939 2523 ln
972 2482 1046 2523 illa
1082 2482 1217 2532 igitur
1249 2480 1551 2538 disputatione

57 2539 221 2597 ‘jejuni
251 2540 546 2592 glossatores,
595 2538 671 2594 qui
700 2545 967 2590 metuerent,
1006 2552 1057 2579 ne
1092 2538 1140 2581 Ρ.
1174 2539 1304 2580 etiam
1329 2539 1551 2595 improbos

84 2596 363 2639 Christianos
387 2610 620 2650 poenarum
646 2601 759 2636 metu
783 2596 998 2637 liberasse
1023 2595 1270 2646 videretur,
1296 2609 1336 2637 ν.
1359 2597 1397 2638 1.
1419 2595 1550 2636 verba

82 2653 141 2708 μ’)
161 2670 196 2693 κ.
221 2666 261 2693 σ.
284 2668 352 2699 fc„
387 2655 429 2692 (ί.
450 2669 486 2693 κ.
516 2667 584 2692 mr.
617 2653 882 2707 adspergere
912 2656 1171 2708 potnerunt,
1211 2652 1417 2694 cordatus
1445 2654 1553 2694 scri-

85 2717 185 2767 ptor
203 2723 253 2749 ea
276 2708 436 2749 addere
456 2723 537 2750 non
564 2709 722 2764 potuit.

198 2765 259 2807 V.
281 2768 323 2808 '..'..
388 2765 607 2806 l'rohatur
627 2764 841 2806 sententia
867 2779 1019 2806 versus
1046 2766 1083 2807 l.
1142 2765 1236 2806 Non
1267 2764 1417 2806 mortis
1446 2778 1555 2804 mnu·

84 2822 276 2866 homines
299 2821 668 2867 cln·a·.s1.‹lmnmn·i
697 2825 758 2877 (v.
780 2824 842 2876 l.)
869 2835 926 2863 ea?
955 2836 999 2863 eo
1029 2822 1302 2878 intelliyae‘tm·,
1331 2820 1437 2876 quod
1458 2820 1555 2865 Lex
