1715 3115
175 172 260 214 4136
460 168 842 214 EPlSTOLA
878 171 979 214 AD
1011 165 1374 217 ROMANOS

182 291 318 331 ganos
349 275 630 332 pervenisse,
668 285 717 319 ut
746 290 895 319 curam
930 277 1047 320 Deus
1075 277 1288 321 Israelitis
1316 282 1525 331 moa-eree,
1563 283 1650 345 qna

180 335 237 376 mi
267 333 521 374 imitandam
549 346 815 388 paqanorum
841 333 969 386 fidem
996 334 1358 389 pet-pellerentur,
1401 339 1451 378 ut
1487 340 1530 378 et
1565 336 1652 390 apsi

183 390 433 431 beatitatem
453 389 709 432 messianum
733 395 1086 453 consequerentur
1114 393 1170 447 (v,
1202 393 1269 434 ll.
1301 392 1374 436 31.
1402 392 1512 447 32).
1570 391 1651 433 Et-

181 447 295 486 enim
316 460 357 486 a.
380 450 545 502 pugnat
568 446 669 488 haec
690 452 905 487 sententia
931 461 1024 488 cum
1051 448 1125 499 cai,
1157 460 1284 503 quam
1311 447 1361 491 Ρ.
1391 462 1525 505 supra
1552 448 1650 500 9‚3.

179 504 224 544 6.
247 524 300 532 --
317 503 387 544 29.
409 501 619 544 defendit.
685 502 749 543 lbi
773 503 967 544 homines
988 518 1010 543 a
1031 504 1123 545 Deo
1145 517 1226 544 non
1250 503 1464 556 delectos,
1487 505 1530 547 in
1552 504 1651 561 qui-

182 559 264 599 hus
290 559 496 613 permulti
518 557 676 602 Judaei
707 565 881 609 essent,
923 560 1129 601 beatitate
1160 560 1373 602 messianii
1402 575 1485 602 non
1513 560 1651 618 potiri

182 614 448 670 disputavit:
480 621 630 657 contra
663 617 741 657 hoc
771 616 801 658 l.
838 616 976 658 Deum
1007 617 1319 659 contumaciam
1351 615 1574 659 Israelitis
1604 617 1651 659 in

182 671 351 712 delectu
375 672 631 727 praeteritis
653 672 832 713 inditam
858 673 898 713 in
922 680 1115 730 tempore
1145 674 1420 717 sublaturum
1449 687 1572 727 esse,
1601 677 1651 714 ut:

183 742 266 769 non
292 728 434 769 minus
457 742 584 784 quam
608 729 794 783 gentiles
817 743 895 784 per
909 730 1113 771 Messium
1137 730 1371 772 bearentur
1384 729 1652 785 dixit(V.ll.

182 785 254 826 25.
275 785 346 827 26.
366 785 437 827 30.
453 786 624 839 -32.).
685 785 854 827 Deinde
877 787 916 830 b.
942 786 1163 827 Israelitis
1183 786 1224 827 in
1245 786 1416 828 delectu
1438 785 1652 841 neglectis

185 855 267 881 non
292 841 416 896 prius
438 855 583 883 curam
607 840 726 899 injici
747 856 907 898 cosque
927 857 1005 899 per
1025 843 1230 899 injectam
1250 857 1398 884 curam
1421 842 1476 884 ad
1505 856 1653 884 aemu-

183 897 357 938 landam
381 899 609 949 gentilium
630 899 756 940 tidem
787 900 990 956 compelli
1018 901 1241 957 potuisse,
1282 913 1410 956 quam
1440 897 1654 941 divinitus

184 954 337 995 ell'ecta
370 954 609 996 obstinatio
640 962 781 997 amota
810 961 930 997 esset
963 958 1023 1006 (v,
1053 957 1125 999 25.
1153 958 1248 1010 26.)
1278 957 1320 997 in
1351 961 1526 1014 promtu
1567 960 1652 998 est.

183 1009 299 1053 Nam
333 1010 538 1066 quamdiu
570 1026 644 1053 eos
676 1013 1046 1069 inexsuperabilis
1078 1013 1143 1054 vis
1183 1013 1262 1055 fati
1303 1012 1346 1054 in
1381 1011 1653 1054 contumacia

184 1067 431 1109 contineret
453 1068 632 1111 Christo
657 1069 871 1123 refragari
894 1070 1030 1111 coacti
1050 1075 1168 1112 sunt.
1225 1068 1354 1111 Nihil
1374 1069 1487 1111 enim
1508 1069 1551 1110 in
1577 1081 1653 1109 eo-

186 1139 283 1166 rum
306 1129 524 1181 potestate
548 1131 659 1169 erat.
719 1125 856 1183 Cujus
879 1127 941 1168 rei
967 1127 1190 1168 immemor
1214 1124 1265 1170 P.
1286 1125 1370 1167 suit
1398 1140 1438 1169 v.
1465 1126 1535 1170 13.
1565 1123 1654 1176 14.,

187 1196 318 1237 quum
352 1195 507 1223 munus
541 1197 690 1235 suum,
734 1183 848 1239 quod
880 1184 1069 1238 gentiles
1097 1184 1487 1239 complecteretur,
1523 1195 1575 1223 eo
1602 1194 1651 1222 se

185 1237 420 1280 nobilitare
442 1238 553 1280 dixit
582 1239 696 1295 quod
729 1241 1028 1296 experiretur,
1067 1254 1121 1281 an
1154 1240 1266 1281 forte
1287 1238 1553 1283 Judaeorum
1583 1237 1652 1278 di-

186 1296 355 1347 gnitate
377 1296 621 1337 extollenda
647 1297 935 1353 popularibus
955 1297 1049 1339 suis
1068 1311 1213 1338 euram
1227 1296 1652 1350 aemulationemque

185 1351 368 1408 injicere
390 1357 521 1408 atque
542 1354 601 1393 ita
624 1355 857 1395 nonnullos
878 1354 931 1395 ad
955 1356 1137 1395 salutem
1161 1353 1418 1395 messianam
1435 1350 1651 1392 adducere

187 1416 354 1464 posset.
414 1411 667 1466 Antequam
687 1409 738 1451 τὸ
764 1409 984 1466 πλήρωμα
1014 1416 1100 1452 τῶν
1130 1408 1269 1452 ἐθνῶν
1298 1409 1351 1449 ad
1383 1408 1552 1451 Christi
1580 1421 1650 1448 sa-

186 1479 257 1505 cra
281 1466 542 1507 accessisset
565 1470 624 1520 (v.
647 1467 739 1522 25.)
760 1468 1055 1509 tantummodo
1079 1465 1314 1508 Israelitae
1339 1464 1550 1507 divinitus
1575 1463 1651 1505 de-

185 1521 290 1562 lecti
312 1523 382 1574 (τὸ
405 1522 565 1574 λεῖμμα
584 1536 623 1564 v.
645 1523 710 1576 5.)
736 1522 861 1564 Pauli
883 1523 1157 1579 aliorumque
1175 1523 1472 1580 apostolorum
1502 1520 1652 1562 admo-

187 1578 430 1618 nitionibus
465 1579 627 1619 moveri
660 1584 863 1635 poterant
894 1594 1033 1634 neque
1064 1585 1184 1631 erat,
1223 1577 1336 1634 quod
1368 1578 1567 1619 homines
1594 1575 1652 1618 ad

186 1632 512 1686 concipiendam
536 1634 660 1675 fidem
683 1649 924 1691 propensos
945 1643 987 1676 et
1017 1635 1070 1676 ad
1101 1637 1392 1691 sempiternae
1422 1634 1651 1675 felicitatis

187 1690 461 1746 adeptionem
483 1704 503 1729 a
533 1692 625 1731 Deo
644 1691 781 1732 factos
799 1697 842 1733 et
874 1692 1085 1733 formatos
1118 1691 1281 1747 aliquis
1312 1696 1410 1732 astu
1439 1689 1653 1745 aggrede-

186 1754 335 1788 retur:
377 1744 610 1788 Israelitae
637 1748 678 1787 in
713 1747 883 1788 delectu
912 1748 1164 1804 praeteriti,
1203 1748 1306 1803 quip
1341 1761 1363 1788 e
1392 1761 1502 1802 quos
1527 1745 1651 1788 Deus

188 1803 442 1844 indurasset
461 1809 504 1843 et
524 1818 546 1844 a
570 1803 652 1844 fide
675 1805 922 1856 avertisset,
948 1805 1069 1845 nullo
1089 1804 1274 1845 artificio
1298 1804 1417 1844 fecti
1434 1808 1651 1859 poterant.

189 1859 304 1900 Sane
328 1860 370 1899 hi
396 1858 696 1916 Paulojudice
715 1861 919 1901 amissam
951 1861 1198 1902 libertatem
1227 1866 1318 1901 tum
1349 1859 1652 1916 recuperaturi

187 1921 327 1967 erant,
360 1930 489 1971 quum
509 1917 560 1957 τὸ
583 1913 803 1973 πλήρωμα
821 1919 907 1958 τῶν
925 1915 1067 1959 ἐθνῶν
1089 1916 1143 1958 ad
1164 1916 1333 1959 Christi
1357 1931 1480 1957 sacra
1504 1922 1651 1957 trans-

189 1973 300 2013 isset
330 1975 391 2026 (v.
420 1974 490 2016 25.
523 1973 632 2026 26.).
693 1973 780 2015 Sed
804 1974 1120 2027 quaerebatur,
1152 1979 1295 2014 utrum
1317 1971 1574 2029 recuperata
1596 1971 1652 2012 li·

188 2030 358 2070 bertate
385 2029 489 2070 bene
512 2030 579 2070 usi
600 2029 652 2070 ad
675 2029 974 2071 aemulandam
997 2030 1226 2085 gentilium
1246 2028 1372 2070 fidem
1395 2028 1563 2070 animos
1575 2026 1651 2069 ad-

186 2085 371 2142 jecturi,
399 2100 453 2126 an
474 2087 552 2127 illa
576 2087 687 2127 male
711 2088 779 2128 usi
809 2092 963 2144 suapte
990 2092 1145 2143 sponte
1176 2087 1218 2127 in
1249 2085 1518 2127 contumacia
1549 2098 1651 2142 per-

189 2143 428 2183 severaturi
451 2142 718 2186 viderentur.
778 2141 917 2185 Paulo
940 2143 1111 2199 quidem
1145 2143 1378 2199 plerosque
1406 2142 1482 2196 (cf.
1509 2154 1548 2184 V.
1578 2141 1650 2185 26.

189 2200 278 2246 πᾶς
303 2195 497 2253 Ἰσραήλ)
539 2200 642 2240 cura
681 2203 725 2239 et
760 2199 1058 2241 sollicitudine
1089 2205 1232 2240 tactos
1262 2211 1436 2254 operam
1468 2197 1650 2239 daturos

187 2269 309 2305 esse,
341 2262 388 2294 ut
409 2255 635 2307 gentilium
659 2257 863 2297 virtutem
886 2265 929 2297 et
956 2256 1082 2297 fidem
1114 2255 1438 2296 aemularentur
1465 2267 1650 2295 consen-

188 2317 362 2351 taneum
385 2313 521 2352 visum
543 2318 626 2354 est.
689 2312 776 2353 Sed
798 2327 878 2353 non
909 2312 1150 2368 culpandus
1179 2318 1269 2362 est,
1305 2310 1379 2366 qui
1408 2309 1461 2351 de
1492 2309 1571 2351 haic
1600 2323 1649 2351 re

188 2367 243 2406 ab
267 2381 433 2408 summo
458 2369 678 2424 Apostolo
697 2367 961 2410 dissentiens
985 2381 1225 2425 perpaucos
1245 2367 1433 2411 Judaeos
1463 2367 1541 2408 hoc
1572 2380 1649 2423 pa-

185 2429 257 2464 cto
298 2423 349 2463 ad
392 2424 644 2465 imitandam
690 2439 954 2480 paganorum
986 2425 1112 2466 fidem
1146 2423 1403 2466 inflammari
1434 2428 1649 2477 potuisse,
1714 2429 1715 2433 ’

185 2481 422 2536 plerosque
445 2494 532 2521 rem
555 2494 576 2520 a
601 2480 650 2523 P.
673 2482 829 2521 dictam
853 2481 960 2522 nihil
983 2487 1193 2522 moturam
1215 2480 1352 2521 tuisse
1383 2478 1520 2520 videri
1549 2493 1648 2520 cen-

188 2536 343 2577 suerit.
405 2535 586 2577 Scilicet
606 2538 763 2594 pagani
790 2538 864 2594 qui
886 2537 1063 2580 Christo
1092 2538 1219 2578 fidem
1249 2535 1556 2592 adjunxissent
1581 2533 1647 2576 ni·

187 2592 251 2632 hil
274 2593 588 2647 possederunt,
619 2595 733 2649 quod
756 2594 965 2643 sudam,
998 2594 1073 2649 qui
1094 2608 1116 2634 a
1140 2592 1306 2636 Christi
1327 2592 1465 2633 sacris
1487 2591 1647 2633 abhor-

188 2653 392 2700 ruerunt,
432 2663 577 2690 curam
619 2649 798 2708 injicere
839 2651 1074 2707 potuisset.
1147 2649 1328 2691 Frustra
1371 2644 1645 2700 observatur,

186 2703 394 2744 honorem
415 2705 468 2744 ab
489 2703 672 2748 Judaeis
692 2707 744 2746 ad
766 2708 951 2759 gentiles
973 2706 1255 2755 translatum,
1286 2704 1537 2746 felicitatem
1569 2717 1646 2769 pa-

185 2760 310 2812 ganis
337 2760 508 2812 datam,
539 2763 867 2803 sanctimoniam
898 2769 942 2804 et
969 2761 1315 2804 extraordinaria
1344 2761 1481 2803 divini
1512 2759 1646 2816 spiri-

185 2825 255 2858 tus
276 2816 383 2858 dona
399 2849 410 2870 ‚
453 2831 563 2873 quac
591 2819 778 2873 gentiles
801 2819 1057 2877 conspicuos
1078 2817 1395 2872 reddidissent,
1426 2831 1477 2860 eo
1498 2817 1646 2860 valere
