1715 3115
389 186 546 233 CAP.
579 185 746 231 V111.
780 187 869 231 Vs.
899 188 978 232 32.
1012 188 1091 232 33.
1123 192 1167 230 et
1196 188 1294 233 34.
1492 193 1575 236 211

107 296 161 339 ad
190 295 348 340 Matth.
377 295 444 346 15,
463 295 543 348 5.).
618 293 847 335 Verborum
875 308 1050 335 acumen
1081 300 1173 343 est,
1203 295 1242 336 si
1269 294 1316 338 P.
1341 296 1381 337 in
1404 295 1578 341 πάντων

107 360 153 396 et
170 351 225 395 τὰ
247 351 390 395 πάντα
411 350 728 407 compositione
749 349 831 391 vim
853 351 1085 407 quaesivit.
1145 351 1258 392 Nam
1280 353 1317 393 si
1342 353 1392 394 de
1410 361 1579 399 senien-

106 411 172 454 tia
191 409 420 466 quaeritur
441 401 463 447 ὃ
485 404 599 456 ἴδιος
620 403 714 456 υἱός
731 413 775 447 et
794 405 847 447 τὰ
874 405 1017 447 πάντα
1044 408 1223 449 invicem
1246 418 1540 465 opponuntur.

219 465 315 509 Jam
337 464 388 508 P.
409 463 569 520 gaudio
599 463 850 515 exsultans,
879 463 993 518 quod
1016 465 1055 505 ei
1080 464 1216 506 divini
1237 466 1398 507 favoris
1420 468 1460 508 in
1484 470 1581 525 pios

108 519 386 565 Christianos
406 520 522 563 versi
544 519 808 562 conscientia
829 519 979 569 affert,
1011 526 1111 562 ante
1130 535 1168 564 v.
1186 522 1256 565 28.
1337 525 1408 566 32.
1429 524 1581 582 dispu-

108 583 299 621 tatorum
330 592 540 621 summam
572 577 699 628 facit,
731 577 814 632 qua
836 578 1040 632 superins
1060 577 1172 619 dicta
1197 579 1335 634 magis
1355 582 1581 624 confirmet

107 635 302 693 dicitque
324 634 574 677 hominibus
592 648 614 674 a
642 633 737 675 Deo
758 632 938 674 delectis
958 648 1097 689 neque
1119 635 1247 676 vitam
1269 639 1581 694 sempiternam

108 706 132 733 a
163 707 379 749 quoquam
412 691 525 747 eripi
557 704 686 747 posse
717 703 756 732 v.
786 690 857 732 33.
886 689 958 733 34.
990 692 1065 743 (cs.
1090 705 1126 732 v.
1145 692 1215 733 29.
1237 697 1281 733 et
1301 695 1392 742 30.)
1427 709 1583 752 neque,

110 748 211 792 dum
234 750 276 791 in
301 750 379 790 hac
412 749 499 789 vita
528 762 622 788 cnm
643 746 967 788 calamitatibus
996 748 1323 801 conflictentur,
1357 751 1441 792 Dei
1464 766 1584 795 amo-

108 820 201 849 rem
222 820 262 849 v·
281 806 498 850 35,-39‚
530 804 606 859 (cf,
621 817 661 846 v.
680 803 750 846 31.
774 808 817 844 et
838 804 930 854 32.)
989 803 1110 846 Haec
1131 805 1189 846 ita
1214 806 1386 849 sublate
1408 809 1585 866 alteque

110 862 339 912 dicuntur,
369 866 418 903 ut
437 860 785 913 magnificentius
807 875 828 900 a
853 860 1022 902 nemine
1039 860 1125 904 dici
1145 863 1387 918 potuerint.

223 918 283 962 V.
313 919 384 962 33.
415 923 460 960 et
488 917 560 960 34.
598 914 664 965 τίς
687 914 772 969 Syn.
798 932 835 959 κ,
857 914 890 958 ἕ.
912 919 959 958 θ.
975 920 1008 972 3]
1051 919 1190 974 ecquis
1209 919 1420 962 hominum
1440 937 1467 963 (ι
1488 923 1584 965 Deo

110 974 368 1018 delectorum
388 979 613 1017 accusator
640 968 854 1015 exsistet?
898 973 927 1016 i.
959 987 997 1016 e.
1029 988 1148 1015 nemo
1164 975 1367 1028 exsistet,
1408 979 1480 1033 qni
1511 980 1585 1021 lios

110 1031 297 1073 homines
324 1036 511 1073 accuset.
566 1031 635 1072 Ac
666 1030 875 1070 neminem
905 1031 1164 1072 exstiturum
1197 1046 1296 1073 csse
1316 1034 1462 1075 verbis
1480 1034 1588 1084 θεὸς

113 1082 138 1129 ὃ
169 1088 350 1130 δικαιῶν
382 1088 440 1129 ita
470 1085 739 1137 ostenditur,
779 1092 825 1126 ut
857 1087 1137 1141 paucioribus
1171 1094 1215 1129 et
1244 1090 1521 1140 gravioribus
1545 1106 1588 1136 V.

113 1143 406 1186 demonstrari
437 1158 518 1185 non
549 1143 758 1201 potuerit.
825 1141 1063 1185 Falluntur
1096 1145 1169 1200 qui
1191 1146 1338 1186 autad
1363 1146 1589 1201 Satanam,

113 1203 283 1258 piorum
317 1201 536 1244 hominum
567 1199 923 1241 calumniatorem
946 1202 1090 1257 Apoe.
1117 1202 1266 1253 12,10.
1291 1202 1474 1259 (Θήρα),
1513 1211 1591 1247 aut

112 1257 168 1299 ad
194 1256 387 1301 Judaeos
416 1262 460 1299 et
487 1271 680 1313 paganos
708 1255 978 1299 Christianis
997 1257 1230 1299 conviciari
1254 1260 1411 1302 solitos
1433 1262 1590 1313 (Theo-

109 1314 257 1370 phgd„
296 1314 446 1366 Grot.,
488 1313 705 1355 Turretin.
732 1313 812 1364 al.)
845 1314 1004 1370 respici
1035 1321 1261 1370 putarunt.
1332 1315 1444 1359 Nam
1469 1319 1588 1361 inve-

113 1371 201 1413 niri
222 1385 378 1428 posse,
408 1371 484 1427 qui
511 1370 607 1427 pios
638 1368 917 1413 Christianos
944 1378 1170 1424 accusent,
1200 1371 1252 1415 P.
1276 1373 1316 1413 in
1341 1376 1590 1418 universnm

114 1434 246 1481 negat
265 1431 328 1483 (v.
349 1442 388 1470 ν.
408 1430 478 1469 31.
499 1427 571 1470 34.
591 1426 661 1469 35.
681 1427 773 1480 37.)
788 1459 799 1479 ,
830 1441 913 1467 non
945 1428 1117 1483 quaerit
1143 1429 1216 1484 qui
1246 1429 1458 1486 ejusmodi
1485 1433 1591 1486 sint,

115 1490 165 1526 ut
185 1483 228 1526 id
251 1483 409 1525 facturi
428 1498 525 1525 csse
549 1482 795 1525 videantur.
862 1482 1093 1524 Praeterea
1126 1487 1347 1542 posterior
1370 1490 1592 1531 sententia

115 1555 168 1583 eo
189 1541 431 1594 evertitur,
471 1539 584 1596 quod
607 1541 649 1582 h.
672 1540 701 1583 l.
726 1539 778 1581 de
798 1546 1096 1596 peccatorum,
1128 1543 1181 1582 ob
1207 1557 1317 1597 quae
1339 1545 1424 1586 vita
1450 1552 1593 1587 aeter-

115 1598 171 1639 na
198 1597 404 1651 indignus
437 1597 522 1646 sis,
568 1596 905 1653 exprobratione
931 1605 970 1637 et
1005 1596 1057 1638 de
1088 1598 1469 1654 conde-nmatione,
1509 1603 1594 1658 qua

115 1654 382 1710 sempiterna
406 1653 613 1694 beatitate
634 1653 845 1708 priveris,
875 1654 1038 1707 agitur.
1099 1653 1238 1697 Paulo
1263 1657 1332 1698 hic
1352 1659 1382 1700 l.
1406 1657 1501 1702 Jes.
1522 1661 1594 1711 50,

116 1709 160 1753 8.
179 1711 223 1752 9.
246 1717 288 1751 et
306 1709 405 1753 Job.
428 1709 582 1762 34,20.
610 1711 839 1751 obversata
861 1724 961 1750 csse
982 1725 1105 1763 nego.
1168 1711 1281 1753 Sunt
1312 1715 1424 1755 enim
1440 1749 1449 1767 ,
1481 1715 1519 1756 si
1540 1716 1596 1756 ab

117 1766 463 1818 interrogatione
494 1765 692 1817 negativa
725 1770 766 1805 et
798 1766 853 1805 ab
877 1766 1113 1807 universali
1139 1771 1356 1811 sententia
1379 1770 1596 1814 discesse-

121 1821 202 1872 ris,
232 1836 384 1878 parum
405 1822 585 1864 similia.
645 1820 733 1862 Hic
755 1826 897 1862 antem
921 1822 1093 1876 singula
1109 1837 1243 1879 prope
1264 1839 1301 1866 v,
1318 1827 1599 1881 cTheologizi

120 1878 319 1934 paullina
356 1878 602 1932 (δικαιοῦν,
653 1874 950 1932 κατακρίνειν)
988 1885 1032 1919 et
1077 1893 1203 1920 sacro
1244 1881 1596 1925 Christianorum

122 1948 205 1975 usu
226 1932 434 1989 loquendi
467 1935 528 1987 (v.
551 1932 646 1984 34.)
670 1933 893 1989 depromta
919 1938 1037 1978 sunt.
1087 1932 1306 1988 Ἐγκαλεῖν
1335 1935 1444 1979 κατά
1478 1953 1598 1989 τινος

121 1996 190 2032 est
210 1990 392 2032 crinu‘na
410 1988 609 2045 proferre
629 1994 776 2031 contra
803 1990 1001 2045 aliquem,
1033 1991 1202 2045 mange
1229 1995 1379 2045 erheben
1399 2008 1517 2050 gegen
1528 2019 1595 2040 —.

123 2046 262 2104 Soph.
298 2044 486 2088 Philoct.
516 2045 601 2085 327
628 2042 746 2093 τίνος
773 2043 854 2098 γὰρ
886 2037 970 2087 ὧδε
1011 2044 1089 2087 τὸν
1123 2046 1259 2101 μέγαν
1285 2053 1290 2102 Ι
1341 2050 1475 2100 χόλον
1505 2050 1599 2093 κατ’

122 2100 267 2145 αὐτῶν
291 2101 484 2156 ἐγκαλῶν
507 2097 751 2155 ἐλήλυθαςς
783 2100 907 2154 (Luc.
927 2103 1081 2154 23,14.
1111 2109 1367 2159 κατηγορεῖν
1387 2122 1430 2148 τι
1459 2106 1599 2149 κατά

122 2164 261 2209 τινος)
292 2158 441 2200 Schol.
478 2157 682 2212 Thucyd.
717 2158 845 2209 l‚26.
891 2155 1141 2213 ἐγκλήματα
1178 2156 1365 2215 ἔχοντες]
1395 2159 1489 2205 ἀντὶ
1519 2164 1599 2205 τοῦ

125 2214 234 2257 κατὰ
264 2217 350 2256 τῶν
381 2213 662 2267 Κερκυραίων
701 2212 993 2267 ἐγκαλοῦντες.
1064 2214 1195 2258 Adde
1230 2216 1467 2273 ἐπεγγελᾶν
1486 2218 1598 2261 κατά

122 2285 243 2320 τινος
265 2279 308 2313 et
331 2272 518 2321 similia,
550 2285 659 2326 quac
688 2270 918 2312 Lobeclse‘us
943 2271 995 2311 ad
1021 2272 1095 2330 Aj.
1116 2273 1216 2315 969.
1241 2277 1305 2330 (p.
1324 2276 1423 2318 413.
1448 2276 1516 2320 ed.
1535 2279 1600 2332 2.)

125 2328 326 2370 contulit.
386 2327 733 2369 Bretschneideri
762 2327 870 2368 Lex.
902 2325 938 2377 I,
960 2330 1059 2370 336.
1098 2328 1429 2384 interpretatio:
1468 2335 1600 2389 „quis

126 2384 170 2425 in
195 2384 271 2442 jus
301 2384 472 2426 vocabit
503 2385 891 2439 (persequutores)
936 2392 1104 2440 tropter
1134 2386 1297 2428 electos
1331 2387 1414 2429 Dei
1434 2391 1503 2442 [de
1523 2392 1597 2431 ho-

127 2441 318 2482 minibus
353 2456 375 2480 a
421 2440 516 2480 Deo
553 2440 730 2484 electis:
777 2454 816 2482 V.
849 2399 1028 2483 Loiecls.
1070 2439 1126 2482 ad
1158 2440 1327 2498 Phryn.
1364 2460 1405 2500 p.
1426 2447 1525 2490 272.
1554 2452 1599 2488 et

66 2531 70 2535 .
126 2496 303 2552 Schaef.
334 2496 387 2538 ad
424 2496 655 2540 Demosth.
684 2495 832 2546 1‚412.
858 2498 945 2551 ΒΨ]
976 2498 1005 2540 i.
1035 2511 1075 2539 e.
1103 2506 1285 2554 propter
1313 2503 1602 2555 calamitates,

129 2553 290 2608 quibus
311 2553 589 2596 Christianos
610 2549 797 2595 vexant?
847 2553 968 2595 Deus
989 2554 1066 2595 hoc
1087 2555 1233 2606 faciet,
1263 2558 1337 2612 qui
1362 2559 1600 2613 (Christia-

129 2611 230 2662 nos)
257 2610 446 2651 absolvit
475 2616 518 2651 et
548 2610 662 2653 beat.
739 2609 852 2664 Quis
890 2617 1032 2652 autem
1073 2615 1182 2653 istos
1216 2616 1603 2672 (persequutores)

129 2662 311 2721 puniet?
363 2666 592 2717 Christus,
631 2667 705 2721 qui
736 2667 909 2722 quidem
942 2667 1196 2709 interfectus
1226 2678 1368 2712 tamen
1399 2677 1437 2714 in
1468 2674 1600 2715 vitam

129 2722 265 2763 rediit
290 2737 590 2778 summumque
620 2723 848 2779 imperium
879 2725 1042 2766 tenet.”
1083 2725 1232 2768 multis
1261 2728 1383 2770 vitiis
1414 2729 1602 2773 laborat.

133 2777 513 2821 Percontationem
541 2781 781 2833 neqate’vum
808 2794 930 2829 esse,
964 2795 1044 2821 non
1077 2795 1178 2823 voce
1207 2782 1275 2832 τίς
1307 2799 1344 2828 v.
1373 2786 1444 2829 33.
1465 2793 1507 2827 et
1528 2788 1602 2830 3⁴.

131 2849 228 2877 eum
250 2837 447 2891 exquiri,
476 2836 552 2891 qui
572 2836 614 2877 in
633 2835 707 2893 jus
726 2841 960 2880 vocaturus
978 2844 1021 2878 ct
1042 2838 1276 2895 puniturus
1296 2842 1378 2895 sit,
1407 2858 1430 2885 e
1453 2845 1603 2887 vs.31.

1118 2895 1217 2936 02
