1715 3115
174 205 262 248 420
462 203 838 248 EplsToLA
871 203 972 248 AD
1005 203 1364 250 ROMANOS

180 316 336 367 spuunt
354 310 684 365 (intellexerunt
705 309 840 364 igitur
859 310 1148 364 evangelium,
1172 310 1247 353 sed
1266 310 1395 366 fidem
1413 313 1453 354 ei
1472 310 1642 364 adjun-

177 384 276 427 ρων
296 368 554 422 noluerunt).
617 366 757 416 Quare
789 364 885 422 (Ἡ)
916 366 1031 423 quod
1060 382 1108 410 se
1138 369 1353 410 facturum
1382 382 1460 425 per
1488 367 1643 410 Mosen

181 427 370 468 minatus
397 428 488 474 est,
529 423 672 464 salute
691 423 745 464 ad
774 424 962 477 gentiles
991 425 1206 466 translata
1227 424 1450 467 israelitis
1477 424 1643 466 sollici-

179 481 374 525 tudinem
398 484 440 521 et
462 479 802 532 indignationem
823 481 1068 522 commovit.
1127 480 1228 522 Non
1258 482 1467 535 cogitavit
1487 481 1545 525 V.
1565 481 1643 531 D..

180 539 231 581 cle
251 538 420 591 inyrato
441 535 743 578 Israelitarum
763 538 806 578 iu
828 538 966 578 Deum
992 537 1134 578 animo
1157 538 1290 581 Dent.
1319 540 1350 581 Ι.
1380 553 1417 580 c.
1446 537 1517 593 agi
1547 550 1645 579 ver-

181 595 266 645 bis,
286 592 388 649 quia
409 606 460 634 ex
487 592 543 633 iis
564 592 775 635 rationem
797 593 1052 635 concludere
1075 594 1304 645 noluisset,
1329 595 1383 634 ab
1402 596 1495 650 Ap.
1516 607 1645 651 prae-

179 650 423 694 termissis:
454 643 582 690 αὐτοὶ
602 646 920 705 παρεζήλωσάν
940 665 994 700 με
1026 647 1097 690 ἐπ’
1118 648 1170 691 οὔ
1199 651 1318 705 θεῷ,
1355 647 1646 707 παρώργισάν

179 722 234 762 με
254 705 297 748 ἐν
316 708 410 754 τοῖς
429 701 634 754 εἰδώλοις
654 703 811 755 αὐτῶν,
841 705 1061 747 vocabulis
1082 705 1138 746 ab
1157 719 1206 747 eo
1227 707 1408 763 positis»,
1441 707 1645 762 quoniam

180 779 232 805 ex
254 763 308 804 iis
331 762 441 803 solis
462 761 759 815 argumentari
781 762 1016 813 voluisset,
1051 761 1187 803 Paulo
1211 762 1383 818 quidem
1408 763 1646 819 interprete

182 819 358 862 nonnisi
395 818 446 859 de
473 817 612 858 salure
639 819 855 860 messiano
882 818 935 860 ab
963 818 1178 860 Israelitis
1207 819 1263 860 ad
1288 818 1466 874 yentiles
1491 823 1644 860 trans-

180 876 363 935 ferende?
385 874 621 930 disputari.
682 873 825 916 Venio
846 888 955 915 nunc
983 874 1036 914 ad
1062 874 1175 917 Ven.
1194 874 1364 917 Reiclaiot
1392 874 1646 931 explicatio-

179 948 277 976 nem
300 929 414 972 haud
434 944 539 971 sane
560 930 755 974 felicem:
777 945 875 972 mem
897 931 1039 972 Dens
1057 944 1137 972 non
1159 936 1276 972 notos
1291 930 1441 973 habuit
1461 931 1646 973 Israe-

182 983 351 1032 litas?
390 1001 490 1028 unm
519 988 664 1028 Deus
691 1001 772 1029 non
798 985 910 1043 favit
944 985 1268 1030 Israelitis?
1308 987 1382 1043 (cf.
1416 1000 1550 1043 supra
1579 984 1647 1038 11,

181 1061 226 1104 p.
260 1046 352 1087 198.
389 1044 523 1096 199.).
594 1042 707 1085 Nam
738 1042 779 1086 1.
810 1042 1060 1100 Subjectum
1096 1039 1119 1085 ὁ
1150 1040 1261 1092 θεός
1284 1043 1412 1086 scribi
1435 1043 1647 1085 debuerat

183 1104 374 1155 (frustra
397 1100 452 1140 ad
472 1100 595 1151 9,18.
615 1104 900 1156 provocatur,
931 1114 1060 1155 quum
1091 1099 1150 1140 ibi
1179 1105 1271 1140 toto
1292 1100 1324 1143 l.
1345 1113 1385 1143 ν.
1410 1100 1481 1143 14.
1499 1122 1554 1131 ——·
1576 1100 1646 1143 19.

181 1161 234 1201 de
254 1160 347 1201 Deo
366 1159 656 1224 exponatur):
688 1155 753 1200 11.
779 1154 829 1200 Ρ.
853 1156 934 1197 hoc
955 1161 1082 1212 pacto
1112 1149 1393 1212 τὸνἸσραήλ
1409 1155 1650 1212 posuisset,

184 1229 268 1257 non
283 1213 461 1269 Ἰσραηλ
481 1215 539 1265 (v.
560 1213 718 1256 Matth.
738 1213 778 1264 2,
789 1214 830 1255 6.
859 1214 964 1255 Act.
990 1212 1058 1263 13,
1071 1212 1141 1254 23.
1164 1212 1291 1255 Rom.
1313 1213 1462 1264 lo,21.
1495 1211 1648 1265 11,25.

188 1274 212 1315 l
234 1273 336 1315 Cor.
364 1269 510 1325 10‚518.
533 1268 632 1311 Gal.
653 1270 796 1322 6‚6.):
826 1267 919 1311 ΙΙΙ.
945 1268 1070 1310 obest
1091 1268 1256 1310 Reichii
1275 1269 1519 1310 sententiae
1550 1282 1649 1309 ver—

184 1329 338 1370 borum
360 1325 467 1367 ordo
486 1323 734 1380 μὴἸσραὴλ
766 1321 842 1367 οὐκ
872 1321 1005 1377 ἔγνως
1044 1339 1170 1380 quem
1204 1322 1342 1366 Paulo
1370 1324 1648 1366 tribuendum

186 1399 284 1425 esse
305 1395 437 1438 supra
460 1379 664 1421 vidimus.
725 1379 805 1433 Μή
828 1375 851 1420 ὃ
867 1379 977 1428 θεὸς
998 1379 1076 1421 οὒκ
1095 1379 1202 1432 ἔγνω
1225 1376 1515 1436 τὸνἸσραήλς
1552 1382 1647 1438 Ap.

185 1440 394 1481 dixisset:
421 1435 507 1479 IV.
524 1435 651 1478 V.T.
673 1436 704 1479 l.
726 1449 766 1478 r.
790 1437 858 1479 19.
880 1440 923 1477 et
941 1436 1012 1479 20.
1033 1437 1165 1477 allata
1185 1435 1347 1477 favisse
1369 1435 1650 1492 (aliquando)

186 1496 333 1539 Deum
353 1492 590 1542 Israelitis,
610 1493 681 1535 vix
700 1491 877 1547 oblique
899 1493 1098 1547 probant.
1128 1490 1232 1547 Ipsa
1252 1492 1365 1533 enim
1385 1492 1464 1534 hoc
1485 1493 1651 1545 dicunt,

186 1552 330 1595 Deum
351 1549 541 1602 gentiles
562 1548 605 1589 in
624 1562 771 1589 amore
792 1547 1040 1588 habiturum
1072 1562 1112 1590 v,
1133 1549 1203 1590 20.
1234 1561 1371 1604 eaque
1398 1562 1445 1591 re
1468 1547 1652 1591 Israeli-

187 1610 247 1649 tis
280 1605 619 1649 sollicitudinem
649 1611 693 1644 et
721 1603 1060 1655 indignati0n‹·m
1095 1610 1309 1644 moturum
1341 1619 1438 1646 esse
1459 1607 1520 1659 (V.
1544 1607 1650 1661 19.).

196 1662 446 1706 ”bissenum
464 1661 592 1702 verba
624 1660 686 1701 sic
709 1659 881 1717 jungit:
917 1661 976 1714 μὴ
1002 1658 1175 1713 Ἰσραὴλ
1205 1658 1283 1700 οὐκ
1311 1658 1420 1714 ἔγνω
1449 1663 1651 1714 πρῶτοςς

204 1721 267 1762 of.
290 1719 369 1760 Mt.
394 1719 453 1770 c.)
475 1717 515 1759 h.
540 1730 601 1758 sa
634 1731 730 1756 num
752 1716 883 1771 primi
908 1715 1139 1756 israelitae
1161 1730 1242 1757 non
1263 1723 1555 1771 cognoverunt
1576 1731 1650 1774 np.

241 1791 335 1818 eum
375 1773 564 1829 gentiles
594 1773 820 1813 beaturum
847 1768 977 1814 esse?
1022 1774 1310 1827 „Antequam
1343 1780 1496 1826 gentes
1526 1787 1651 1814 voea-

190 1839 369 1882 rentur,
409 1831 493 1870 imo
523 1833 752 1884 antequam
787 1828 950 1868 scirent
977 1842 1025 1870 se
1054 1829 1270 1869 vocandas
1300 1843 1422 1882 esse,
1473 1827 1652 1872 ludaeis

193 1892 272 1932 boc
293 1886 563 1946 praedictum
586 1884 698 1926 est.”
754 1885 820 1926 At
839 1889 1144 1940 praeterquam
1165 1883 1278 1940 quod
1301 1885 1404 1926 haec
1434 1887 1652 1928 sententia

193 1948 257 1989 sic
278 1941 558 2002 exprimenda
583 1946 702 1984 erat:
739 1939 797 1994 μὴ
821 1941 996 1994 πρῶτος
1025 1938 1105 1981 οὐκ
1132 1937 1447 1998 ἔγνωἸσραήλς
1487 1956 1569 1984 non
1599 1943 1653 1983 il-

191 2003 269 2045 lud
290 2014 422 2055 grave
446 1997 585 2040 Paulo
606 1997 648 2039 h.
668 1997 698 2039 l.
720 1997 859 2038 videri
879 1995 1085 2047 debebat,
1114 2010 1206 2037 rem
1236 1997 1360 2053 prius
1390 1999 1655 2054 comperisse

191 2059 408 2105 ludaeos,
439 2070 565 2111 quarn
618 2067 805 2106 aganos,
834 2053 910 2094 sed
931 2053 1010 2094 hoc
1029 2052 1253 2093 dicendum
1276 2059 1391 2106 erat,
1409 2054 1654 2096 innotuisse

194 2130 284 2158 rem
316 2112 512 2158 ludaeis.
619 2110 714 2167 ejus
743 2111 872 2150 etiam
907 2109 1046 2152 Storr.
1075 2109 1238 2165 Opusc.
1268 2108 1384 2162 1,85.
1416 2117 1461 2152 et
1485 2111 1655 2152 Flauus

200 2171 476 2215 Wetstenium
500 2167 676 2222 sequuti
696 2166 822 2207 verba
847 2166 906 2206 ita
929 2165 1208 2221 interpretati
1232 2172 1355 2210 sunt:
1391 2179 1490 2208 num
1519 2166 1653 2223 primi

196 2227 431 2272 israelitae
465 2238 546 2265 non
576 2227 827 2276 acceperunt
859 2221 1118 2274 evanqelinm
1147 2222 1200 2263 ab
1235 2223 1334 2264 Jesu
1369 2226 1413 2264 et
1437 2223 1655 2276 Apostoli:

195 2288 323 2340 (Act.
352 2281 497 2332 13,46.
519 2279 677 2321 Matth.
701 2280 820 2328 10,5.
841 2274 939 2331 0.)?
970 2277 1124 2328 Neque
1147 2278 1260 2318 enirn
1281 2277 1518 2318 doctrinam
1543 2278 1654 2321 divi-

197 2356 293 2384 nam
321 2338 502 2383 ,ludaeis
531 2335 654 2392 prius
682 2348 809 2390 quam
843 2334 1025 2390 paganis
1056 2334 1263 2375 traditum
1298 2334 1353 2375 iri
1380 2333 1439 2376 V.
1469 2334 1527 2377 T.
1567 2334 1654 2377 loci

199 2413 239 2440 v.
264 2398 330 2438 19.
363 2404 406 2436 et
434 2395 506 2435 20.
535 2391 702 2433 dicunt.
770 2390 961 2445 Μωσῆς]
1003 2389 1192 2439 (ι’νὶεεό.,
1230 2389 1435 2442 Κηαρρ.,
1473 2391 1653 2433 Lac-lem.

198 2455 257 2496 al.
278 2451 479 2504 Μωὶἱσῆς
497 2463 546 2490 ex
570 2447 622 2490 F.
647 2447 701 2488 G.
724 2446 780 2488 al.
796 2478 808 2496 ‚
837 2460 877 2487 V.
898 2452 987 2488 not.
1010 2444 1063 2485 ad
1086 2447 1128 2497 9,
1144 2446 1228 2489 15..
1287 2447 1462 2499 πρῶτος
1480 2447 1547 2488 M.
1579 2446 1656 2488 λέ-

198 2512 280 2565 γει]
318 2506 501 2550 semim-2·
528 2503 960 2559 interpretationem:
1006 2503 1160 2552 prior
1188 2501 1340 2542 nobis
1370 2501 1655 2555 Apostolis

199 2565 345 2609 Moses
376 2563 500 2614 dicit,
540 2574 667 2616 quam
698 2573 750 2600 ne
781 2557 1020 2614 disputatio
1049 2556 1221 2613 quidem
1243 2558 1452 2613 Apostoli
1482 2558 1654 2615 recipit,

199 2635 307 2664 vana
343 2619 516 2675 peperit
551 2616 721 2671 opinio,
771 2617 949 2668 πρῶτος
987 2627 1142 2667 graece
1176 2612 1288 2654 idem
1316 2620 1494 2666 notare,
1530 2613 1654 2670 -quod

197 2674 416 2733 πρότερος
438 2673 496 2726 ³³).
559 2671 644 2715 Sed
667 2686 717 2713 ne
739 2670 770 2712 ii
792 2671 964 2726 quidem
997 2671 1108 2711 hunc
1135 2670 1168 2712 l.
1198 2674 1314 2711 recte
1343 2675 1655 2727 exposuerunt,

243 2774 280 2816 *)
313 2771 384 2814 Qui
404 2769 544 2811 πρῶτος
565 2780 630 2813 pro
649 2766 824 2811 πρότερος
841 2773 872 2800 et
888 2767 1038 2808 πρῶτον
1055 2777 1118 2811 pro
1138 2761 1317 2810 πρότερον
1336 2777 1460 2809 graece
1486 2765 1555 2800 diei
1582 2775 1648 2809 pu-

288 2823 404 2849 tarunt
426 2828 465 2847 eo
495 2812 631 2856 ‹lecvpti
663 2819 765 2856 sunt,
803 2813 897 2857 qnod
927 2813 1037 2845 Latini
1069 2810 1128 2843 uhi
1156 2813 1225 2843 dno
1255 2814 1589 2855 caniparantprl'us
1616 2816 1650 2843 et

285 2863 469 2903 posterius
488 2859 720 2903 distinguunt.
767 2859 813 2891 At
831 2856 958 2891 Graeci
977 2869 1084 2900 quum
1106 2857 1201 2901 quod
1224 2856 1336 2890 Latini
1362 2854 1473 2898 prius'
1492 2855 1645 2901 cogitas·
