1715 3115
425 212 583 257 CAP.
616 209 784 257 Vlll.
816 210 908 256 Vs.
939 211 1015 254 33.
1046 214 1099 253 et
1124 210 1223 255 34..
1472 215 1556 257 217

89 320 254 363 coelum
289 318 474 360 intuitus
506 319 590 360 sibi
619 318 737 360 visus
755 322 873 360 esset.
899 331 920 358 a
958 317 1065 358 ertis
1083 317 1194 359 coeli
1215 317 1383 360 foribus
1404 319 1557 364 Jesum

92 377 273 419 videroa
292 376 373 417 Dei
394 376 567 418 dexterai
592 380 794 426 stantem,
823 332 1070 417 nisifosum
1093 374 1133 414 in
1152 375 1271 416 coelo
1284 375 1397 432 apud
1413 376 1557 420 Deum

94 433 260 475 versari
298 434 368 489 pie
410 434 710 474 existimasset
748 432 853 473 Act.
881 433 922 481 7,
943 431 1030 474 55..
1102 429 1353 484 Postremo,
1391 447 1441 474 ne
1470 435 1559 477 alia

90 490 268 541 addam,
303 490 342 530 in
366 491 537 540 multis,
569 503 679 545 quae
700 485 782 529 hinc
803 488 1046 544 pertinent,
1075 488 1106 530 l.
1130 488 1233 540 Ioci,
1275 489 1317 529 in
1340 504 1424 545 quo
1445 505 1559 533 nunc

91 546 296 590 Christus
328 546 408 599 sit,
448 547 567 587 notio
601 554 687 587 tam
718 546 836 586 clare
866 559 1072 600 expressa
1100 549 1191 595 est,
1234 550 1279 586 ut
1300 560 1390 586 eam
1414 548 1560 602 quivis

91 602 415 661 deprehendere
435 603 616 653 debeat,
650 602 734 643 nisi
761 602 829 643 cui
848 601 1091 654 theologica
1123 600 1389 657 praejudicia
1412 606 1560 646 oculo-

93 675 187 702 rum
210 661 342 700 aciem
378 659 676 701 hebetaverint
701 658 796 702 Col.
819 660 912 709 3,1.
935 673 1033 713 sqq.
1070 656 1183 700 Phil.
1201 657 1242 709 3,
1255 658 1324 700 20.
1355 659 1496 704 Hebr.
1517 663 1562 714 4,

94 718 162 759 14.
191 719 233 769 7,
253 717 323 758 26.
350 717 424 759 al..
491 716 783 772 Quamobrem
814 715 877 757 sic
907 716 1054 771 potius
1083 714 1355 757 sentiendum
1377 723 1469 770 est,
1500 717 1561 762 N.

93 773 151 816 T.
169 774 406 829 scriptores
426 771 575 815 Jesum
591 788 639 813 eo
659 785 866 813 summam
881 779 923 812 et
937 771 1190 823 dignitatem
1206 777 1247 812 et
1262 773 1342 813 vim
1358 773 1561 829 adeptum

92 845 189 872 esse
210 829 448 881 censuisse,
481 829 592 886 quod
616 830 653 870 ei
678 830 721 871 in
742 828 897 870 coelum
913 829 1086 868 sublato
1107 828 1260 869 dexter
1279 844 1301 869 a
1320 830 1417 872 Deo
1438 833 1563 874 locus

94 887 347 939 assignatus
379 893 510 929 esset.
583 886 693 927 Nam
725 885 944 942 proximos
984 886 1077 938 regi
1105 884 1291 927 honores
1320 890 1564 945 occupavit,

93 944 162 985 cui
194 959 216 983 a
248 944 364 996 regis
394 942 571 984 dextera
603 943 728 983 sedes
749 940 934 983 dabatur
965 940 1063 996 (Ps.
1097 940 1291 996 45,10.).
1359 945 1565 988 Humana

94 1006 237 1042 autem
258 999 461 1040 instituta
484 1000 692 1057 Apostoli
713 998 767 1040 ad
787 999 954 1040 coelum
976 998 1372 1055 transtuler11nt(v.
1386 1002 1564 1056 Kmtpp.

96 1056 271 1113 Scripta
305 1070 397 1099 var.
425 1071 517 1109 arg.
548 1071 589 1112 p.
615 1057 723 1108 53.).
790 1054 947 1111 Neque
978 1056 1108 1096 aliter
1141 1055 1313 1098 Graeci.
1373 1057 1473 1100 Non
1497 1059 1567 1100 illi

96 1113 380 1163 dubitarunt,
411 1115 514 1167 quin
545 1114 762 1164 Minerva,
802 1111 924 1155 Jovis
947 1112 1064 1162 lilia,
1103 1109 1202 1154 Jovi
1225 1111 1381 1156 dextro
1403 1115 1497 1156 loro
1520 1116 1565 1157 iu

96 1170 288 1226 Olympo
315 1170 531 1212 assideret
557 1170 687 1213 Hom.
724 1167 780 1212 ll.
808 1171 850 1221 7,
869 1169 942 1212 24.
970 1169 1041 1220 24,
1065 1169 1178 1211 100..
1249 1169 1339 1211 Sed
1365 1171 1445 1213 hoc
1469 1173 1567 1228 ipso

97 1227 321 1285 proximos
342 1225 439 1269 vai
461 1228 646 1268 honores
666 1241 761 1267 eam
782 1239 1018 1282 occupasse
1043 1223 1217 1278 (Horat.
1232 1225 1319 1271 Od.
1342 1230 1380 1279 l,
1396 1229 1461 1281 12,
1478 1230 1568 1284 15.)

102 1291 147 1326 et
169 1283 431 1325 auctoritate
463 1284 587 1328 Jovis
609 1283 785 1325 nuntios
805 1283 976 1324 vincere
1001 1287 1274 1335 statuerunt,
1309 1285 1466 1340 quoda
1490 1285 1570 1330 Jo-

99 1343 164 1383 vis
202 1339 378 1382 dextera
429 1341 617 1383 sederet.
686 1338 797 1381 Item
828 1339 1020 1396 Apollo,
1059 1337 1183 1382 Jovis
1213 1340 1331 1382 filius
1358 1342 1490 1386 Hom.
1510 1341 1569 1387 11.

97 1399 141 1450 7,
161 1398 255 1449 23.,
294 1397 425 1438 choro
457 1397 696 1455 praemium
728 1397 978 1453 persolvere
1015 1401 1184 1452 potest,
1233 1398 1333 1452 quia
1361 1400 1416 1439 ab
1444 1399 1568 1443 Jovis

100 1454 278 1496 dexterii
306 1453 450 1497 sedet:
483 1469 521 1497 v.
543 1454 720 1506 Knupp.
746 1455 777 1497 l.
797 1468 835 1497 c.
855 1458 899 1493 et
921 1452 1143 1495 Dissenius
1162 1452 1217 1494 ad
1241 1453 1367 1499 Pind.
1388 1456 1569 1510 Fragm.

100 1510 188 1563 Xl,
207 1512 249 1554 9.
277 1511 400 1566 (Πῦρ
423 1510 629 1558 πνέοντος
647 1507 674 1550 ἃ
703 1525 749 1551 τε
781 1510 993 1562 κεραυνοῦ
1021 1511 1026 1558 Ι
1053 1508 1236 1563 ἄγχιστα
1276 1510 1422 1560 δεξιὰν
1459 1512 1572 1555 κατὰ

97 1571 224 1622 χεῖρα
252 1567 424 1618 πατρὸς
450 1567 454 1621 1
480 1565 630 1622 ἵξεαι.)
658 1564 722 1619 ll,
747 1580 792 1623 p.
813 1566 913 1608 (555.
981 1561 1093 1607 εἶναι
1127 1563 1178 1607 ἐν
1218 1565 1341 1623 δεξιᾷ
1367 1585 1486 1619 τινος
1517 1571 1571 1613 in

100 1625 282 1666 dextera
312 1622 497 1678 alicujus
523 1638 612 1665 esse
634 1622 675 1665 h.
695 1637 734 1666 e.
756 1623 815 1664 ihi
838 1637 958 1673 esse,
998 1623 1071 1664 ubi
1091 1622 1222 1664 alicui
1244 1638 1267 1664 a
1289 1623 1468 1669 dexterzi
1489 1627 1572 1671 sis.

102 1679 172 1723 Cf.
200 1680 252 1720 de
283 1680 361 1721 hoc
391 1694 471 1720 usu
505 1676 550 1721 ἐν
575 1683 595 1721 1
622 1678 741 1722 Petr.
762 1680 889 1732 3‚22.
921 1680 1038 1722 Xen.
1061 1680 1207 1723 Anah.
1234 1682 1325 1734 1‚5‚
1342 1684 1381 1724 l.
1403 1684 1445 1727 5.
1476 1683 1575 1736 5,2,

101 1737 176 1780 24.
196 1736 285 1780 25..
316 1729 365 1784 ‘dg
386 1737 457 1777 καὶ
479 1732 720 1790 ἐντυγχάνει
741 1730 853 1793 tingo
878 1733 1013 1792 ἡμῶν]
1035 1735 1184 1779 Jesum
1206 1739 1326 1780 coelo
1349 1747 1573 1796 receptum

104 1808 184 1850 pro
206 1793 299 1834 suis
320 1793 507 1833 alumnis
538 1793 651 1847 apud
675 1792 819 1834 Deum
843 1792 1069 1849 deprecari
1093 1794 1244 1849 utique
1268 1795 1575 1840 existimarunt

106 1849 318 1903 Apostoli
350 1853 409 1902 (v.
445 1848 598 1891 Rueck.
628 1854 670 1889 et
690 1849 837 1892 Reick.
870 1856 913 1891 et
932 1864 1042 1905 quae
1065 1848 1102 1902 I,
1122 1851 1220 1893 276.
1243 1852 1358 1894 etad
1376 1853 1418 1905 8,
1430 1854 1502 1898 26.
1527 1855 1575 1897 in

107 1905 302 1962 subjecta
325 1905 422 1946 notzi
444 1919 465 1943 a
489 1905 612 1946 nobis
634 1904 1022 1962 disputatasunt.).
1061 1906 1190 1948 Multi
1214 1908 1492 1965 interpretes,
1524 1914 1576 1953 ut

106 1964 179 2004 hic
211 1976 382 2017 quoque
413 1975 499 2000 rem
534 1962 846 2012 extundet-ent,
887 1977 996 2018 quae
1020 1964 1074 2003 ab
1095 1964 1203 2019 ipsis
1222 1965 1340 2008 credi
1364 1981 1491 2023 posse
1511 1968 1577 2009 vi-

106 2018 311 2069 deretur,
360 2019 657 2073 loquutionem
698 2017 894 2073 Χρισιὸς
931 2017 1172 2073 ἐπιτυγχάνει
1213 2022 1275 2076 τῷ
1320 2021 1415 2078 θεῷ
1462 2020 1579 2081 ὑπὲρ

107 2072 228 2132 ἧμῶν
258 2076 442 2125 ligur-'ite
464 2088 544 2115 non
566 2075 742 2131 proprie
764 2075 1085 2130 explicuerunt.
1136 2076 1438 2132 Gm-ysostomo,
1467 2095 1578 2137 quo-

108 2146 202 2174 cum
241 2132 487 2173 Theodorei.
521 2136 563 2171 et
596 2131 775 2185 Tleeoph.
806 2131 992 2182 faciunt,
1035 2133 1145 2173 nihil
1167 2133 1252 2175 nisi
1272 2137 1460 2190 amoris,
1492 2151 1579 2194 quo

111 2203 190 2230 nos
211 2186 415 2231 Christus
439 2194 746 2242 prosequatur,
779 2187 1029 2240 magnitudo
1050 2195 1092 2229 et
1113 2190 1379 2233 vehementia
1404 2191 1581 2250 ἄνθρω-

111 2246 336 2293 ποπαῧῶς
364 2260 404 2287 a.
439 2245 486 2287 Ρ.
509 2244 722 2285 declarari
753 2244 940 2288 videtur.
999 2245 1219 2300 Calvinus,
1248 2249 1347 2304 quia
1372 2250 1580 2293 Christus

110 2308 349 2358 „appareat
373 2301 548 2342 assidue
572 2300 709 2357 [apud
734 2300 893 2354 Deum]
915 2315 1009 2342 cum
1034 2308 1171 2343 morte
1191 2310 1234 2345 et
1255 2308 1580 2349 resurrectione

112 2361 207 2411 suti,
237 2372 346 2414 quae
368 2358 456 2399 vice
477 2358 562 2400 sint
586 2365 787 2398 aeternae
809 2359 1139 2400 intercessionis
1158 2366 1201 2401 et
1221 2361 1344 2404 vivae
1365 2365 1581 2407 orationis

112 2415 349 2456 efficaciam
384 2415 594 2466 habeant,
627 2420 673 2455 ut
703 2421 870 2470 putrem
894 2415 1019 2456 nobis
1050 2417 1285 2459 concilient
1315 2426 1446 2476 atque
1477 2435 1580 2463 exo-

112 2472 296 2514 rabilem
338 2471 563 2513 redaelant”2
588 2470 749 2512 idcirco
791 2486 886 2512 eum
928 2473 1113 2522 „merito
1149 2472 1235 2514 dici
1283 2476 1582 2520 intercedere''

80 2534 84 2538 '
143 2528 328 2571 erhibet.
400 2529 496 2570 Alii
533 2528 644 2568 alias
686 2542 821 2582 nugas
868 2530 1111 2584 proferunt.
1192 2531 1354 2575 Totius
1393 2535 1426 2577 l.
1466 2534 1583 2576 ratio

112 2543 218 2627 flacc
250 2591 340 2627 est:
387 2584 549 2640 Ecquis
589 2584 784 2625 homines
824 2600 847 2624 a
878 2584 976 2626 Deo
1014 2585 1205 2629 delectos
1233 2591 1474 2646 postulabit
1511 2594 1584 2646 (ut

115 2644 366 2698 peccatores
398 2643 484 2682 vitai
521 2641 698 2682 aeternat
731 2637 987 2695 imlignos)?
1043 2642 1167 2685 Deus
1200 2645 1238 2686 is
1271 2653 1362 2700 est,
1402 2650 1478 2704 qui
1514 2649 1584 2711 ifl-

114 2697 364 2751 tegritatem
390 2698 445 2739 iis
465 2698 649 2741 tribuat.
710 2698 872 2753 Ecquis
893 2704 983 2750 est,
1015 2701 1090 2755 qui
1112 2713 1186 2742 eos
1204 2702 1269 2756 (in
1292 2704 1584 2762 sollemniju-

115 2754 251 2805 (licio)
270 2754 524 2796 condemnet
546 2758 610 2809 (et
630 2754 937 2796 condemnatos
961 2756 1003 2797 in
1023 2770 1230 2810 geennam
1252 2758 1584 2819 abirejubeat)?

117 2811 321 2853 Christus
352 2812 595 2865 (hominum
620 2810 775 2867 judex)
814 2812 850 2853 is
888 2817 982 2864 est,
1031 2814 1107 2868 qui
1140 2818 1308 2868 (amore
1349 2819 1585 2872 adductus)

119 2871 315 2910 mortuus
336 2868 410 2922 sit,
439 2869 524 2911 imo
549 2882 649 2911 vcro
672 2868 745 2924 qui
773 2869 943 2924 [etiam]
969 2871 1175 2914 rement
1196 2880 1260 2925 (ut
1277 2876 1410 2931 possit
1430 2876 1584 2920 {inficis
