1715 3115
483 153 642 201 CAP.
672 152 845 200 Vlll.
877 153 971 199 Vs.
1001 153 1044 201 3.
1075 157 1129 198 et
1156 154 1220 200 4..
1505 156 1591 198 107

119 273 336 326 καίωμα
367 274 468 314 τοῦ
498 268 670 325 νόμου
701 265 999 324 πληρωθῇ
1030 270 1313 325 declaratur).
1385 270 1474 314 Sed
1515 287 1592 316 ne-

118 332 314 388 quivisse
332 329 654 371 absolutionem
685 329 858 372 ve'tulem
887 329 930 369 in
962 328 1209 370 hominibus
1242 329 1410 382 corpori
1439 344 1590 372 eman-

114 388 274 443 cipatis
296 393 432 427 ratam
454 385 549 427 lieri
572 400 694 428 nemo
724 400 807 427 non
829 385 1056 437 intelligit.
1116 383 1289 441 Corpus
1313 386 1427 427 enim
1443 419 1454 439 ,
1477 402 1589 442 quo-

115 445 231 485 niam
258 442 461 484 Peccatui
479 443 614 484 servit
635 443 826 498 (7‚18.)‚
858 447 1036 483 mortem
1059 446 1203 493 creat,
1233 455 1317 482 non
1344 443 1476 484 vitam
1512 459 1590 500 pa-

114 501 177 542 rit
199 501 353 554 (8‚0.).
416 498 567 541 Potuit
586 500 730 541 vitalis
749 498 862 553 legis
889 513 997 539 mos.
1027 497 1249 539 absolutio
1282 498 1326 539 in
1358 499 1414 540 iis
1447 500 1590 542 homi-

114 558 245 598 nibus
266 562 466 598 eventum
490 556 676 608 habere,
707 556 782 611 qui
806 555 895 598 div.
931 555 1135 610 spiritum
1166 555 1315 596 ducem
1347 570 1590 613 sequeren-

114 619 206 656 tur.
275 613 357 655 Est
392 613 506 654 enim
539 612 626 654 div.
656 613 843 668 spiritus
876 612 1030 652 natura
1064 611 1239 663 vitalis,
1277 626 1408 667 quum
1438 629 1589 669 pacem

115 685 212 712 cum
233 670 331 712 Deo
358 675 656 722 coagmentet,
688 683 772 710 non
804 667 1059 710 seditionem
1092 668 1135 709 in
1157 667 1302 709 Deum
1334 670 1495 712 conflet
1525 671 1590 724 (8,

114 728 198 779 6.).
257 726 414 782 ltaque
436 727 558 768 Deus
579 740 657 782 per
678 725 872 777 Christi,
902 725 975 781 qui
997 729 1040 766 et
1064 724 1422 769 innocentissime
1449 727 1590 770 vixis-

115 787 186 826 set
214 788 258 825 et
285 788 466 841 propter
493 782 725 825 Peccatum
752 783 928 833 legatus
965 786 1108 834 esset,
1157 788 1341 824 mortem
1371 784 1591 838 imagina-

115 841 227 882 riam
251 855 398 882 necem
423 838 631 882 Peccatui
652 840 814 881 obtulit
837 839 880 880 in
912 852 1121 895 corpore,
1159 844 1206 880 ut
1235 839 1511 882 absolutoria
1544 847 1590 884 et

115 897 269 939 vitalis
289 897 404 951 legis
426 910 536 939 mos,
558 897 777 938 sententia
806 900 902 937 rata
934 895 1059 936 lieret
1086 895 1130 936 in
1159 895 1286 937 nobis
1313 897 1588 952 (hominibus

115 953 294 1007 christ.)
324 953 399 1010 qui
428 957 580 1009 (quum
614 953 788 1010 corpori
818 953 1098 1009 pestilentem
1130 952 1216 994 vim
1238 951 1453 1008 Peccata,
1491 969 1590 998 cor-

114 1010 239 1067 poris
261 1016 542 1067 corruptore,
569 1010 803 1052 interemto
827 1009 994 1052 Christi
1014 1013 1152 1050 morte
1172 1023 1251 1066 per
1278 1010 1486 1065 ambages
1511 1012 1590 1054 ad-

115 1073 274 1109 emtam
293 1081 391 1109 esse
411 1067 646 1120 sciremus)
664 1081 747 1108 non
769 1066 968 1123 corporis
988 1066 1050 1119 (vi
1073 1066 1150 1107 sua
1166 1068 1347 1122 privati)
1362 1067 1590 1124 impetum,

116 1124 194 1166 sed
215 1125 359 1166 vitulis
380 1124 566 1180 spiritus
588 1126 681 1176 8‚6.
701 1124 797 1180 (qui
823 1123 1070 1165 hominibus
1084 1122 1252 1166 Christi
1275 1124 1488 1168 beneficio
1509 1142 1587 1168 ex-

114 1181 277 1238 piatis,
326 1185 534 1236 tanquam
566 1179 742 1223 dilectis
774 1181 903 1233 filiis,
951 1193 975 1220 a
1007 1179 1106 1221 Deo
1136 1180 1224 1222 dux
1257 1181 1516 1239 adjungitur
1543 1177 1588 1237 8,

117 1239 188 1280 14.
212 1252 283 1294 sq.
303 1237 404 1281 Gal.
427 1238 544 1290 4,6.)
573 1237 748 1280 ductum
780 1250 1079 1294 sequeremur.
1138 1235 1213 1279 sic
1240 1236 1291 1282 P.
1322 1240 1587 1282 sententiam

116 1308 157 1337 v.
179 1295 248 1344 2.,
276 1309 386 1351 quae
405 1295 445 1336 ei
464 1294 721 1350 explicanda
747 1301 864 1346 erat,
895 1292 1121 1351 exposuit:
1150 1295 1292 1347 legem
1316 1296 1464 1338 vitalis
1492 1298 1587 1355 spi-

115 1351 230 1393 ritus
260 1352 458 1393 homines
488 1352 642 1394 christ.
670 1366 693 1393 a
723 1352 822 1407 lege
853 1350 1066 1394 Peccatus
1096 1355 1141 1392 et
1161 1351 1322 1394 Mortis
1349 1352 1587 1400 liberasse.

114 1408 321 1451 Ceterum
342 1407 473 1450 verba
494 1422 534 1452 v.
553 1409 599 1453 4.
626 1411 719 1458 τοῖς
744 1408 805 1464 μὴ
833 1425 871 1449 κ.
901 1421 939 1449 σ.
973 1421 1044 1454 m,
1090 1406 1132 1449 α’.
1164 1425 1202 1449 κ.
1226 1410 1310 1450 Πν.
1337 1412 1587 1455 sententiae

115 1470 420 1521 superstructa
453 1470 580 1518 sunt,
625 1479 753 1521 quam
789 1464 901 1506 nulli
928 1463 1196 1507 dubitationi
1222 1466 1457 1509 obnoxiam
1485 1483 1587 1512 esse

115 1522 307 1578 scriptor
323 1521 533 1574 credidit,
563 1536 708 1563 mores
729 1536 812 1563 non
833 1535 962 1578 posse
983 1521 1069 1563 nisi
1088 1522 1238 1564 autad
1258 1524 1460 1580 corporis
1481 1526 1588 1568 libi-

114 1577 257 1630 dines,
275 1583 352 1620 aut
372 1579 427 1620 ad
446 1578 534 1622 div.
555 1579 741 1636 spiritus
760 1582 994 1635 praecepta
1015 1579 1360 1633 accommodari,
1380 1586 1428 1623 ut
1452 1597 1586 1639 quum

112 1634 210 1677 illis
238 1633 501 1677 valedixeris
530 1634 667 1677 divini
699 1635 887 1691 spiritus
915 1635 979 1677 sis
1007 1633 1270 1692 discipulus.
1299 1664 1357 1669 —
1414 1639 1587 1682 Admo-

114 1690 216 1732 dum
236 1691 463 1745 ingeniosa
487 1692 594 1734 haec
618 1691 747 1735 Pauli
770 1697 837 1734 est
865 1691 918 1733 de
940 1689 1153 1734 Peccatus
1181 1694 1223 1735 vi
1252 1709 1333 1751 per
1357 1694 1586 1740 Christum

114 1747 255 1789 fracta
295 1748 537 1804 disputatio
575 1763 711 1806 eaque
741 1748 795 1789 ad
827 1749 1005 1790 virtutis
1034 1749 1227 1792 studium
1258 1752 1302 1792 in
1334 1753 1588 1796 hominibus

114 1803 273 1846 christ.
300 1809 344 1845 et
371 1804 645 1847 excitandum
678 1811 723 1847 et
754 1805 956 1848 alendum
988 1807 1327 1852 accommodata.
1394 1809 1453 1852 Et
1481 1816 1588 1867 apta.

116 1864 222 1902 sunt
243 1859 359 1901 inter
387 1875 434 1902 se
467 1868 511 1902 et
537 1863 816 1904 cohaerentia
849 1876 960 1918 quae
982 1860 1149 1904 Paulus
1179 1863 1316 1917 dixit,
1354 1866 1394 1907 si
1421 1866 1462 1909 ei
1490 1874 1585 1910 tum

117 1931 230 1972 quae
246 1917 327 1968 7,7
346 1941 401 1948 —
421 1917 494 1961 24.
515 1916 759 1975 disputavit
774 1923 865 1960 tum
889 1933 999 1974 quae
1019 1919 1114 1970 8,3.
1143 1920 1187 1963 4.
1220 1922 1380 1964 sumsit
1406 1938 1587 1965 conces-

115 1973 246 2015 seris.
308 1971 436 2015 Unus
464 1979 606 2015 tamen
639 1975 873 2031 scrupulus
905 1974 1085 2018 residet.
1143 1975 1258 2018 Nam
1294 1993 1427 2034 quum
1457 1980 1585 2022 Deus

117 2028 258 2072 Paulo
280 2037 457 2071 auctore
485 2044 563 2086 per
590 2032 730 2085 legem
762 2045 871 2074 mos.
894 2029 1105 2073 Peccatus
1135 2033 1220 2074 vim
1247 2040 1427 2088 praeter
1455 2043 1585 2079 nam-

114 2100 193 2129 rae
221 2086 412 2127 ordinem
440 2087 652 2143 leyemque
679 2087 854 2129 auxerit
881 2087 1071 2141 (7‚13.),
1110 2092 1187 2145 qui
1221 2091 1328 2132 haec
1357 2093 1584 2147 cogitatio,

113 2142 259 2184 Deum
282 2141 486 2195 Christo,
526 2144 599 2199 qui
630 2144 740 2184 nihil
769 2143 1033 2200 deliquisset
1061 2148 1105 2185 et
1135 2154 1319 2204 propter
1348 2146 1584 2192 Peccatum

116 2200 279 2240 missus
300 2206 443 2252 esset,
475 2200 704 2242 interfecto
725 2205 816 2241 inm
839 2215 982 2241 necem
1004 2200 1206 2244 Peccaiui
1227 2205 1463 2248 intentasse
1490 2212 1585 2249 tum

115 2269 289 2308 eorsum,
323 2255 531 2298 I'eccatus
547 2257 831 2308 domicilium,
866 2257 1046 2299 diruisse
1073 2258 1118 2301 h.
1149 2273 1188 2302 e.
1216 2275 1350 2316 neque
1372 2262 1582 2306 Peccatus

114 2312 298 2364 imperia
317 2314 586 2368 exsequenda
605 2328 696 2355 esse
715 2327 845 2369 neque
863 2312 1129 2355 libidinosum
1157 2317 1346 2371 corporis
1374 2318 1578 2371 impetum

113 2369 395 2423 sequendum,
448 2369 696 2411 hominibus
734 2370 889 2411 christ.
929 2384 1006 2425 per
1047 2371 1253 2423 ambages
1293 2374 1585 2430 significasse,

116 2425 511 2467 extraordinariam
532 2427 652 2469 illam
675 2431 719 2468 et
738 2426 1134 2482 inexsuperabilem
1154 2431 1217 2484 (7,
1232 2429 1454 2485 13—24.)
1473 2431 1584 2475 Pec-

115 2485 243 2522 catus
265 2481 347 2521 vim
369 2480 527 2525 sistere
551 2484 716 2540 possit,
746 2483 832 2524 nisi
855 2482 978 2524 Deus
1000 2483 1255 2527 eth-enatum
1281 2484 1493 2532 Peccatus
1512 2491 1584 2531 fu·-

58 2573 61 2576 ,
116 2550 259 2578 rorem
281 2543 382 2593 post
402 2538 542 2591 legem
566 2555 588 2580 a
612 2540 733 2581 Mose
752 2541 885 2581 latam
907 2540 1112 2582 miraculo
1132 2556 1359 2585 accensum
1379 2559 1481 2588 novo
1501 2547 1584 2588 mi·-

115 2594 261 2635 raculo
291 2600 521 2651 postquam
544 2597 747 2639 Christus
780 2597 821 2637 in
854 2597 990 2637 lucem
1024 2596 1168 2640 editus
1200 2606 1320 2641 esset
1347 2601 1584 2656 sedaverit,

117 2651 231 2704 quod
253 2664 275 2689 a
299 2652 394 2692 Deo
419 2655 578 2694 factum
602 2668 701 2694 esse
729 2651 778 2695 P.
802 2666 884 2694 non
909 2652 1034 2705 dixit,
1055 2653 1243 2711 intelligi
1263 2658 1394 2713 plane
1414 2660 1582 2715 nequit.

115 2704 353 2748 Praeterea
383 2722 431 2748 ea
463 2723 606 2751 rerum
635 2718 856 2761 gestarum
886 2709 1216 2765 interpretatio,
1266 2715 1351 2769 qua
1381 2716 1493 2757 alias
1523 2718 1581 2758 iis

116 2776 188 2803 res
211 2777 286 2818 per
308 2765 516 2819 ambages
535 2767 806 2819 significatas
827 2780 925 2807 esse
944 2766 1089 2820 dicas,
1117 2775 1162 2811 et
1181 2771 1408 2824 ingeniosa
1445 2778 1488 2814 ct
1516 2775 1582 2814 le·-

118 2818 217 2875 pida
247 2833 344 2862 esse
375 2829 518 2877 potest
549 2824 757 2881 ejusque,
796 2823 865 2865 cui
888 2824 979 2881 jam
1010 2824 1186 2869 aliunde
1215 2828 1268 2871 de
1297 2829 1486 2887 alicujus
1514 2832 1581 2873 rei
