1715 3115
176 229 258 271 190
459 225 837 270 EPISTOLA
869 225 970 270 AD
1003 224 1365 270 ROMANOS

174 334 284 377 muti
304 333 490 391 spiritus
513 346 551 376 e.
571 333 762 388 gemitus
781 332 917 376 velint
938 332 1063 377 Deus
1083 333 1307 389 intelligat
1328 336 1388 389 (v'.
1408 332 1515 388 26.).
1561 329 1635 375 In-

173 391 306 433 clusit
326 405 418 432 enm
435 389 484 433 P.
506 389 918 448 circumloquutioni
941 385 963 430 ὅ
982 389 1168 446 ἐρευνῶν
1182 390 1259 440 τὰς
1278 388 1637 446 καρδίας(Αροο.

173 448 216 501 2,
227 448 297 491 23.
321 446 396 490 Ps.
415 449 460 499 7,
477 448 582 501 10.).
650 447 718 490 Cf.
741 447 869 499 4‚24.
901 447 1050 500 8‚11.:
1089 446 1185 488 Scit
1211 453 1355 488 autem
1380 446 1451 504 qui
1477 450 1637 488 mentes

172 509 417 556 scrutatur,
445 503 692 561 cujusmodi
722 504 780 546 sit
811 503 899 546 div.
931 505 1119 561 spiritus
1147 503 1390 560 inceptum,
1428 507 1505 544 aut
1530 501 1636 559 quid

175 560 362 618 spiritus
383 575 420 603 s.
444 566 573 616 paret
594 568 725 616 atque
749 559 961 605 intendat.
1021 560 1304 617 Exploratum
1319 559 1415 602 Deo
1434 565 1517 612 est,
1536 558 1637 616 quia

177 622 338 659 mentes
355 621 577 659 scrutatur
604 622 644 659 et
679 616 864 671 coyitata
888 618 1121 672 perspicit,
1162 631 1246 673 quo
1279 621 1477 674 spectent
1504 614 1638 672 spiri-

176 679 249 716 tus
281 687 319 716 s,
349 673 563 728 gemitus:
613 673 758 714 verbis
787 687 869 714 non
900 688 1010 730 opus
1042 679 1132 725 est,
1173 672 1333 728 quibus
1392 686 1470 714 uae
1495 675 1638 714 mente

174 730 352 772 volvens
374 729 631 784 ingemiscat
650 729 737 772 div.
767 729 953 787 spiritus
973 730 1070 772 Deo
1104 730 1311 786 explicet.
1360 687 1534 772 Q'erbts
1568 727 1639 770 ὅτι

175 803 212 827 κ.
233 788 282 828 θ.
304 783 339 829 ἐ.
364 781 404 828 ὖ.
425 781 465 828 ἆ.
486 785 790 843 praecedentia
813 800 928 828 voce.
955 784 1000 828 τί
1026 784 1076 826 τὸ
1110 782 1317 842 φρόνημα
1343 800 1381 828 τ.
1407 785 1485 828 Πν.
1513 797 1639 826 accu-

176 843 320 884 ratius
341 842 692 886 constituuntur:
721 842 804 884 scit
824 842 947 884 Deus
966 841 1153 899 spiritus
1173 855 1209 885 s,
1230 843 1470 898 inceptum,
1501 844 1641 896 (nem-

173 900 251 955 pe)
289 913 385 941 eum
425 898 540 955 apud
570 899 711 941 Deum
754 913 834 956 pro
867 897 1083 957 ejusmodi
1112 898 1380 951 hominibus,
1429 897 1505 954 qui
1533 896 1641 953 (fide

177 954 358 999 Christo
388 955 616 1014 adjunctfi)
645 955 742 998 Deo
772 956 1015 997 consecrati
1047 954 1160 1007 sint,
1198 954 1451 1010 (gemendo)
1479 952 1639 1010 depre-

174 1012 283 1055 cari.
343 1011 413 1056 Cf.
435 1013 644 1068 Krueyer.
667 1012 723 1054 ad
741 1012 858 1055 Xen.
882 1012 1029 1056 Anab.
1054 1010 1225 1063 1‚8‚21.
1245 1009 1418 1067 καὶγὰρ
1437 1010 1536 1068 ᾔδει
1555 1005 1641 1052 αὗ-

173 1067 250 1109 τὸν
272 1065 341 1110 ὅτι
361 1068 497 1121 μέσον
517 1066 610 1120 ἔχοι
633 1070 713 1110 τοῦ
736 1069 960 1124 Περσικοῦ
993 1064 1341 1123 στρατεύματος,
1382 1075 1472 1110 not.
1500 1080 1555 1110 m.
1584 1064 1639 1107 ad

175 1125 313 1167 Marc.
333 1140 377 1182 p.
401 1126 473 1168 34.
496 1132 539 1167 et
561 1127 583 1167 l
602 1123 704 1169 Joh.
724 1125 821 1168 4.8.
842 1120 864 1168 ὃ
885 1123 945 1179 μὴ
966 1122 1147 1179 ἀγαπῶν
1169 1121 1248 1165 οὔκ
1269 1121 1377 1178 ἔγνω
1394 1122 1486 1165 τὸν
1504 1121 1642 1164 θεὸν

175 1182 266 1223 ὅτι
304 1178 327 1221 ὃ
359 1181 496 1230 θεὸς
524 1178 710 1236 ἀγάπη
743 1179 919 1222 ἐστίν.
960 1181 1070 1222 κατὰ
1095 1177 1222 1235 θεόν]
1266 1181 1312 1222 in
1340 1180 1481 1222 Deum
1517 1178 1642 1236 (suasi

176 1252 397 1280 conversus
417 1239 446 1282 i.
469 1253 507 1282 e.
537 1252 681 1281 corum
708 1238 822 1289 Deo,
861 1238 976 1292 apud
992 1238 1154 1289 Deum,
1192 1242 1241 1278 ut
1269 1241 1410 1289 recte,
1447 1235 1640 1286 Boehm„

176 1293 348 1345 Reich„
387 1295 492 1336 We'n.
513 1308 579 1348 gr.
603 1308 646 1351 p.
665 1295 766 1337 380.
787 1294 845 1337 al.
907 1294 974 1337 Cf.
996 1293 1105 1335 κατὰ
1132 1291 1372 1348 πρόςωπον
1389 1291 1497 1336 Luc.
1516 1291 1639 1343 2‚31.

182 1350 284 1393 Gal.
305 1350 433 1403 2‚11.
456 1350 665 1406 Thucyd.
698 1352 845 1404 1‚106.
876 1349 1010 1393 Diod.
1037 1350 1185 1402 14,26.
1215 1355 1257 1392 et
1281 1344 1370 1391 κατ’
1392 1343 1514 1402 ἷίμμα
1534 1347 1641 1391 Eur.

175 1407 394 1451 Androm.
409 1409 550 1452 1065..
593 1407 708 1449 Male
732 1407 899 1451 Rueck.
921 1408 984 1448 sic
1008 1405 1248 1449 pronomen
1269 1405 1514 1462 ponendum
1529 1405 1640 1446 fuis-

176 1477 224 1505 se
245 1462 420 1520 objecit.
476 1463 627 1507 Potuit
647 1462 737 1505 κατ’
760 1459 893 1506 αὐτόν
914 1463 1063 1514 scribi,
1085 1477 1168 1505 non
1190 1463 1357 1507 debuit.
1417 1461 1530 1504 Nam
1550 1460 1641 1503 dis-

176 1521 384 1572 tinctius,
407 1535 535 1576 quam
557 1521 848 1562 necessarium
872 1521 1030 1572 fuerat,
1050 1521 1171 1576 loqui
1196 1518 1336 1561 Paulo
1359 1519 1499 1562 licuit.
1558 1517 1642 1560 Pe-

171 1576 248 1634 jus
270 1578 400 1619 etiam
422 1577 580 1620 Rueck.
604 1577 857 1620 Articulum
879 1575 990 1619 κατᾶ
1010 1575 1103 1619 τὸν
1125 1574 1235 1618 θεόν
1265 1576 1513 1633 requisivit.
1571 1573 1642 1618 Cf.

271 1748 309 1775 ut
328 1741 451 1775 amicis
472 1742 542 1775 suis
555 1767 564 1784 ‚
593 1753 745 1784 quorum
767 1741 967 1775 miserrima
986 1741 1020 1774 in
1041 1739 1106 1776 hile
1124 1738 1216 1776 terrfi
1241 1740 1401 1775 conditio
1420 1745 1521 1783 esset,
1539 1739 1644 1784 prod-

272 1795 361 1821 esset
382 1787 525 1830 (Matth.
543 1788 707 1831 28,90.)?
732 1789 846 1822 Aucta
865 1793 916 1820 est
933 1787 1018 1820 baec
1044 1787 1217 1821 sententia
1245 1793 1430 1831 postquam
1453 1786 1644 1821 Christiani

270 1833 393 1867 Jesum
409 1846 510 1866 suum
532 1834 737 1878 pontificem
757 1833 969 1874 maximum,
995 1833 1108 1875 quiin
1129 1835 1248 1875 caelo,
1276 1844 1381 1876 vero,
1417 1845 1492 1866 non
1520 1833 1642 1866 adum·

272 1880 394 1918 hrum,
420 1879 555 1922 templo
576 1892 673 1912 sacra
695 1880 842 1918 faceret,
867 1879 1022 1912 venerati
1043 1885 1137 1914 sunt.
1183 1878 1267 1912 Erat
1290 1884 1406 1912 autem
1423 1878 1644 1912 ,Iudaeorum

271 1924 430 1968 pontifici
452 1925 605 1958 maximo
625 1935 688 1967 pro
710 1926 842 1969 populo
864 1924 939 1968 jud.
960 1924 1113 1967 peccatis
1137 1923 1382 1959 contaminato
1412 1923 1505 1968 apud
1524 1922 1643 1958 Deum

273 1971 552 2013 deprecandum.
603 1971 721 2003 Multo
750 1971 862 2015 magis
889 1970 957 2004 hoc
983 1969 1122 2003 Christo
1148 1981 1213 2015 pro
1239 1969 1309 2003 suis
1334 1969 1490 2003 alumnis
1513 1969 1644 2004 facien-

273 2016 358 2048 dum
387 2023 480 2058 erat,
504 2017 662 2059 perfecto
690 2016 867 2060 pontificis
895 2015 1035 2049 maximi
1062 2015 1248 2060 exemplari
1268 2015 1378 2050 Hebr.
1409 2015 1508 2062 7725.
1531 2016 1642 2052 924..

271 2062 432 2096 Fortasse
460 2063 562 2095 ctiam
589 2069 869 2096 consentaneum
896 2061 1076 2095 nonnuliis
1102 2062 1218 2097 visum
1247 2067 1317 2101 est,
1343 2060 1509 2095 Messinm
1529 2060 1645 2094 Mosis

271 2107 466 2151 exemplum
487 2108 614 2141 imitari
637 2109 743 2141 Exod.
762 2107 883 2148 3230.
904 2120 969 2152 sqq
988 2133 997 2141 .
1045 2107 1234 2141 Postremo
1260 2105 1320 2140 illa
1345 2105 1519 2140 sententia
1544 2106 1644 2151 gravi

271 2150 357 2186 cur-2¹
383 2158 416 2186 et
444 2154 684 2187 sollicitudine
712 2153 932 2187 Christianos
955 2153 1128 2187 liberavit.
1185 2151 1331 2186 Scilicet
1363 2151 1452 2185 ratio
1486 2151 1644 2184 ineunda

272 2205 368 2241 erat,
399 2196 465 2243 qual
484 2198 581 2232 Deus
602 2199 792 2232 levioribus
809 2205 839 2232 et
868 2211 956 2243 quae
982 2197 1180 2233 condonari
1205 2208 1308 2241 posse
1332 2196 1541 2232 viderentur
1565 2208 1644 2241 pec·

271 2244 357 2277 catis
382 2245 423 2277 ab
450 2243 655 2278 hominibus
675 2250 875 2287 postquam
905 2244 1050 2277 Christo
1066 2246 1184 2289 fidem
1210 2243 1478 2288 adjunxissent
1502 2242 1645 2286 patratis

272 2290 409 2322 veniam
443 2290 551 2324 daret.
609 2291 750 2323 Etenim
778 2289 908 2324 Christi
941 2290 1113 2333 supplicio
1143 2302 1180 2322 ea
1213 2288 1464 2322 tantummodo
1499 2294 1643 2333 peccata

270 2334 400 2378 expiata
425 2341 526 2372 sunt,
576 2348 665 2381 quae
690 2335 768 2381 quis
794 2334 1029 2369 commisisset
1051 2336 1266 2377 priusquam
1292 2337 1342 2366 ad
1370 2333 1512 2368 Christi
1532 2345 1644 2366 sacra

270 2381 480 2414 accessisset
498 2381 600 2425 (Eph.
623 2382 693 2422 1,7.
711 2380 756 2415 cl.
775 2382 805 2420 5,
818 2382 848 2414 5.
868 2380 975 2416 Hebr.
998 2381 1118 2421 10,26.
1138 2382 1213 2420 al.).
1263 2380 1386 2425 Itaque
1405 2378 1564 2414 Christus
1587 2378 1643 2412 de-

273 2433 437 2469 precator
462 2427 495 2459 in
525 2427 623 2460 caeto
649 2427 862 2462 constitutus
889 2432 956 2468 est,
993 2426 1052 2470 qui
1079 2427 1274 2458 levioribus
1300 2432 1334 2457 et
1360 2425 1487 2468 quibus
1510 2424 1647 2467 ignosci

271 2482 382 2512 posse
403 2473 592 2504 videretur
616 2485 766 2506 suorum
793 2471 993 2505 amicorum
1022 2471 1196 2516 peccatis,
1221 2484 1265 2504 ne
1290 2470 1341 2504 illi
1367 2467 1509 2504 aeterna
1534 2468 1643 2504 beati-

273 2522 340 2550 tate
358 2517 579 2559 exciderent,
604 2518 741 2550 veniam
765 2530 782 2550 a
802 2516 883 2550 Deo
909 2517 1111 2560 impetraret
1137 2515 1393 2550 intercedendo
1419 2514 1435 2547 1
1452 2515 1534 2549 Joh.
1551 2515 1646 2554 21..

276 2563 326 2602 (v.
353 2573 456 2604 supra
484 2565 511 2605 1,
525 2563 619 2607 276.)
669 2563 736 2597 Sed
757 2575 846 2607 quae
865 2571 900 2595 tu
923 2562 1141 2596 Christianus
1160 2562 1274 2596 sactus
1293 2560 1510 2606 egregiisque
1529 2573 1547 2595 a
1566 2560 1643 2594 Deo

275 2608 490 2641 ornamentis
511 2610 772 2642 condecoratus
787 2612 991 2649 prudenter
1011 2614 1043 2640 et
1072 2610 1260 2640 voluntate
1288 2607 1493 2652 peccaveris
1519 2618 1642 2640 eorum

273 2664 386 2694 neque
413 2653 620 2695 deprecatur
644 2660 694 2687 est
720 2666 834 2699 neque
860 2654 899 2686 iis
925 2665 942 2686 a
967 2653 1045 2685 Deo
1075 2653 1281 2697 ignoscetur
1301 2651 1436 2684 duabus
1455 2651 1497 2685 de
1516 2651 1643 2685 causis.

275 2698 293 2728 l
307 2697 409 2739 ‘lique
428 2699 520 2730 enim
541 2699 638 2732 Deus
656 2701 824 2740 ingratos
840 2699 874 2731 in
903 2711 938 2731 se
967 2706 999 2732 et
1017 2698 1195 2732 Christum
1223 2697 1386 2731 homines
1420 2697 1543 2740 poenis
1568 2697 1643 2729 assi-

273 2743 340 2776 ciet
363 2743 406 2783 (v.
427 2742 531 2775 nem.
551 2745 585 2786 6,
599 2745 631 2779 6.
653 2745 696 2778 cl.
714 2746 745 2778 8.
763 2751 796 2778 et
818 2744 950 2789 10,29.)
971 2750 1004 2778 et
1027 2746 1164 2778 nullum
1185 2750 1236 2777 est
1259 2742 1460 2788 piaculum,
1490 2755 1563 2788 quo
1582 2741 1643 2775 ho-

273 2800 352 2820 rum
382 2787 600 2832 ingmtorum
627 2789 810 2824 huminum
839 2796 977 2833 peccata
1012 2790 1199 2833 expientur
1233 2788 1354 2831 (Hebr.
1391 2787 1645 2832 10‚26-31.),

272 2834 563 2878 quandoquidem
590 2839 707 2867 semel
729 2848 765 2869 se
783 2836 941 2870 Christus
966 2836 1114 2878 obtulit,
1139 2847 1211 2869 non
1237 2837 1371 2868 iterum
1397 2846 1433 2867 se
1458 2834 1643 2868 oblaturus

270 2884 320 2912 est
347 2878 467 2918 (llebr.
487 2878 519 2921 9,
533 2879 613 2922 25.)
