1715 3115
141 154 230 199 464
405 148 799 216 ,EplsrToLA
829 149 931 191 AD
961 149 1328 197 ROMANOS

140 261 291 319 possit.
357 257 473 300 Sane
504 254 769 299 Iudaeorum
801 255 877 311 qni
908 255 1077 298 Christi
1107 258 1379 311 evangelium
1411 260 1609 328 respuis-

144 325 242 360 sent
263 312 531 357 contumacia
551 311 779 362 effecerat,
811 317 858 352 ut
881 309 930 355 P.
961 312 1126 369 aliique
1155 315 1338 370 paganis
1365 315 1607 360 doen-„mm

144 376 381 417 salutarem
421 369 632 410 offerrent
671 381 710 411 ν.
742 370 849 411 Act.
881 368 1051 420 13,46..
1120 369 1244 424 Quae
1283 385 1356 413 res
1388 387 1518 429 quum
1547 375 1606 416 iis

142 442 355 499 prospere
392 425 678 468 successisset
713 428 782 472 (v.
811 425 918 467 Act.
961 425 1111 477 13,48,
1138 427 1194 469 cl.
1220 426 1422 485 28‚28.)‚
1462 430 1604 472 Deum

141 501 286 545 ipsum
306 484 529 540 sapienter
549 486 593 522 et
611 480 816 522 benevole
834 482 1076 537 permultos
1093 481 1321 526 israelitas
1339 499 1361 525 a
1382 485 1465 528 tide
1478 486 1607 529 Chri-

143 551 213 586 sto
233 539 430 584 habenda
452 537 672 586 arcuisse,
703 542 748 578 ut
772 551 964 579 summae
986 539 1213 580 felicitatis
1233 540 1398 596 copiam
1427 543 1607 597 gentili-

142 601 224 642 bus
265 599 432 640 faceret
462 593 601 636 Paulo
633 593 807 650 placere
846 594 1006 650 potuit.
1076 595 1164 637 Sed
1194 594 1448 651 Israelitas,
1495 613 1607 656 quos

142 657 268 700 Dens
290 652 522 712 quominus
542 649 721 692 Christo
743 649 868 692 fidem
889 650 1177 707 adjungerent
1196 651 1522 709 impedivisset,
1552 671 1606 697 ne

145 711 364 756 messiane
395 709 603 750 beatitate
632 706 904 760 exciderent,
942 709 986 749 in
1018 714 1214 765 tempore
1245 709 1299 750 ad
1328 709 1482 753 honam
1512 713 1607 754 fru-

143 785 240 825 gem
262 768 406 810 Deum
429 765 707 806 reducturum
730 777 827 805 esse
849 762 990 805 Paulo
1011 770 1343 808 consentaneum
1363 766 1504 809 videri
1530 768 1608 810 de-

143 827 263 879 buit,
301 838 384 866 non
403 829 490 864 tam
520 825 781 877 propterea,
820 820 935 876 quod
961 821 1181 863 nationem
1206 820 1423 879 judaicam
1449 823 1610 867 dilexit

142 884 237 934 9,3.
275 881 459 941 ejusque
490 876 593 936 jura
633 876 874 918 admiratus
910 882 979 918 est
1013 879 1135 930 1,16.
1165 870 1264 931 4;2.
1292 879 1389 932 9‚4.
1423 894 1518 937 sq.,
1556 885 1606 922 ut

144 940 308 997 optima
347 948 544 993 quaeque
578 932 621 975 ei
657 938 886 990 exoptaret
915 935 1184 990 summisque
1211 948 1305 977 eam
1337 938 1607 980 ornamentis

143 998 318 1051 dignam
336 992 580 1052 judicaret,
610 1004 737 1046 quam
758 989 944 1042 idcirco,
976 992 1178 1046 quoniam
1208 991 1460 1034 beatitatem
1493 1007 1607 1036 mes·

143 1055 309 1096 sinnam
341 1050 462 1106 genti
485 1047 690 1106 judaicae
727 1046 870 1089 deberi
908 1047 1203 1101 existimavit,
1253 1049 1605 1107 quandoquidem

142 1112 268 1153 Deus
288 1122 380 1150 eam
400 1104 624 1148 israelitis
645 1103 871 1160 pollicitus
888 1109 1007 1146 esset
1027 1106 1122 1157 9,4.
1144 1104 1264 1157 15,8.
1287 1106 1454 1158 11,29..
1512 1104 1608 1150 Ita-

145 1183 228 1224 que
256 1165 401 1208 Deum
443 1176 570 1219 quam
604 1160 754 1201 multis
782 1159 1005 1202 Israelitis
1032 1162 1342 1204 contumaciam
1370 1162 1606 1205 indidisset

142 1225 187 1266 in
209 1229 406 1280 tempore
427 1225 681 1261 sanaturum
713 1231 811 1258 esse
842 1216 992 1268 11‚25.
1022 1218 1093 1262 26.
1124 1218 1376 1261 firmissime
1401 1218 1606 1272 credidit,

143 1295 274 1337 quum
315 1275 574 1336 praesertim
613 1273 658 1315 id
686 1272 829 1314 Deum
858 1274 999 1329 ipsum
1028 1273 1178 1331 Jesaja
1207 1275 1449 1332 interprete
1474 1290 1603 1318 usum

142 1339 425 1380 denuntiasse
451 1336 629 1391 putaret
652 1329 801 1383 11,26.
821 1330 910 1374 27..
969 1329 1206 1388 Reliquum
1235 1337 1354 1384 erat,
1392 1337 1441 1374 ut
1469 1331 1605 1375 medi-

139 1396 280 1436 cinam
307 1391 360 1436 P.
381 1389 691 1438 constitueret,
722 1387 807 1442 qua
829 1386 1027 1430 adhibita
1046 1388 1172 1430 Deus
1190 1387 1495 1430 Israelitarum
1518 1403 1605 1431 non

141 1452 408 1494 delectorum
431 1444 718 1504 pervicaciam
747 1449 981 1486 sanaturus
1010 1450 1146 1489 esset.
1213 1443 1436 1488 Credibile
1466 1445 1605 1500 igitur

141 1509 184 1550 ei
203 1507 342 1550 visum
363 1511 453 1554 est,
482 1503 628 1545 Deum
650 1500 849 1552 caritate,
878 1501 962 1556 qua
983 1514 1176 1556 paganos
1195 1501 1450 1558 complexus
1469 1507 1606 1556 esset,

142 1561 472 1606 contumacibus
500 1557 724 1600 Israelitis
763 1570 909 1598 curam
941 1563 985 1598 et
1013 1556 1357 1600 sollicitudinem
1387 1563 1605 1601 moturum

143 1635 267 1672 esse,
305 1618 389 1675 qna
423 1616 475 1657 ad
503 1612 755 1657 imitandam
780 1626 1050 1668 paganorum
1078 1613 1206 1655 fidem
1236 1614 1608 1657 inflammarentur

142 1676 354 1732 regnique
387 1671 595 1715 messiani
620 1669 888 1711 ornamentis
915 1668 1037 1724 digni
1062 1669 1300 1712 evaderent
1339 1672 1401 1725 (ν.
1434 1672 1504 1715 ll.
1531 1670 1606 1715 31.

144 1735 253 1785 32,).
313 1731 438 1786 Quae
463 1728 587 1772 Pauli
611 1726 757 1783 opinio
777 1739 827 1765 eo
849 1727 1103 1767 confirmata
1133 1733 1224 1778 est,
1265 1726 1381 1782 quod
1409 1726 1505 1785 ejus
1531 1741 1606 1769 ve—

143 1791 319 1833 ritatem
347 1787 435 1829 Dei
463 1783 647 1841 quodam
679 1796 758 1839 per
787 1780 938 1823 Mosen
971 1782 1108 1825 Deut.
1137 1781 1290 1836 32,21.
1325 1784 1604 1840 promulgato

144 1847 320 1889 oraculo
353 1841 547 1885 stabiliri
576 1840 661 1882 sibi
691 1838 914 1895 persuasit
940 1838 1152 1895 (10,19.).
1232 1837 1402 1894 Negari
1438 1840 1607 1896 nequit,

143 1903 276 1947 Pauli
299 1899 638 1959 disputationem
658 1894 835 1950 egregie
855 1895 1139 1949 compositam
1162 1909 1258 1937 esse
1275 1901 1367 1937 tum
1397 1894 1452 1937 ad
1475 1895 1607 1938 Chri-

145 1960 386 2003 stianorum
421 1954 724 2013 judaicorum,
772 1952 849 2008 qui
885 1950 938 1993 de
969 1951 1117 1993 futura
1147 1949 1450 1994 Israelitarum
1483 1956 1607 1994 sorte

142 2015 269 2058 valde
291 2014 474 2056 solliciti
495 2015 665 2061 essent,
695 2009 863 2050 animos
887 2008 1174 2061 recreandos,
1211 2014 1301 2049 tum
1331 2008 1386 2049 ad
1416 2009 1605 2050 omnium

144 2075 356 2115 lectorum
381 2074 545 2111 mentes
567 2064 869 2124 percellendas
897 2064 1157 2121 divinaeque
1185 2064 1427 2121 sapientiae
1457 2071 1502 2106 et
1530 2065 1606 2106 be-

145 2128 376 2183 nignitatis
399 2125 688 2167 admiratione
707 2120 976 2163 imbuendas.
1035 2120 1180 2162 Hodie
1204 2135 1377 2177 quoque
1395 2121 1469 2178 qui
1492 2122 1606 2162 huno

143 2187 287 2228 locum
306 2185 455 2238 legant
476 2181 648 2223 divinae
669 2179 911 2234 sapientiae
937 2177 1238 2233 bonitatisque
1265 2192 1396 2219 sensu
1426 2177 1605 2234 perfun-

144 2242 306 2285 dantur
338 2253 516 2281 necesse
546 2241 629 2280 est.
685 2233 924 2276 Praeterea
951 2235 1264 2291 permultorum
1296 2231 1603 2275 Israelitarum

143 2297 457 2341 contumaciam
478 2300 567 2336 tum
589 2291 852 2347 gentilibus,
882 2294 971 2332 tum
989 2290 1076 2347 ipsi
1096 2289 1321 2345 relligioni
1338 2289 1604 2334 christianae

143 2355 419 2398 salutiferam
441 2352 580 2393 fuisse
599 2355 762 2391 certum
794 2351 878 2390 est.
937 2347 1134 2390 Grotius:
1163 2371 1216 2377 —
1237 2345 1318 2399 „si
1337 2344 1604 2389 Iudaeorum

143 2425 250 2469 pars
281 2409 463 2451 maxima
493 2408 537 2448 in
568 2405 793 2449 Christum
823 2402 1108 2454 credidisset,
1154 2417 1205 2444 ea
1234 2402 1502 2454 obstitisset,
1551 2415 1606 2443 ne

144 2474 324 2523 gentes,
355 2465 440 2506 nisi
462 2461 744 2506 circumcisae
767 2464 812 2502 et
830 2460 919 2513 legi
939 2459 1078 2501 Mosis
1099 2458 1327 2510 subditae,
1363 2458 1418 2500 ad
1446 2471 1606 2532 corpus

143 2523 355 2565 ecclesiae
376 2521 696 2578 reciperentur,
736 2520 785 2558 ut
812 2516 962 2558 videre
989 2518 1057 2558 est
1074 2516 1182 2559 Act.
1212 2515 1336 2567 15,1.
1361 2519 1406 2557 et
1433 2515 1606 2567 21‚20..

144 2579 274 2622 Nunc
295 2592 395 2619 vero
417 2578 552 2618 multo
572 2576 713 2616 minor
731 2587 835 2630 pars
866 2586 997 2628 quum
1022 2577 1194 2623 essent,
1232 2572 1371 2624 legem
1403 2570 1507 2612 dare
1533 2585 1606 2613 ce-

143 2637 253 2678 teris
273 2649 354 2676 non
377 2632 602 2690 potuere.''·
658 2629 815 2672 Nihilo
838 2629 981 2671 secius
1002 2628 1075 2683 qui
1097 2626 1227 2669 Pauli
1247 2628 1507 2669 sententiam
1535 2626 1604 2667 di-

143 2691 353 2746 ligentius
393 2687 710 2730 examinaverit
751 2685 901 2727 multis
942 2698 1035 2726 eam
1077 2682 1414 2726 difficultatibus
1448 2683 1605 2738 premi,

143 2749 228 2790 nisi
252 2749 364 2789 sorte
389 2760 536 2788 verum
559 2745 676 2786 vafre
694 2742 911 2784 occultare
932 2754 1075 2781 secum
1095 2739 1387 2793 constituerit,
1417 2738 1604 2792 ingenue

145 2805 371 2847 fatebitur.
438 2800 478 2846 I.
508 2800 610 2843 Non
638 2805 685 2842 ut
714 2797 914 2841 doctrina
945 2797 1099 2842 christ.
1129 2795 1301 2838 omnino
1333 2794 1519 2852 paganis
1549 2794 1606 2834 ab

1481 2852 1605 2907 Apo-
