1715 3115
143 180 229 224 488
422 179 805 224 EPISTOLA
839 182 941 227 AD
973 181 1330 227 ROMANOS

149 297 358 327 summam
397 285 582 327 salutem
621 286 676 327 ab
702 285 967 330 Judaeorum
1003 287 1078 342 qui
1108 302 1216 329 ntinc
1243 293 1343 330 sunt
1370 287 1454 331 nde
1484 302 1608 347 repe-

149 342 259 383 tenti
282 344 344 394 (v.
368 341 435 385 15.
457 342 512 384 cl.
534 356 574 384 v.
600 343 689 396 12.)
710 357 791 384 non
818 344 1151 387 succensebitis.
1209 344 1322 387 Tum
1353 352 1606 399 argumenta

147 399 242 454 Ap.
264 397 453 450 refellit,
485 398 644 453 quibus
666 414 858 455 paganos
885 415 1010 441 suum
1030 400 1292 442 Iudaeorum
1316 403 1516 457 quoniam
1543 403 1608 443 di-

149 454 239 496 vini
268 454 431 495 favoris
455 453 670 511 jacturam
701 457 909 497 fecissent
936 463 1197 498 contemtum
1226 457 1481 500 defensuros
1510 473 1608 501 esse

148 509 411 552 credidisset
430 512 490 564 (v.
513 513 581 556 17.
600 537 654 543 —
672 512 780 569 20.).
825 513 995 554 Versus
1018 514 1085 555 16.
1104 513 1212 554 duas
1234 515 1473 556 sententias
1492 530 1609 556 com-

149 581 302 608 munes
325 567 517 608 continet
535 568 589 609 ad
611 569 740 610 aliam
767 583 881 622 rem,
912 584 1036 625 quam
1068 569 1120 610 de
1151 569 1234 625 qna
1266 572 1440 626 proprie
1467 571 1609 613 dictae

148 628 276 675 sunt,
305 623 651 667 transferendas.
710 623 866 681 ltaque
887 627 1028 682 primo
1053 625 1256 681 quidnam
1287 626 1407 682 ipsae
1437 628 1610 670 valeant

147 678 479 735 disquirendum
500 687 594 733 est,
625 681 804 735 deinde,
835 682 888 724 ad
911 696 1139 738 quamnam
1169 696 1257 723 rem
1286 696 1360 723 eas
1382 680 1434 726 P.
1466 684 1609 741 appli-

149 741 272 777 catas
310 737 519 789 voluerit,
560 737 807 782 videndum.
883 734 909 793 ἡ
937 736 1137 791 ἀπαρχὴ]
1178 737 1353 779 Dicitur
1379 734 1404 793 ἡ
1434 736 1605 796 ἀπαρχὴ

147 792 250 833 τοῦ
289 789 615 847 φυράματος
652 794 822 849 (LXX.
854 795 990 837 Num.
1025 795 1172 844 15,20.
1209 795 1280 837 21.
1317 794 1438 838 hebr.
1469 804 1608 853 nutis]

148 851 306 903 η’·ιῦήξζ
334 847 468 891 Num.
496 850 528 893 l.
558 864 594 890 c.
624 851 702 894 Ez.
724 852 878 903 44,30.
906 850 1021 893 Neb.
1049 850 1222 904 10‚38.)
1252 851 1295 894 h.
1325 865 1364 893 e.
1390 851 1609 906 primitiae

145 903 321 959 farinae
351 906 408 946 ad
430 905 678 959 panificium
706 907 921 950 subactae.
991 907 1066 948 Sic
1103 921 1228 948 sacer
1264 907 1390 964 panis
1430 913 1608 949 vocatus

146 966 241 1012 est,
268 975 393 1016 quem
417 961 564 1004 Moses
586 963 815 1006 Hebraeos
837 978 967 1019 quum
1000 977 1134 1020 panes
1160 968 1396 1019 coquerent
1421 960 1473 1005 ex
1504 965 1610 1006 sari-

146 1029 228 1058 nae
247 1017 450 1060 subactae
472 1024 620 1075 parte,
660 1035 771 1077 quae
792 1020 983 1064 sehovae
1013 1033 1135 1061 sacra
1162 1026 1299 1070 esset,
1341 1020 1487 1075 parari
1508 1020 1610 1078 jus-

148 1073 210 1115 sit
238 1073 557 1119 sacerdotibus.
614 1077 732 1119 Vide
751 1075 884 1120 Num.
910 1077 1057 1128 15,19.
1077 1101 1132 1106 —
1151 1077 1246 1127 21„
1281 1074 1506 1117 Philonem
1539 1078 1608 1120 De

147 1130 358 1187 praemiis
376 1131 649 1176 sacerdotum
676 1149 717 1190 p.
737 1135 836 1176 830.
864 1134 953 1186 (ed.
982 1133 1129 1187 Mang.
1158 1131 1609 1201 ΙΙ,232.)-κελεὺει

146 1187 230 1240 γὰρ
264 1182 311 1240 [ὅ
342 1188 474 1239 νόμος
503 1187 637 1234 Num.
665 1192 697 1234 l.
735 1192 792 1245 c.]
822 1190 924 1239 τοὺς
953 1188 1297 1238 σιτοῖῐονοῦντας
1324 1187 1414 1230 απὸ
1445 1187 1609 1239 παντὸς

146 1241 331 1292 στέατός
359 1258 406 1284 τε
435 1246 508 1286 καὶ
539 1247 802 1301 φυράματος
832 1241 964 1297 ἄρτον
993 1242 1198 1300 ἀφαιρεῖν
1224 1242 1425 1299 ἀπαρχὴν
1452 1243 1517 1294 εἷς
1540 1242 1608 1286 Ξε-

147 1296 258 1351 ρέων
274 1299 443 1354 χρῆσιν;
501 1300 738 1360 Iosephum
769 1304 830 1344 A.
860 1301 901 1344 J.
921 1303 963 1354 4,
977 1303 1018 1353 4,
1032 1303 1070 1342 4.
1092 1326 1143 1331 -—
1164 1298 1267 1349 τούς
1296 1316 1342 1341 τε
1372 1299 1608 1350 πέττοντας

145 1353 223 1394 τὸν
252 1358 372 1396 σῖτον
400 1357 473 1397 καὶ
503 1355 908 1411 ἀρτοποιουμένους
935 1359 1019 1397 τῶν
1050 1353 1288 1407 πεμμάτων
1316 1354 1464 1404 αὐτοῖς
1493 1358 1607 1410 [τοῖς

145 1406 340 1461 ὶεροῦσι]
363 1426 459 1451 τινα
482 1417 699 1469 χορηγεῖν.
739 1420 782 1454 et
808 1413 966 1454 anlia'
993 1412 1151 1452 librum
1185 1411 1264 1455 &ie
1299 1415 1400 1455 oIten
1426 1412 1607 1463 iitbiscben

143 1464 422 1520 &eiligtbiunet
458 1481 495 1512 u.
529 1471 554 1520 s.
587 1484 635 1514 m.
667 1485 711 1526 p.
740 1470 840 1511 904.
872 1484 940 1525 sq.
971 1470 1133 1525 (obamb.
1169 1467 1329 1519 1722).
1404 1467 1607 1521 φύραμα,

145 1523 263 1574 quod
301 1523 346 1562 in
382 1524 634 1566 universum
677 1526 900 1566 materiam
932 1526 1108 1565 humore
1141 1530 1397 1564 maceratam
1429 1523 1607 1565 denotat

144 1577 366 1632 (Geopon.
397 1579 575 1630 15‚2,8.
608 1583 847 1637 φυράματα
874 1580 1022 1628 κονίας
1053 1581 1123 1618 καὶ
1154 1577 1385 1630 βολβίτου.
1419 1579 1544 1621 Rom.
1564 1582 1606 1632 9,

142 1632 261 1684 21.),
306 1633 360 1673 ab
399 1634 649 1677 hellenistis
688 1637 964 1692 potissimum
1000 1636 1052 1676 de
1080 1636 1246 1676 farinae
1276 1634 1326 1675 ad
1358 1636 1604 1689 panificium

143 1687 349 1731 subactae
371 1692 513 1734 massa
537 1698 776 1748 usurpatur
807 1693 891 1746 (sic
914 1693 953 1734 b.
974 1694 1004 1734 Ι.
1031 1697 1075 1732 et
1103 1691 1204 1732 Cor.
1227 1692 1321 1742 5,(ὶ.
1352 1691 1451 1733 Gal.
1473 1693 1606 1746 5‚9.)‚

144 1757 273 1799 quam
295 1746 419 1787 attici
449 1745 528 1801 τὴν
559 1749 727 1803 φύστην
755 1749 1050 1805 appellarunt.
1124 1747 1236 1789 Vide
1267 1747 1606 1802 Oudendorpimn

142 1799 198 1840 ad
221 1800 435 1843 Thomam
454 1803 515 1847 M.
537 1819 581 1860 p.
602 1805 701 1847 903.
722 1804 790 1849 ed.
810 1805 963 1848 Rern..
1021 1803 1247 1846 Sententia
1271 1803 1501 1860 perspicua
1521 1809 1606 1849 est.

143 1854 194 1897 Si
224 1857 445 1914 primitiae
472 1859 642 1901 farinae
664 1861 762 1902 Deo
791 1874 913 1901 sacra
944 1865 1069 1912 sunt,
1109 1873 1250 1900 massa
1279 1873 1449 1916 quoque
1479 1873 1607 1902 sacra

142 1917 227 1957 est.
295 1914 550 1958 Consecrant
582 1917 695 1958 enim
724 1917 943 1974 primitiae
974 1931 1161 1957 massam
1187 1921 1400 1972 parteque
1437 1915 1606 1958 farinae

141 1968 241 2010 Deo
261 1968 402 2012 dicata
425 1971 496 2028 pie
514 1973 604 2014 tota
627 1975 770 2016 massa
789 1973 982 2016 vescaris
1004 1987 1134 2028 quum
1155 1976 1275 2014 cocta
1298 1971 1447 2017 tuerit.
1490 1971 1606 2015 Fru-

142 2030 234 2067 stra
261 2026 431 2071 Koelln.
458 2032 503 2069 et
534 2028 650 2072 Olslz.
680 2029 1086 2084 interpretationem
1117 2029 1242 2070 nobis
1267 2029 1494 2084 probatam
1523 2028 1606 2070 hoc

142 2089 398 2135 argumento
421 2084 756 2141 impugnarunt,
787 2086 926 2129 Paulo
948 2081 988 2126 εἰ
1008 2085 1056 2127 δὲ
1075 2085 1125 2125 τὸ
1146 2081 1332 2140 φύραμα
1352 2080 1497 2141 ἅγιον,
1530 2085 1606 2127 καὶ

141 2132 167 2192 ἡ
202 2136 376 2193 ἀπαρχὴ
407 2141 460 2194 (i.
491 2155 530 2182 e.
563 2144 636 2183 καὶ
667 2137 689 2183 ὃ
721 2138 874 2197 ἄρτος)
905 2141 1179 2183 scribendum
1222 2141 1376 2184 fuisse.
1447 2139 1604 2197 Neque

140 2194 255 2234 enim
287 2195 457 2236 farinae
487 2211 672 2239 massam
702 2213 725 2240 a
756 2213 879 2240 sacro
911 2211 1046 2255 pane,
1091 2196 1166 2238 sed
1196 2211 1366 2239 sacrum
1395 2210 1546 2253 panem
1578 2210 1604 2238 a

140 2250 309 2291 farinae
333 2253 476 2293 massa
506 2254 707 2308 oriyinem
735 2256 899 2297 (lucere.
968 2253 1090 2308 Quos
1120 2253 1254 2306 sugit,
1297 2252 1375 2307 τὴν
1403 2250 1604 2308 ἀπαρχήν

141 2306 185 2346 h.
205 2307 237 2350 l.
258 2320 340 2347 non
364 2322 443 2363 pro
465 2323 536 2361 re,
568 2324 678 2365 qnae
699 2311 867 2353 farinae
897 2323 1083 2351 massam
1110 2309 1283 2363 pariat,
1323 2307 1400 2350 sed
1428 2322 1508 2364 pro
1539 2323 1604 2361 re,

141 2375 253 2416 quae
276 2362 444 2405 farinae
469 2380 653 2406 massam
683 2370 896 2409 consecret
927 2366 1176 2408 memorari.
1244 2364 1399 2423 Neque
1430 2364 1603 2407 intelle-

140 2418 206 2457 xit
234 2418 313 2458 hoc
343 2418 500 2464 Rueck.
527 2421 605 2476 τὴν
632 2422 832 2478 ἀπαρχήν
860 2423 932 2463 hIc
961 2421 1074 2477 quod
1103 2426 1292 2473 tempore
1318 2424 1506 2477 primum
1543 2421 1604 2464 sit

141 2475 435 2526 metaphorice
454 2484 605 2518 notare
624 2480 828 2535 opinatus
848 2479 920 2525 (cs.
940 2492 1071 2534 supra
1095 2476 1298 2529 ll‚173.).
1354 2476 1469 2518 Male
1482 2476 1602 2523 Grot.

140 2530 216 2581 (cf.
237 2529 410 2586 Morus)
430 2531 506 2587 vt‘y
526 2531 724 2588 ἀπαρχήν
745 2535 916 2590 srnqnm
937 2535 1154 2586 primitias
1174 2533 1310 2575 Deut.
1326 2533 1391 2584 18,
1402 2533 1446 2576 4.
1465 2532 1604 2586 26‚2.,

140 2583 194 2626 τό
217 2587 399 2640 ([ύραμα
420 2590 624 2645 reliquum
643 2591 876 2646 frumenti:
909 2590 1007 2644 qnia
1031 2589 1083 2630 ad
1116 2587 1381 2645 coquendum
1411 2593 1601 2631 sumtum

140 2640 275 2681 suerit
297 2644 439 2683 »ocari
464 2646 648 2699 putavit.
709 2645 939 2699 Significat
962 2647 1073 2686 enim
1097 2646 1280 2699 φύραμα
1302 2658 1489 2687 massam
1515 2645 1599 2687 hu-

140 2711 254 2737 more
274 2705 534 2740 maceratam
559 2702 635 2752 (cs.
659 2709 827 2757 supra).
893 2700 1042 2742 Nihilo
1067 2701 1220 2741 melius
1238 2699 1395 2754 Konp„
1414 2700 1603 2753 Koelln.,

142 2753 262 2793 (ΙΙ-111.
286 2754 343 2796 ai.
363 2753 439 2807 ῖὴν
469 2752 669 2812 ἆῖιαρχζν
697 2757 915 2812 μνῖῃιὶίῐας
945 2758 1143 2812 fraqam,
1180 2754 1230 2796 τὸ
1261 2757 1447 2810 φύραμα
1476 2770 1597 2798 mas-

139 2821 231 2847 sam
264 2824 320 2847 w·
350 2811 553 2862 prime'tiis
585 2812 755 2867 linqunt
786 2813 1021 2868 consectum
1051 2812 1368 2868 explicuerunt.
1435 2811 1599 2870 Super-
