1715 3115
190 181 278 226 400
472 180 844 226 EPISTOLA
883 182 988 226 AD
1017 180 1380 228 ROMANOS

192 285 247 330 P.
269 284 395 328 tidem
416 288 507 328 tum
529 286 710 330 Iudaeis
727 292 817 328 tum
840 286 1024 343 paganis
1043 299 1224 344 eamque
1246 286 1407 330 nemini
1433 301 1517 331 non
1548 301 1652 331 con·

190 344 349 385 ducere
371 342 518 384 docuit
540 345 579 394 1,
598 345 685 396 16.)
711 345 969 400 exposuisse
994 357 1034 387 v.
1062 343 1105 387 8.
1132 358 1183 386 ex
1215 345 1284 386 his
1302 343 1478 402 Jesajae
1507 346 1652 387 verbis

189 399 481 452 intelligitur:
512 400 757 455 quicunque
777 398 955 443 Christo
986 400 1174 442 conlisus
1204 401 1339 443 luerit
1363 405 1490 456 (ergo
1516 401 1650 444 etiam

189 457 231 499 ci
253 455 379 497 fidem
400 455 623 499 habuerit:
650 470 748 497 nam
767 456 877 498 fides
906 455 1105 498 fiduciam
1139 456 1462 514 complectitur)
1488 457 1648 499 rubore

189 525 275 554 nou
296 511 572 554 suffundetur
594 512 691 566 (sed
716 514 877 569 optime
899 526 994 554 cum
1014 526 1065 554 eo
1084 514 1290 569 egenum).
1347 511 1521 556 Nititur
1541 514 1649 556 haec

188 569 509 623 argumentatio
532 569 635 621 hac,
665 582 791 624 quam
818 568 868 613 P.
891 570 1101 611 neminem
1127 583 1208 610 non
1231 569 1316 611 sibi
1339 583 1646 612 concessurum

189 639 289 667 esse
306 625 497 677 censuit,
527 626 765 675 sententia,
799 626 911 666 idem
932 627 973 665 in
993 627 1113 666 tanta
1134 640 1180 666 re
1200 625 1330 679 Mosi,
1359 640 1526 668 summo
1544 640 1647 683 pro-

187 682 365 739 phetae,
396 682 640 738 placuisse,
671 681 784 738 quod
808 689 956 739 postea
988 680 1163 740 Jesajae
1191 682 1421 738 placuerit.
1482 682 1645 724 Vocem

188 740 278 788 πᾶς
297 735 349 783 Ρ.
368 745 484 779 recte
503 738 685 797 adjecit,
723 753 853 794 quum
876 739 898 779 ὀ
919 739 1141 780 πιστεύων
1169 736 1235 780 ἐπ’
1256 736 1376 794 αὐτῷ
1405 740 1645 792 generatim

190 795 448 847 sumsisset,
487 788 560 850 'sui'
581 810 626 836 eo
653 795 832 848 confisus
857 795 991 850 ficere't
1022 795 1212 850 (nemine
1247 799 1462 851 excepto).
1529 794 1646 838 Ver-

187 866 241 894 su
262 854 328 894 ll.
360 865 533 893 versum
557 853 623 895 10.
650 851 843 892 stabiliri
872 851 983 892 mule
1010 851 1180 895 credas.
1246 850 1362 893 Nam
1393 864 1434 895 v.
1462 851 1532 896 10.
1558 864 1643 893 non

186 908 242 949 de
272 908 355 949 fide
375 907 552 950 Christo
582 907 777 949 habenda
803 907 1077 964 disputatur,
1116 907 1194 950 sed
1225 907 1488 965 sempiterna
1521 908 1644 950 salus

186 965 244 1007 iis
272 965 572 1021 portenditur,
612 978 792 1020 quorum
824 964 950 1005 fidem
977 965 1146 1021 plenam
1184 968 1230 1005 et
1268 964 1507 1022 perfectam
1544 978 1644 1006 esse

186 1022 406 1078 professio
434 1022 790 1064 manifestaverit.
865 1020 994 1064 Adde
1025 1020 1164 1077 quod,
1198 1020 1238 1063 si
1269 1034 1443 1063 versum
1474 1021 1542 1064 11.
1571 1034 1642 1062 ar-

184 1083 255 1120 cto
275 1078 446 1119 vinculo
470 1091 564 1118 cum
587 1092 625 1121 v.
650 1078 715 1120 10.
735 1077 1033 1132 copulaveris,
1063 1078 1181 1119 vocis
1206 1091 1229 1118 a
1251 1075 1304 1122 P.
1330 1076 1524 1134 adjectae
1552 1078 1643 1127 πᾶς

186 1134 300 1176 ratio
323 1148 404 1175 non
426 1140 561 1191 patet.
622 1133 678 1177 V.
700 1134 767 1175 12.
805 1134 933 1175 Vocis
956 1149 1103 1182 sacrae
1136 1149 1175 1178 v.
1193 1135 1260 1178 11.
1296 1134 1457 1174 veritas
1485 1139 1638 1175 osten-

187 1191 308 1232 ditur
330 1191 432 1238 πᾶς
452 1186 474 1229 ὃ
506 1189 725 1231 πιστεύων
752 1187 820 1232 ἐπ’
838 1189 955 1245 αύεῷ
980 1188 1030 1232 οὗ
1061 1187 1485 1246 καταισχυνθήσεται,
1513 1190 1640 1246 qui-

185 1261 386 1302 cunque
418 1246 580 1304 Christo
610 1246 787 1300 confisus
813 1246 947 1302 fiterz't
980 1247 1194 1298 beabitur,
1238 1248 1330 1289 sive
1359 1244 1553 1290 Iudaeus
1580 1247 1639 1287 sit

183 1305 278 1347 sive
301 1316 512 1359 paganus.
570 1302 669 1343 Non
690 1311 756 1343 est
777 1304 887 1345 enlm,
917 1303 1142 1344 distinctio
1171 1308 1260 1344 tum
1290 1303 1403 1344 inter
1424 1301 1639 1345 Judaeum

183 1366 273 1402 tum
311 1361 422 1400 inter
449 1373 661 1416 paganum
690 1360 944 1415 nullumque
972 1365 1038 1401 cst
1065 1359 1296 1401 discrimen
1327 1360 1388 1412 (3,
1401 1357 1517 1414 22.)‚
1562 1371 1637 1414 np-

184 1423 400 1473 quatenus
423 1416 597 1471 utrique
627 1415 709 1457 lide
729 1415 905 1459 Christo
931 1415 1132 1473 adjuncta
1161 1415 1466 1471 sempiternam
1495 1414 1638 1456 felici-

181 1478 314 1514 tatem
351 1476 554 1528 consequi
593 1472 758 1529 paritor
798 1473 915 1515 licet.
993 1473 1104 1514 Nam
1135 1472 1353 1523 moribus,
1389 1470 1638 1526 relligione,

181 1530 297 1572 vitae
321 1530 439 1570 cultu
463 1529 650 1584 aliisque
669 1529 800 1569 rebus
827 1526 984 1571 Judaei
1014 1537 1055 1569 et
1082 1528 1244 1569 ethnici
1278 1541 1383 1569 sane
1413 1526 1637 1569 differunt.

184 1585 282 1629 Oec.
305 1585 357 1626 ad
387 1599 425 1628 v·
448 1586 539 1628 11.:
568 1584 644 1638 τὴν
669 1583 912 1638 μαρτυρίαν
942 1579 1120 1638 ἤγαγεν,
1161 1581 1232 1625 ἵνα
1260 1581 1382 1640 δείξῃ
1408 1582 1470 1636 μὴ
1501 1577 1637 1625 οὖσαν

181 1640 235 1683 ἐν
261 1642 324 1698 τῆ
357 1639 545 1682 πίστει
575 1640 795 1694 διαφορὰν
820 1639 1033 1681 Ἰουδαίου
1065 1642 1136 1680 καὶ
1167 1639 1360 1681 gamos).
1430 1637 1527 1682 Jam
1554 1638 1636 1682 Ju-

180 1698 315 1739 daeos
354 1703 397 1738 et
433 1711 624 1750 paganos
652 1710 728 1751 per
759 1697 884 1738 tidem
918 1710 1053 1751 aeque
1081 1696 1132 1736 ad
1161 1696 1344 1736 salutem
1375 1696 1633 1736 messianam

181 1753 350 1796 admitti
375 1751 448 1805 (οὗ
466 1750 547 1808 γάρ
571 1751 663 1793 ἐστι
684 1751 893 1808 ὸιαστόλὶ]
907 1750 947 1793 ’L
962 1767 999 1792 τ.
1022 1768 1059 1793 κ.
1080 1748 1132 1803 ὲ.)
1153 1766 1204 1792 ex
1227 1766 1278 1792 eo
1295 1750 1500 1803 eflicitur,
1519 1751 1634 1808 quod

182 1825 294 1852 unus
336 1810 533 1863 idemque
574 1807 821 1862 (Christus)
860 1807 1048 1849 omnium
1082 1808 1299 1849 hominum
1331 1807 1533 1849 dominus
1562 1808 1637 1860 sit,

182 1881 308 1924 quem
335 1865 570 1920 gentilibus
603 1878 685 1905 non
713 1865 854 1905 miuus
885 1878 1011 1919 quam
1039 1863 1220 1907 Iudaeis
1248 1864 1477 1905 consulere
1506 1877 1636 1921 opor-

181 1929 296 1974 teat,
336 1921 535 1977 quodque
557 1921 666 1962 satis
687 1922 918 1975 opulentus
936 1920 1012 1961 ille
1042 1921 1241 1962 dominus
1268 1920 1351 1972 sit,
1391 1920 1466 1975 qui
1493 1922 1635 1962 emm·-

181 1980 280 2034 bmr,
309 1993 330 2018 a
353 1979 510 2033 quibus
529 1978 598 2034 pie
615 1977 807 2027 colatur,
834 1992 918 2018 uun
939 1976 1120 2020 Judaeis
1143 1977 1463 2029 tantummodo,
1486 1989 1635 2018 verum

180 2036 310 2077 etiam
331 2035 536 2091 paganis,
566 2048 670 2089 opes
692 2036 929 2086 (aeternam
950 2033 1224 2085 felicitatem)
1243 2033 1468 2090 impertiat
1491 2027 1532 2088 (ὃ
1551 2032 1635 2087 γὰρ

180 2089 314 2139 αὐτὸς
332 2107 369 2131 κ.
391 2105 438 2131 π.
461 2115 515 2121 —-
543 2091 646 2138 τοὺς
668 2087 1039 2140 ἐπικαλουμένους
1057 2086 1222 2142 αὐτόν).
1273 2085 1323 2130 Ὅ
1342 2086 1489 2136 αὐτός,
1517 2087 1633 2130 Sub-

175 2147 336 2207 jectum
357 2152 448 2198 cst,
474 2145 625 2200 κύριος
643 2145 816 2186 πάντων
840 2144 1138 2187 Praedicatum
1160 2146 1269 2188 idem
1286 2145 1469 2187 omnium
1489 2144 1631 2186 homi-

179 2218 279 2246 num
298 2202 488 2244 dominus
510 2207 589 2245 est.
647 2203 714 2243 De
742 2201 883 2243 Wette'e'
901 2202 1143 2258 expositio,
1176 2201 1251 2257 qui
1270 2215 1311 2245 v.
1337 2195 1361 2242 ὅ
1387 2197 1519 2249 αὐτὸς
1547 2196 1631 2242 κύ-

181 2274 276 2315 ριος
302 2257 552 2315 Subjectum
592 2259 810 2298 continere
845 2259 1000 2298 statuit
1034 2260 1152 2312 (nam
1191 2258 1304 2299 idem
1340 2255 1538 2298 dominus
1566 2259 1631 2298 est

179 2315 362 2358 omnium
385 2317 416 2357 i.
436 2329 474 2358 e.
503 2313 560 2354 ad
592 2327 741 2355 omnes
772 2314 965 2354 homines
990 2315 1204 2370 pertinet,
1241 2327 1283 2356 v.
1307 2317 1398 2355 not.
1424 2312 1480 2353 ad
1507 2313 1629 2365 3‚29.

180 2371 352 2424 1‚208.)
400 2376 672 2426 raetcrquam
692 2368 805 2425 quod
835 2374 1030 2411 contorta
1061 2375 1130 2411 est
1156 2369 1414 2411 sententiam
1443 2382 1526 2409 non
1555 2381 1630 2410 ex-

178 2429 286 2484 plet.
393 2442 471 2468 anc
494 2428 604 2468 enim
625 2426 883 2467 sententiam
902 2425 1005 2482 jure
1029 2426 1098 2467 hic
1118 2427 1316 2482 requires
1339 2421 1362 2466 ὃ
1386 2422 1469 2479 γὰρ
1497 2421 1630 2472 αὐτὸς

180 2485 332 2538 κύριος
359 2481 513 2536 κύριος
542 2480 715 2524 πάντων
741 2496 843 2523 nam
868 2497 974 2524 tenus
1000 2483 1190 2535 idemque
1217 2480 1410 2523 dominus
1442 2480 1628 2522 omnium

179 2539 393 2581 hominum
431 2539 621 2580 dominus
656 2543 734 2580 est.
801 2534 850 2578 Ὁ
888 2536 1021 2587 αὐτὸς
1057 2538 1244 2580 Christus
1288 2535 1448 2577 dicitur
1486 2535 1628 2591 (086..

180 2595 348 2648 Chr-yx„
381 2595 578 2646 Boehm„
618 2594 774 2644 matt„
814 2594 996 2645 Rueck„
1033 2594 1157 2646 dW.‚
1193 2591 1396 2645 Meyerus
1425 2593 1511 2646 al.)
1540 2604 1626 2633 non

177 2651 297 2693 Deus
326 2650 662 2704 (Theodoram,
696 2648 943 2703 Theophyl„
981 2650 1123 2704 Grot.,
1163 2648 1411 2691 Tareninus
1420 2681 1433 2703 ,
1470 2647 1629 2700 Kopp„

176 2706 364 2758 Koelln„
392 2704 582 2760 licie-120.
643 2704 757 2748 Sane
777 2703 826 2747 P.
844 2719 923 2761 per
940 2705 1065 2746 fidem
1089 2705 1216 2746 etiam
1235 2703 1424 2758 gentiles
1445 2702 1629 2757 integri-

178 2767 311 2803 tatem
335 2763 539 2817 consequi
561 2774 611 2802 ex
636 2776 687 2802 eo
715 2761 984 2802 demonstrat
1012 2761 1131 2813 3,29.
1161 2760 1256 2812 30„
1294 2759 1409 2816 quod
1435 2773 1542 2802 unus
1566 2758 1626 2800 sit

176 2817 328 2875 Deus,
374 2831 498 2873 quem
526 2830 610 2859 nou
642 2817 780 2859 solum
810 2815 1016 2870 J'udaeis,
1052 2815 1129 2859 sed
1158 2816 1288 2858 etiam
1315 2816 1497 2873 paganis
1525 2827 1627 2879 pro-

1533 2883 1628 2926 spi-
