1715 3115
104 205 197 250 246
411 204 783 252 EPISTOLA
815 209 918 252 AD
951 208 1309 253 ROMANOS

114 314 353 366 remotam,
391 311 470 354 sed
498 313 630 356 etiam
663 315 867 370 quoniam
897 329 950 356 ne
981 316 1109 357 verba
1131 315 1303 370 quidem
1328 314 1379 359 P.
1400 329 1495 357 eam
1514 313 1593 356 ad-

117 370 311 412 mittunt.
381 369 584 412 Debebat
612 373 727 413 enim
769 372 820 416 P.
850 369 1048 429 ηὐξάμην
1085 371 1168 427 γάρ
1206 388 1314 414 ποτε
1357 373 1436 414 hoo
1465 377 1594 430 pacto

120 422 338 477 scribere,
375 425 532 469 deinde
561 428 666 469 haec
682 427 969 487 subjungere:
1009 430 1082 471 sed
1104 430 1221 472 Deus
1239 429 1315 471 hoc
1330 427 1430 483 fieri
1448 428 1598 481 noluit,

123 483 198 524 sed
226 481 386 536 resipui
403 483 432 524 2
453 482 555 530 cor.
578 485 644 536 12,
657 485 699 528 8.
721 500 790 541 sq.
819 483 1006 529 Philem.
1029 487 1099 530 13.
1117 499 1201 541 sq..
1260 484 1496 527 Praeterea
1517 497 1600 527 vox

124 534 328 591 ἀνάθεμα
354 553 531 637 guoquo
551 546 595 582 te
621 545 791 594 vertas,
819 542 918 584 huic
937 542 1121 584 consilio
1143 541 1303 595 officit,
1333 556 1443 599 quae
1499 555 1599 582 uum

125 594 342 637 hominem
383 598 547 639 eclaret
561 597 749 640 Deiirae
770 597 1004 640 obnoxium
1024 599 1246 654 (minna),
1265 613 1319 656 ap
1354 605 1462 651 aret,
1524 612 1602 638 au-

127 650 218 692 lum
241 664 339 692 esse
359 667 405 695 se
417 649 620 706 ἇνάθεμα
639 655 745 696 sana
767 660 924 707 mente,
955 669 1085 711 quum
1107 660 1226 696 esset
1244 653 1300 699 Ju
1335 669 1462 706 aeus,
1491 668 1603 696 nun-

130 720 259 765 quam
288 715 441 764 optare
469 711 683 767 potuisse.
743 709 830 754 Sed
860 711 1090 754 exornavit
1118 711 1239 753 illam
1270 711 1602 768 explicationem

130 762 377 820 cupideque
398 765 593 809 defendit
602 767 897 812 Heumannus.
954 767 1124 825 Nempe
1139 781 1188 809 ea
1202 782 1313 824 quae
1327 769 1418 825 Ap.
1430 766 1518 815 c.8.
1529 767 1603 811 38.

132 820 204 863 39.
215 819 268 862 de
284 835 452 866 summo
471 837 550 865 suo
563 837 664 879 erga
677 823 900 868 Christum
913 838 1058 867 amore
1070 824 1274 876 dixisset,
1303 824 1341 866 ei
1354 823 1604 866 tristemin-

132 875 385 931 credibilis,
423 894 510 937 quo
529 880 633 923 olim
656 881 700 924 in
722 880 945 925 Christum
967 881 1170 923 incensus
1190 881 1372 933 fuisset,
1402 879 1493 923 odii
1515 893 1606 921 me-

135 934 317 977 moriam
339 936 667 991 redintegrasse
687 937 748 982 V.
768 937 1026 982 D.censuit.
1085 936 1153 980 lta
1192 952 1244 980 ue
1264 952 1361 979 eum
1381 952 1421 981 v·
1432 936 1474 980 3.
1498 937 1604 978 haec

135 989 283 1033 dicere
304 992 583 1036 Heumannus
601 993 810 1039 credidit:
839 1008 935 1036 nam
951 1008 1022 1050 eqo
1040 994 1150 1036 idem
1161 952 1223 1039 (ll.
1245 994 1343 1050 (qui
1364 994 1605 1036 acerrimus

135 1046 241 1089 olim
281 1047 450 1092 Christi
485 1049 764 1093 adversarius
805 1056 991 1093 mentem
1031 1064 1145 1092 nunc
1182 1051 1366 1105 mutavi)
1402 1050 1607 1106 optabam

136 1100 411 1148 Pharisaeus
438 1105 728 1164 jurejurando
754 1107 1017 1165 interposito
1047 1121 1114 1149 me
1133 1108 1295 1149 nullam
1313 1121 1408 1149 cum
1429 1106 1609 1150 Christo

137 1160 392 1204 societatem
412 1162 574 1204 habere
593 1178 674 1221 pro
695 1164 804 1206 meis
825 1163 1113 1222 popularibus
1145 1164 1196 1220 (i.
1216 1178 1257 1208 e.
1278 1178 1357 1221 pro
1379 1163 1610 1215 relligione

131 1215 370 1316 jlpdaical).
430 1218 499 1262 Ne
518 1221 721 1278 superius
739 1221 855 1262 dicta
877 1221 1061 1263 moleste
1081 1227 1292 1277 repetam,
1322 1221 1433 1261 male
1452 1219 1609 1262 Heum-

183 1274 329 1315 aulum
355 1275 398 1328 8,
410 1276 481 1320 38.
504 1291 571 1333 sq.
601 1277 653 1319 de
681 1277 759 1320 sua
787 1277 831 1319 in
861 1277 1084 1320 Christum
1116 1277 1339 1319 voluntate
1358 1275 1427 1318 dis
1461 1280 1612 1318 utasse

141 1331 316 1374 sumsit.
383 1332 556 1374 Deinde
584 1348 656 1387 eqo
685 1335 794 1376 idem
827 1348 910 1375 non
939 1338 1008 1375 est
1045 1329 1180 1383 αὐτὸς
1218 1331 1322 1388 ἐγώ,
1363 1347 1411 1375 se
1472 1329 1555 1387 ἐγώ
1590 1323 1612 1373 ὅ

143 1385 276 1436 αὐτός
295 1386 474 1443 (Kruey.
498 1389 551 1432 ad
570 1389 686 1433 Xen.
709 1390 859 1434 Anab.
875 1390 1064 1443 7‚3‚3.).
1121 1388 1374 1442 Postremo,
1404 1402 1459 1431 ne
1482 1390 1614 1445 plura

143 1441 371 1500 adjiciam,
408 1441 613 1500 ἀνάθεμα
637 1461 718 1488 non
747 1446 961 1489 hominem
989 1446 1190 1498 denotat,
1229 1446 1303 1503 qui
1322 1443 1614 1504 jurejurando

144 1513 193 1541 se
221 1499 457 1543 obstrinxit
483 1503 544 1556 (v,
566 1503 720 1557 infra).
781 1503 894 1545 Malo
924 1503 1035 1545 enim
1058 1504 1100 1544 in
1122 1503 1232 1544 hanc
1252 1517 1341 1544 rem
1363 1504 1394 1548 l.
1416 1504 1523 1545 Act.
1542 1501 1615 1554 23,

145 1557 216 1599 12.
238 1571 337 1614 sqq.
359 1558 626 1611 citatuslest.
685 1557 818 1609 αὐτὸς
842 1557 926 1614 ἐγώ
946 1556 1151 1612 ἀνάθεμα
1170 1553 1280 1600 εἶναι
1324 1560 1385 1602 Α.
1406 1558 1459 1602 Β.
1481 1558 1537 1601 D.
1562 1557 1615 1602 E.

145 1612 199 1657 F.
224 1612 280 1657 G.
301 1615 403 1669 Syr.
422 1629 465 1671 p.
489 1613 545 1658 lt.
568 1615 728 1671 ChryS.
750 1615 901 1669 (etiam
924 1615 968 1657 in
988 1616 1031 1658 3.
1053 1616 1117 1669 8.)
1139 1614 1243 1658 Rus.
1272 1612 1476 1668 ανάθεμα
1503 1608 1616 1656 εἶναι

146 1667 282 1718 αὐτὸς
300 1667 400 1724 ἐγώ.
457 1670 552 1713 Hoc
574 1672 716 1726 magni
740 1671 843 1713 fecit
866 1671 1063 1721 Griesb„
1100 1671 1268 1728 recepit
1286 1671 1485 1715 Lachm..
1546 1672 1616 1713 Ao

147 1739 276 1777 sane,
310 1741 440 1782 quum
461 1725 593 1777 αὐτὸς
612 1726 695 1783 ἐγώ
725 1742 808 1769 non
830 1741 924 1768 cum
953 1725 1161 1783 εὐχόμην,
1200 1726 1278 1769 sed
1299 1742 1392 1769 cum
1411 1723 1617 1778 ἀνάθεμα

146 1775 260 1822 εἶναι
287 1783 544 1836 cohaereat,
582 1784 851 1826 Lachmccnm'
875 1783 1104 1826 lectionem
1136 1783 1380 1837 legitimum
1411 1788 1457 1825 et
1479 1783 1617 1824 usita-

146 1842 239 1880 tum
275 1840 503 1882 verborum
543 1840 736 1882 ordinem
783 1841 950 1882 referre
1002 1841 1291 1883 confitendum
1330 1845 1400 1881 est
1437 1845 1482 1882 et
1520 1838 1619 1880 fieri

146 1899 320 1952 potest,
346 1901 395 1939 ut
414 1896 540 1938 multi
566 1897 740 1938 librarii
766 1897 997 1938 oscitanter
1018 1892 1151 1945 αὐτὸς
1172 1895 1255 1952 ἐγὼ
1281 1893 1486 1948 ἀνάθεμα
1507 1889 1620 1937 εἶναι

147 1965 230 2007 pro
262 1948 465 2005 ἀνάθεμα
494 1948 604 1996 εἶναι
631 1951 763 2002 αὐτὸς
795 1949 881 2007 ἐγώ
912 1953 1150 1997 exararint.
1219 1952 1321 1995 Nou
1339 1958 1483 1994 tamen
1506 1957 1554 1993 ut
1574 1952 1619 1993 in

149 2020 200 2048 re
234 2006 366 2051 dubia
407 2010 626 2064 vulgatam
667 2010 928 2068 scripturam
966 2015 1133 2051 mutare
1159 2024 1293 2052 ausus
1324 2023 1438 2053 sum.
1503 2006 1620 2049 Nam

149 2064 406 2120 primarium
437 2073 762 2119 argumentum,
798 2080 883 2122 quo
910 2061 1114 2119 ἀνάθεμα
1142 2060 1253 2107 εἶναι
1286 2062 1421 2114 αὐτὸς
1439 2061 1620 2118 ἐγώᾶρ-

150 2120 329 2174 fendas,
373 2122 532 2164 inverti
573 2128 741 2180 potest,
788 2128 835 2164 ut
868 2127 1019 2163 contra
1068 2122 1176 2164 banc
1209 2122 1438 2164 lectionem
1471 2119 1621 2163 saciat.

150 2176 362 2220 Fortasse
389 2179 503 2221 enim
539 2177 616 2232 P.,
656 2179 756 2236 quia
779 2177 912 2227 αὐτὸς
930 2176 1013 2231 ἐγώ
1032 2177 1086 2219 ad
1108 2176 1310 2227 ἀνάθεμα
1341 2171 1453 2218 εἶναι
1483 2176 1622 2233 perti-

152 2246 260 2275 nere
295 2248 347 2275 ex
374 2233 471 2304 ipsa
509 2249 556 2276 re
587 2235 776 2292 perspici
814 2235 1006 2292 putavit,
1050 2235 1281 2288 gyrat-itatis
1309 2233 1442 2274 causzi
1473 2232 1622 2274 verbis

152 2285 358 2341 ἀνάθεμα
378 2305 489 2333 ειναι
510 2292 786 2349 praeposuit,
820 2292 850 2334 ii
874 2296 1013 2332 autem
1035 2289 1165 2342 libri,
1196 2288 1269 2345 qui
1288 2286 1491 2341 ἀνάθεμα
1508 2283 1624 2330 εἶναι

153 2342 283 2395 αὐτὸς
303 2345 386 2397 ἐγώ
410 2350 641 2404 praebent,
665 2348 776 2390 nihil
795 2347 882 2389 nisi
905 2347 1307 2401 grammaticorum,
1337 2344 1411 2400 qui
1432 2348 1624 2386 structu-

151 2414 246 2442 ram
266 2402 309 2443 in
334 2404 529 2458 margine
554 2408 835 2456 notaverant,
866 2403 1250 2459 transpositionem
1269 2405 1495 2443 contextae
1523 2414 1624 2442 ora·-

152 2457 265 2499 tioni
311 2458 481 2502 illatam
518 2464 868 2516 repraesentant.
937 2458 1182 2500 Verborum
1221 2455 1354 2506 αὖτὸς
1395 2453 1479 2511 ἐγώ
1509 2456 1623 2498 ratio

153 2513 339 2556 obscura
379 2520 465 2561 est.
544 2515 737 2560 Possunt
775 2517 888 2557 enim
929 2515 991 2557 sic
1031 2513 1252 2557 enarrari:
1301 2517 1520 2570 optarem,
1558 2526 1626 2553 me

155 2570 296 2624 ipsum
324 2571 431 2613 diris
458 2573 646 2616 devoveri
676 2578 716 2616 et
736 2587 763 2614 a
785 2572 950 2614 Christo
977 2570 1145 2625 sejecnqi
1163 2570 1207 2611 in
1223 2570 1494 2624 popularium
1513 2581 1624 2610 meo-

156 2638 252 2667 rum
282 2627 629 2681 emolumentum,
669 2642 754 2670 non
782 2628 921 2669 solum
949 2627 1189 2668 levioribus
1210 2640 1288 2682 pro
1311 2639 1459 2666 eorum
1482 2625 1626 2666 saluto

153 2680 438 2724 incommodis
468 2685 584 2726 allici
612 2699 653 2729 ν.
672 2699 709 2727 c.
728 2683 1013 2725 contumelias
1035 2681 1254 2738 perferre,
1289 2696 1337 2722 ca
1374 2681 1448 2722 itis
1468 2678 1628 2722 discri-

154 2749 252 2778 men
297 2736 440 2789 adire,
491 2741 556 2781 rei
586 2740 820 2783 familiaris
842 2738 1058 2796 jacturam
1090 2738 1232 2779 facere
1268 2738 1297 2778 2
1361 2751 1426 2782 or.
1456 2737 1522 2787 11,
1538 2736 1628 2779 23..

157 2793 231 2834 Sic
252 2794 558 2843 gravissimum
589 2798 747 2837 malum
776 2796 819 2837 in
851 2809 902 2836 eo
935 2794 1152 2851 positum,
1188 2798 1236 2834 ut
1262 2798 1375 2835 totns
1398 2793 1517 2834 homo
1547 2792 1628 2833 mi·-

157 2850 503 2903 ne1·rin1us‚fiat‚
550 2866 636 2909 quo
670 2851 948 2909 popularium
985 2851 1170 2893 salutem
1206 2848 1258 2895 P.
1287 2849 1549 2902 redimeret,
1586 2846 1629 2889 si
