1715 3115
442 160 602 205 CAt’.
638 160 733 204 [x.
787 159 876 205 Vs.
906 163 949 206 6.
982 187 1032 192 -—
1069 161 1153 205 13..
1468 163 1554 205 305

66 269 280 315 detestari
310 272 387 310 aut
413 267 562 310 odisse
593 268 759 310 frustra
790 267 1021 311 obtendas.
1094 266 1158 308 lta
1194 268 1397 310 nimirum
1424 268 1549 309 nobis

66 328 239 371 videtur
259 326 487 381 visumque
506 325 597 367 anti
635 324 753 367 uitus
775 324 832 367 iis
856 330 948 378 est,
991 325 1065 380 qui
1089 325 1315 366 subtiliter
1338 324 1390 366 de
1417 325 1550 366 rebus

63 385 228 427 divinis
264 383 438 438 loquuti
477 387 581 424 sunt
603 340 726 437 sgap.
758 382 825 433 ll,
852 382 941 425 25..
1011 381 1100 423 Sed
1138 383 1269 435 vulgo
1306 381 1550 438 antiquitas

63 455 257 483 amorem
278 439 450 490 odium,
479 438 589 480 iram
614 437 820 480 invidiam
843 447 1102 494 ceterasque
1134 438 1355 480 hominum
1379 444 1550 496 pertur-

63 499 267 542 bationes
290 495 454 539 numini
475 494 624 537 divino
644 495 803 537 tribuit
836 497 897 550 (v.
916 494 1113 550 Rueck.)-

182 553 239 599 V.
262 556 291 597 6
314 579 367 585 —
392 554 460 596 13.
492 552 739 610 perspicuis
761 550 926 594 Paulus
949 553 1092 594 verbis
1117 551 1355 593 absolutum
1381 552 1464 594 Dei
1496 551 1549 594 de

63 611 314 654 hominibus
337 624 415 668 per
430 610 655 653 Christum
679 609 861 651 beandis
883 609 1106 651 decretum
1128 609 1332 665 exponit,
1357 608 1397 650 b.
1417 623 1456 652 e.
1476 608 1550 650 de-

64 669 229 723 legisse
262 668 404 709 Deum
448 668 670 720 homines,
710 667 784 722 qui
817 667 1057 708 necessario
1087 666 1215 707 iidem
1251 665 1431 708 Christo
1472 665 1550 707 ad-

57 726 296 783 jungerent
315 734 582 779 aeternaque
603 724 814 766 felicitate
836 723 1110 780 potirentur,
1133 722 1191 764 ita
1213 727 1262 763 ut
1282 722 1549 765 beandorum

66 783 287 824 bominum
317 781 532 823 delectum
562 795 640 835 pro
674 779 855 822 arbitria
884 794 960 822 sno
983 781 1146 821 faceret
1166 793 1330 834 eosque
1352 784 1550 836 praeter-

65 841 176 891 iret,
217 843 265 880 ut
301 839 384 880 lide
415 838 593 880 Christo
632 836 842 888 denegata
888 838 1160 893 sempiterno
1195 837 1345 877 miseri
1386 841 1551 888 essent,

67 909 350 953 quoscunque
390 894 634 952 praeterire
676 893 716 935 ei
747 893 915 935 libitum
944 899 1076 944 esset,
1130 894 1256 949 plane
1286 901 1329 934 et
1357 892 1550 935 dilucide

66 956 163 1009 Ap.
182 952 310 994 docet
341 957 401 1001 (v,
425 952 708 1006 Auqnste'mtm
734 950 950 992 enchirid.
982 949 1034 991 de
1062 950 1169 1001 lide,
1199 964 1276 1006 spe
1295 954 1339 991 et
1365 951 1550 990 caritate

66 1009 122 1050 ad
144 1008 430 1050 Laurentium
464 1022 500 1050 c.
522 1006 593 1049 93.
625 1022 718 1063 sq.,
762 1006 830 1047 De
862 1007 1267 1063 p1·.·ie‹lestin.·ntiene
1298 1015 1548 1049 sanctorum

66 1066 269 1108 c.3.4.et
286 1067 372 1116 143„
403 1064 472 1105 De
497 1063 658 1121 spiritu
680 1070 723 1105 et
742 1064 871 1105 litera
896 1066 1018 1107 0554.
1040 1065 1230 1120 aliisque
1250 1064 1384 1111 locis,
1411 1064 1550 1105 Theo-

65 1122 340 1178 pleylactum,
385 1121 628 1170 Calce'mcm,
675 1121 867 1172 Bezam,
912 1121 1220 1172 Rueck-ertum,
1259 1121 1309 1162 de
1348 1120 1551 1162 Weuium

66 1180 125 1221 al.
147 1178 201 1220 ad
224 1179 265 1221 b.
288 1179 358 1231 l.).
416 1177 513 1219 Hoc
535 1192 556 1218 e
578 1177 787 1228 consilio,
810 1191 894 1233 quo
918 1176 964 1220 Ρ.
990 1178 1097 1218 hanc
1119 1177 1462 1234 disputationem
1486 1177 1552 1218 in-

67 1249 250 1289 gressus
282 1240 374 1287 est,
407 1240 498 1275 tum
523 1250 544 1275 e
567 1234 882 1291 disputationis
917 1235 1086 1276 ratione
1108 1249 1236 1291 quam
1261 1234 1361 1275 iniit
1385 1234 1551 1276 verbis-

67 1307 152 1334 (ue
184 1291 345 1347 quibus
375 1306 482 1333 usus
517 1296 582 1331 est
615 1292 741 1341 longe
771 1291 1096 1347 apertissimum
1129 1297 1213 1334 est.
1282 1290 1458 1347 Quippe
1486 1295 1553 1333 tot

67 1307 351 1399 iudaeorum,
383 1348 522 1404 quiad
538 1348 705 1390 Christi
725 1347 1004 1404 disciplinam
1030 1349 1227 1390 homines
1249 1347 1446 1389 beantem
1466 1363 1553 1389 non

70 1406 388 1455 accessissent,
420 1406 638 1446 fortunam
662 1406 897 1445 miseratus
917 1407 967 1457 9,
1005 1407 1043 1448 l.
1063 1406 1131 1456 2.‚
1164 1405 1255 1446 mesi
1280 1405 1444 1462 ipsius,
1485 1406 1553 1445 in·-

72 1463 191 1520 quit,
212 1468 336 1520 peste
361 1462 636 1519 popularium
663 1476 855 1502 meorum
877 1463 1063 1503 salutem
1089 1462 1361 1513 redimerem,
1388 1461 1427 1502 si
1451 1477 1552 1518 pos-

71 1533 161 1562 sem
191 1521 242 1570 9,
271 1519 314 1562 3.
339 1544 396 1550 —
420 1519 480 1562 5..
541 1520 606 1560 At
640 1519 789 1574 procul
819 1519 968 1570 abest,
1004 1526 1048 1559 ut
1080 1519 1166 1561 Dei
1191 1519 1399 1570 edictum,
1432 1518 1553 1574 quod

70 1575 285 1618 nonnullis
304 1576 558 1618 Abrahami
588 1576 800 1632 posteris,
841 1590 921 1617 mm
955 1575 1146 1617 ommibus
1173 1574 1268 1633 ejus
1301 1576 1554 1632 nepotibus,

72 1633 332 1674 messianam
356 1633 608 1674 beatitatem
632 1631 893 1689 spopondit,
924 1633 980 1674 ud
1002 1633 1170 1674 irritum
1194 1632 1392 1674 ceciderit
1416 1634 1465 1683 ἱ),
1490 1635 1552 1675 6..

72 1689 225 1732 Edixit
247 1696 391 1731 autem
416 1690 495 1731 hoc
521 1688 666 1739 Deus,
699 1704 783 1744 quo
805 1689 900 1730 loco
921 1689 1212 1743 perlsacccum
1230 1688 1428 1730 homines
1452 1689 1552 1730 bea-

72 1750 144 1787 tos
175 1747 431 1789 Abrabamo
473 1753 676 1802 posteros
707 1752 1035 1802 nuncupaturos
1072 1760 1169 1787 esse
1214 1746 1440 1801 professus
1483 1749 1554 1787 est

73 1803 115 1854 9,
128 1804 188 1855 7..
248 1802 343 1844 Hae
363 1802 478 1843 enim
500 1817 600 1844 voce
623 1818 669 1844 se
690 1817 766 1843 eos
788 1804 939 1844 beatos
962 1818 1036 1859 per
1059 1802 1186 1843 {idem
1207 1803 1250 1844 in
1266 1802 1443 1845 Christo
1463 1803 1552 1844 col-

75 1859 262 1900 locatam
310 1859 554 1901 Abrabami
603 1865 782 1914 nepotes
820 1861 1161 1901 constituturum
1199 1873 1321 1910 csse,
1364 1861 1462 1916 qui,
1505 1866 1553 1900 ut

75 1914 283 1967 isaacus,
313 1915 383 1956 sui
415 1915 621 1970 promissi
643 1916 805 1956 virtute
828 1916 1075 1958 Abrahami
1101 1915 1180 1956 tilii
1201 1916 1477 1957 exstitissent
1510 1918 1552 1959 b.

75 1986 115 2015 e.
146 1986 256 2027 quos
286 1986 364 2028 per
395 1971 520 2012 iidem
542 1971 720 2016 Christo
744 1972 934 2013 habitam
956 1972 1200 2027 heare-ipse
1215 1973 1411 2015 voluisset
1431 1975 1474 2023 9,
1493 1974 1554 2025 8.,

75 2029 254 2084 oblique
283 2028 408 2070 nobis
436 2035 479 2068 et
510 2043 585 2084 per
613 2028 817 2080 amb-'ages
851 2029 1059 2071 ostendit.
1123 2027 1216 2070 Hoc
1238 2029 1382 2084 ipsum
1408 2035 1551 2071 autem

76 2084 223 2127 Deum
256 2085 381 2127 nobis
412 2084 636 2125 declarare
670 2085 862 2126 voluisse
888 2100 940 2126 ex
969 2085 1136 2126 oraculi
1159 2086 1304 2127 verbis
1326 2085 1558 2137 discimus,

78 2157 190 2198 quae
208 2143 373 2193 Sca-ue,
406 2156 515 2196 quae
536 2142 703 2182 viribus
734 2156 756 2180 a
785 2141 879 2183 Deo
910 2149 1083 2198 praeter
1108 2148 1288 2184 naturae
1314 2144 1451 2197 legem
1478 2143 1553 2184 da-

76 2201 136 2241 tis
161 2198 355 2241 isaacum
386 2200 607 2255 concepit,
640 2213 720 2239 non
744 2199 936 2251 Hagen-i,
969 2215 1079 2255 (piae
1112 2198 1347 2241 secundum
1371 2207 1551 2241 naturae

78 2255 273 2298 ordinem
315 2270 561 2311 praegnans
592 2258 702 2296 l'acta
745 2255 971 2297 ismaelem
1010 2255 1182 2312 peperIt
1209 2258 1261 2307 9,
1293 2258 1360 2307 9.,
1415 2257 1551 2298 lilium

78 2313 339 2355 ominamur.
421 2312 507 2353 Sed
550 2313 682 2353 multo
722 2313 900 2363 gravius
931 2316 1156 2354 oraculum
1183 2320 1274 2361 est,
1314 2313 1427 2368 quod
1464 2313 1552 2355 lie-

78 2369 202 2411 becca
232 2384 325 2411 cum
349 2383 427 2410 uno
451 2370 622 2419 lmuco,
656 2364 780 2410 en'ius
813 2385 961 2409 omnes
987 2371 1231 2426 promiscue
1263 2370 1378 2410 lilios
1402 2371 1553 2426 utique

49 2461 54 2465 .
77 2425 272 2468 beandos
292 2427 427 2467 fuisse
447 2441 497 2466 ex
522 2432 623 2466 ante
645 2425 774 2467 dictis
795 2427 1028 2467 concludas
1052 2429 1094 2478 9,
1115 2427 1301 2478 7.-9.,
1333 2427 1554 2481 complexu

78 2497 250 2525 venereo
280 2481 441 2537 junctu
479 2482 530 2524 de
569 2482 740 2523 diversa
790 2483 979 2524 liliorum
1026 2489 1146 2523 sorte
1187 2483 1376 2539 accepit,
1424 2497 1552 2538 quam

81 2539 198 2595 quod
220 2537 357 2590 Sarae
387 2539 440 2581 de
462 2538 614 2580 isaaco
645 2539 791 2580 datum
824 2540 982 2583 fuerat.
1042 2539 1156 2582 Nam
1183 2539 1324 2582 Deum
1357 2541 1553 2580 homines

81 2595 273 2637 beandos
293 2596 512 2638 arbitratu
531 2611 604 2639 sno
626 2596 806 2650 ‹leliyerc
831 2598 887 2636 ita
913 2596 1210 2649 ‹lemenstrat,
1242 2604 1287 2637 ut
1314 2597 1424 2637 nihil
1454 2612 1554 2637 esse

80 2653 227 2709 possit
255 2651 504 2695 evidentius
541 2656 590 2699 9,
618 2654 699 2695 10..
769 2652 945 2694 Scilicet
967 2653 1140 2694 etiamsi
1162 2654 1349 2695 nondum
1374 2655 1463 2693 nati
1485 2669 1554 2694 es-

82 2716 181 2750 sent
201 2709 370 2751 Esavus
396 2717 441 2751 et
470 2709 654 2750 lacobus
684 2723 823 2764 neque
855 2710 1090 2766 quidquam
1122 2709 1224 2752 honi
1252 2711 1407 2750 malive
1426 2710 1554 2750 fecis-

81 2770 201 2817 sent,
228 2781 251 2806 a
274 2766 394 2817 Deo,
426 2774 472 2807 ut
502 2766 695 2808 divinum
726 2766 881 2808 beandi
910 2768 1138 2808 consilium
1161 2782 1213 2809 ex
1236 2767 1455 2808 bominum
1481 2766 1555 2807 de-

80 2822 225 2874 lectu,
252 2823 458 2878 nullaque
491 2823 628 2880 probe
658 2824 892 2875 sactorum,
932 2838 1040 2879 quae
1071 2823 1343 2875 edidissent,
1385 2823 1556 2864 ratione

128 2889 318 2925 Frtezsche
336 2890 403 2935 Ep.
426 2891 467 2924 ad
489 2891 594 2923 lium.
625 2890 660 2924 Ρ.
686 2890 726 2923 ll.
1071 2881 1103 2922 U
