1715 3115
475 182 636 229 CAP.
669 182 839 229 VIII.
872 183 962 228 Vs.
992 184 1035 226 3.
1066 186 1119 225 et
1147 182 1209 226 4..
1519 183 1577 226 95

109 292 256 352 quide
288 291 481 349 peccatis
510 290 681 335 Christi
711 290 930 347 supplicio
958 289 1146 347 expiatis
1175 289 1216 330 h.
1244 288 1277 332 1.
1305 288 1377 341 agi
1406 287 1576 345 opinati

107 350 187 406 τὴν
207 346 428 405 ἁμαρτίαν
445 353 665 404 peceatum
686 352 935 401 patrumm,
968 362 979 387 ι
1001 346 1082 388 uod
1102 345 1327 387 collective
1350 345 1402 385 «le
1424 359 1576 398 pecca-

109 409 165 449 tis
195 407 443 458 diceretur,
490 408 751 446 enarrarent
783 404 825 446 h.
853 418 917 446 S.:
987 405 1090 445 )cus
1120 402 1290 459 punivit
1317 407 1493 459 peccata
1530 402 1574 443 in

106 463 316 516 (Christi)
336 476 519 519 corpore
541 462 582 504 h.
603 476 644 505 e.
666 461 835 504 Christi
859 475 1040 516 corpore
1063 460 1310 502 interfecto.
1372 457 1577 500 Praeter-

108 535 238 577 quam
269 519 383 560 enim
415 518 530 575 quod
555 518 759 572 puniendi
786 518 1004 558 notionem
1035 517 1164 558 verbo
1193 514 1439 569 κατακρίνω
1476 529 1577 572 pre-

107 578 229 619 cario
260 575 546 634 subjecerunt
577 578 737 629 (neque
763 575 878 615 enim
908 578 933 615 2
959 575 1078 617 Petr.
1100 574 1194 625 2,6.
1226 571 1469 625 κατακρίνω
1497 586 1578 625 pn-

108 635 227 684 m’re,
257 632 334 674 sed
355 634 564 674 damnare
584 630 748 672 Dativo
767 645 928 685 poenae
948 630 1117 687 adjecto
1136 630 1329 681 denotat,
1347 628 1578 673 cffflatth.

107 691 262 742 20,18.
285 695 329 731 et
352 689 531 731 Laberis.
554 687 607 729 ad
632 686 798 742 Phi-yn.
822 702 865 743 p.
886 688 1009 741 475.)
1027 693 1070 729 et
1093 685 1137 728 ἐν
1165 687 1218 742 τῇ
1248 684 1380 740 σαρκί
1412 691 1575 727 temere

108 747 162 788 ad
192 751 389 789 necatum
413 746 569 787 christe·
596 759 755 801 corpus
785 745 1051 786 rettulerunt
1080 747 1142 793 (ν.
1174 743 1333 797 infra);
1377 741 1577 799 disputa-

109 804 248 846 tionis
275 801 503 844 Paullinae
535 802 651 843 ratio
681 801 877 854 flagitat,
915 806 963 842 ut
989 799 1066 855 TtJv
1084 798 1325 854 Ἁμαρτίαν
1347 797 1577 841 Peccatum

110 861 142 904 i.
161 875 200 903 e.
230 874 384 901 numen
419 859 609 915 peccatis
641 858 966 917 praepositum,
995 857 1234 911 (Malitiam
1263 857 1409 910 7,13.)
1440 856 1579 897 inter-

110 923 331 974 pretemur
362 921 423 969 (v,
452 915 664 967 noenu).
721 915 893 971 ,Nempe
922 914 1031 956 illud
1066 919 1303 955 monstrum
1334 913 1391 953 ita
1426 913 1468 954 in
1499 912 1579 956 Ju-

109 974 245 1015 daeos
265 973 534 1014 dominatum
557 974 724 1023 fuerat,
755 979 802 1013 ut
821 971 1069 1013 homiuibus
1097 972 1140 1011 in
1169 984 1291 1011 suam
1322 970 1579 1011 servitutem

111 1030 301 1072 redactis
322 1029 614 1070 certissimam
642 1034 849 1081 mortem,
884 1028 967 1084 quai
997 1027 1226 1069 commissa
1256 1027 1465 1068 maleficia
1497 1042 1580 1084 pu-

112 1087 337 1137 nirentur,
371 1092 549 1142 pareret
576 1085 839 1136 7‚7—24..
905 1084 1002 1128 Jam
1035 1100 1087 1126 ne
1116 1084 1314 1125 homines
1346 1083 1503 1129 christ.
1535 1088 1581 1126 et

113 1145 198 1201 ipsi
223 1144 377 1184 mortis
401 1143 725 1193 damnarentur,
747 1157 769 1183 e
789 1142 999 1183 Peccatus
1019 1141 1073 1182 ad
1092 1146 1284 1198 peccata,
1307 1154 1418 1197 quae
1441 1147 1581 1182 morte

111 1200 412 1250 vindicantur,
464 1200 656 1240 homines
696 1200 904 1256 pellicere
946 1200 1066 1241 soliti
1107 1202 1325 1255 potestate
1363 1197 1583 1254 eripiendi

112 1262 254 1302 eraut.
310 1255 440 1312 Quod
463 1256 520 1297 ita
544 1257 703 1297 iactum
726 1262 820 1309 est,
852 1262 899 1298 ut
920 1257 987 1297 lex
1007 1256 1154 1297 vitalis
1175 1255 1360 1311 spiritus
1381 1255 1581 1296 homines

113 1315 269 1357 christ.
303 1329 325 1355 a
357 1315 453 1368 lege
487 1312 697 1355 Peccatus
728 1320 770 1354 et
802 1329 927 1369 quam
962 1313 1037 1354 ille
1067 1312 1389 1353 machinaretur
1420 1311 1581 1354 Mortis

113 1372 324 1413 liberaret
346 1375 407 1425 (v.
429 1371 508 1420 2.).
570 1370 620 1411 ln
645 1370 776 1428 hujus
797 1371 1041 1411 sententiae
1067 1368 1341 1425 expositione
1374 1364 1398 1424 ἡ
1413 1362 1582 1424 Ἄμαρ-

113 1426 187 1470 τία
202 1429 428 1470 Peccatum
448 1433 490 1467 et
505 1428 685 1480 Πνεῦμα
706 1428 905 1481 spiritum
925 1427 1005 1470 div.
1028 1425 1258 1480 designare
1281 1425 1424 1478 debet,
1446 1440 1578 1482 quum

115 1486 195 1527 hoc
214 1484 524 1526 enuntiandum
549 1484 628 1533 sit,
663 1483 886 1526 Christum
910 1483 1132 1535 ess'eeisse,
1173 1488 1221 1524 ut
1246 1481 1454 1524 Peccatus
1482 1483 1581 1537 lege

114 1542 324 1594 abrogata
347 1541 483 1582 divini
504 1541 690 1597 spiritus
711 1541 779 1582 lex
801 1542 968 1582 valeret
988 1541 1029 1583 h.
1052 1555 1091 1584 e.
1121 1546 1168 1581 ut
1198 1540 1394 1581 homines
1425 1540 1581 1585 christ.

116 1599 439 1656 impuritatem,
488 1599 572 1653 qua
606 1612 721 1639 mors
753 1598 1064 1649 contrahatur,
1113 1596 1310 1654 ejurent,
1358 1597 1581 1648 virtutem,

118 1671 230 1712 quae
258 1656 389 1697 vitam
417 1661 640 1696 aeternam
670 1660 897 1711 apportet,
935 1655 1270 1710 amplectantur.
1340 1652 1582 1696 Praeterea

119 1713 237 1754 nulla
261 1713 342 1753 tuit
359 1712 472 1765 legis
496 1726 630 1763 mos.,
664 1726 774 1768 quae
795 1712 1088 1753 atrocissimis
1111 1711 1263 1768 poenis
1286 1716 1459 1767 peccata
1485 1711 1583 1752 vin-

117 1769 300 1821 dicavit,
333 1770 375 1809 in
396 1768 630 1825 puniendis
650 1769 839 1825 peccatis
863 1769 1118 1818 infirmitas,
1145 1782 1196 1809 ne
1220 1768 1304 1808 alia
1328 1767 1583 1824 adjungam.

122 1824 275 1867 Potest
302 1839 406 1866 sane
433 1824 706 1879 κατακρίνειν
732 1824 772 1867 υἱ
802 1825 973 1879 privare
1003 1831 1172 1867 notare.
1248 1824 1362 1867 Nam
1396 1825 1470 1866 ubi
1505 1823 1582 1879 qui

120 1882 358 1939 potentiam
391 1881 476 1921 sibi
506 1888 666 1922 temere
696 1882 996 1934 arrogaverit,
1030 1888 1076 1923 ut
1097 1882 1285 1923 Satanas
1303 1881 1404 1925 Joh.
1434 1882 1583 1931 12‚31.

120 1942 190 1990 10,
207 1940 271 1981 11.
291 1943 335 1978 et
359 1936 569 1978 Peccatus
590 1938 716 1981 Rom.
734 1952 772 1981 c.
792 1941 851 1989 7.,
877 1939 1008 1996 injus
1029 1945 1205 1980 vocatur
1224 1937 1458 1991 (κρίνεται)
1481 1952 1583 1979 cau-

122 1997 259 2051 saque
277 1994 451 2047 cognita
473 1995 675 2049 quoniam
699 1995 819 2035 nefas
840 1995 991 2036 fecerit
1017 1995 1071 2036 ab
1097 1994 1244 2051 judice
1271 1994 1583 2043 condemnatur

122 2050 491 2105 (καιῑακρίνεται).
544 2051 596 2090 de
629 2055 868 2107 potestate,
922 2067 1048 2106 quam
1082 2055 1280 2107 proterve
1323 2052 1585 2103 exercuerit,

121 2107 399 2150 deturbatur.
463 2107 549 2148 Sed
574 2108 614 2150 h.
647 2108 676 2149 l.
706 2106 978 2161 κατακρίνειν
1010 2107 1123 2148 haud
1155 2107 1284 2149 dubie
1310 2110 1458 2150 mortis
1486 2123 1585 2150 con-

121 2166 324 2208 demnare
362 2164 570 2207 declarat.
644 2163 789 2204 l’rimo
830 2164 942 2204 enim
978 2165 1065 2219 Ap.
1107 2166 1281 2205 verbnm
1312 2164 1586 2218 κατακρίνειν

123 2222 322 2264 studiose
342 2221 527 2273 delegit,
560 2222 659 2276 quia
685 2235 724 2262 v.
753 2223 789 2262 l.
821 2221 1094 2275 κατάκριμα,
1125 2221 1239 2277 qnod
1261 2222 1319 2261 ihi
1342 2222 1586 2263 damnatio-

121 2293 218 2321 nem
247 2278 303 2320 acl
330 2283 506 2320 mortem
539 2279 677 2329 valet,
715 2277 979 2332 scripserat,
1022 2278 1098 2318 hoc
1128 2285 1251 2319 acute
1286 2278 1588 2322 indicaturus:

123 2336 266 2378 Deum
291 2333 542 2386 Peccatum,
585 2335 659 2390 qui
690 2334 936 2374 hominibus
969 2332 1285 2375 damnationem
1317 2334 1369 2375 ad
1403 2343 1585 2377 mortem

123 2392 386 2443 creavisset,
416 2392 570 2433 mortis
592 2390 918 2433 condemnasse.
974 2392 1117 2444 (uror.
1144 2392 1221 2432 hoc
1241 2406 1415 2433 acumen
1451 2406 1586 2448 quae-

124 2449 251 2492 sivit:
282 2448 376 2505 ipse
406 2449 479 2504 qui
510 2448 740 2490 damnatus
784 2454 943 2489 ›eccato
972 2446 1198 2489 videbatur
1228 2448 1474 2504 [Christus]
1509 2448 1587 2490 da-

126 2506 291 2548 mnavit
315 2511 554 2561 peccatum.
615 2508 680 2546 At
702 2463 953 2561 Suhjectum
980 2509 1046 2545 est
1079 2500 1101 2545 ὃ
1135 2504 1266 2554 θεός
1296 2512 1523 2562 totumque
1551 2506 1587 2550 l.

77 2610 80 2613 ,
128 2565 252 2607 Grot.
270 2576 425 2618 parum
444 2569 560 2604 recte
581 2562 829 2620 explicuit).
891 2561 1061 2602 Deinde
1082 2576 1169 2603 rem
1193 2563 1463 2604 manifestam
1486 2562 1587 2603 red-

127 2620 237 2662 dunt
256 2633 371 2663 voce.
394 2633 433 2662 v.
454 2619 498 2662 4.
516 2619 567 2662 τὸ
591 2617 813 2670 δικαίωμα
832 2617 911 2660 τοῦ
942 2614 1102 2669 νόμου,
1136 2633 1245 2675 quae
1275 2620 1586 2674 cogitationem

129 2676 298 2718 notioni
318 2675 448 2717 verbo
466 2675 687 2730 κατέκρινε
703 2676 1040 2732 comprehensae
1057 2678 1302 2732 oppositam
1313 2677 1588 2719 contineant:

129 2733 404 2783 absolutoria,
423 2747 530 2787 quae
551 2734 680 2773 vitam
702 2733 889 2786 spondet,
911 2732 1011 2786 leye‘s
1032 2746 1136 2776 mos,
1156 2735 1386 2776 sententia.
1434 2731 1588 2774 Prius-

164 2804 258 2830 uam
280 2790 508 2830 verborum
531 2788 575 2830 ἐν
595 2790 646 2845 ιζ
665 2787 796 2845 σαρκί
813 2789 1072 2830 sententiam
1090 2791 1388 2845 exquiramus,
1407 2788 1458 2831 de
1472 2803 1588 2834 voce.

130 2863 152 2890 o
177 2844 287 2895 θεὸς
306 2861 339 2888 ι’.
362 2841 397 2889 ἑ.
418 2844 510 2890 υὶύν
532 2861 579 2889 fc.
601 2844 635 2888 ἑ.
654 2841 690 2888 ὁ.
712 2842 859 2900 σ.“Λμ.
880 2863 919 2888 κ.
939 2862 988 2889 π.
1001 2842 1093 2900 ‘Aa
1108 2877 1120 2897 ,
1153 2848 1313 2904 quibus
1335 2847 1477 2890 Deum
1509 2858 1587 2903 per
