1715 3115
177 222 262 265 338
462 218 836 263 EPISTOLA
874 220 977 264 AD
1016 221 1373 267 ROMANOS

177 332 318 369 menta
360 325 449 366 sint
477 323 695 366 vindictae
735 329 779 366 et
806 325 968 382 furoris
1001 326 1195 383 Dei.”(!)
1252 326 1399 370 Tanta
1433 327 1576 371 Deum
1608 329 1655 371 in

176 384 367 428 Jmlaeos
389 396 412 422 a
434 381 602 424 Christi
625 381 764 423 sacris
786 383 1071 423 abhorrentes
1101 383 1376 439 indulgentia
1405 385 1570 438 fuisse,
1607 390 1656 429 ut

175 441 471 494 resipiscerent
498 438 602 489 ’.ἶ-,4.
641 439 668 478 2
695 436 814 482 Petr.
836 438 878 490 3,
910 440 953 482 9.
984 439 1213 495 (Benqel.),
1263 454 1403 496 neque
1442 440 1558 482 dixit
1599 439 1655 485 P.

176 510 314 551 neque
335 509 385 536 eo
409 495 439 538 l.
469 493 613 535 dicere
646 495 811 550 potuit,
855 509 941 550 quo
963 495 1078 536 omni
1103 496 1142 536 vi
1166 501 1212 537 et
1229 496 1434 537 libertate
1457 496 1656 540 homines

178 553 432 609 spoliasset.
504 549 598 591 lmo
628 551 756 604 longe
790 551 921 592 aliam
958 552 1214 592 clementiae
1253 553 1465 594 rationem
1510 567 1552 597 V.
1579 553 1655 597 23.

179 610 273 664 ipse
307 607 458 659 all'ert,
498 607 536 648 si
567 607 743 663 quidem
772 622 888 650 vocc.
917 608 990 649 καὶ
1020 604 1092 648 ἵνα
1122 607 1312 665 γνωρίσῃ
1334 613 1418 652 etc.
1451 614 1570 652 recte
1597 609 1654 651 ab

181 666 351 721 ἤνεγκεν
384 663 725 719 suspenduntur.
768 662 1091 719 κατηρτισμένα
1117 660 1181 713 εἰς
1201 662 1445 720 ἀπώλειαν]
1481 679 1654 719 compo-

179 722 279 772 sita,
312 722 537 771 instructa,
569 721 781 762 adornata
801 725 843 771 (a
873 720 987 774 Deo)
1009 719 1064 760 ad
1083 721 1387 774 sempiternam
1404 721 1652 774 perniciem.

181 776 249 819 Cf.
279 774 552 830 καταρτίζειν
582 777 718 818 πλοῖα
747 775 902 831 Polyb.
930 776 972 828 5,
1003 775 1075 827 4²5,
1110 778 1177 817 10.
1214 777 1318 825 ναῦς
1343 776 1385 829 5,
1408 777 1503 827 101,
1531 777 1574 821 2.
1596 782 1655 818 Ἰ(Ξίι

182 833 362 877 similia.
421 832 715 874 Continuatur
745 833 787 875 h.
812 834 843 874 l.
872 837 916 873 et
945 847 986 875 v.
1004 832 1075 875 23.
1103 832 1248 872 verbis
1271 827 1298 873 ἃ
1323 831 1654 887 προητοίμασεν

182 886 244 938 εἷς
266 885 396 938 δόξαν
418 887 660 930 similitudo
684 903 706 929 a
730 889 862 941 figulo
884 888 1010 929 ducta
1034 902 1073 930 v.
1093 889 1165 931 21.
1192 888 1361 943 (Beza).
1421 887 1654 945 Componit

182 946 341 986 artifex
371 959 447 986 vas
479 946 537 986 ita
564 953 609 986 ut
627 944 681 985 ad
705 959 793 986 rem
817 943 1182 986 accommodatum
1211 946 1292 996 sit,
1332 944 1386 985 ad
1409 959 1536 1000 quam
1558 945 1652 1001 ipse
1712 943 1715 946 ”

182 1002 227 1044 id
259 1001 561 1044 destinaverit.
630 1001 703 1043 Sic
735 1002 858 1043 Deus
895 1002 1007 1042 alios
1036 1000 1254 1052 immines,
1283 1015 1413 1056 quum
1432 1007 1654 1042 contuma-

182 1059 290 1100 ciam
323 1072 470 1099 eorum
502 1058 658 1098 animis
688 1058 986 1111 ingeneraret,
1026 1057 1087 1097 ita
1113 1058 1345 1109 instruxit,
1376 1057 1488 1098 utin
1510 1063 1653 1099 aeter-

184 1129 279 1156 nam
314 1115 533 1155 miseriam
560 1115 822 1171 praecipites
845 1120 996 1166 ruant,
1026 1114 1164 1165 alios,
1194 1128 1303 1170 quos
1325 1113 1566 1156 teneriores
1588 1114 1652 1155 l'a'-

182 1177 298 1212 neret
329 1177 372 1212 et
401 1171 563 1228 pietate
597 1172 835 1222 imbueret,
873 1171 938 1212 sic
964 1170 1229 1225 composuit,
1266 1176 1316 1211 ut
1343 1171 1650 1227 sempiternam

183 1227 437 1269 felicitatem
476 1234 813 1283 consequantur.
882 1226 1033 1268 Verba
1074 1225 1392 1281 κατηρτισμένα
1426 1223 1490 1274 εἰς
1520 1225 1652 1268 ἀπιό-

185 1286 306 1325 λειαν
329 1284 553 1328 declarare
578 1283 898 1339 κατηρτισμένα
927 1278 1027 1325 ὑπὸ
1058 1284 1154 1324 τοῦ
1184 1284 1320 1324 θεοῦ
1343 1279 1407 1330 εἷς
1427 1281 1652 1324 ἀπώλειαν

185 1341 235 1386 (i.
256 1355 299 1395 q.
322 1339 348 1381 ἑὲ
371 1337 629 1394 κατήρτισεν
650 1339 711 1389 εἰς
732 1338 980 1393 ἀπώλειαν)
1014 1338 1047 1382 l.
1069 1353 1092 1380 e
1114 1339 1256 1380 verbis
1278 1339 1494 1395 oppositis
1519 1353 1557 1381 v.
1578 1340 1650 1382 23.

183 1394 210 1438 ἃ
244 1396 573 1451 προητοίμασεν
600 1394 664 1445 εἰς
693 1396 823 1445 δόξαν
852 1396 1142 1453 perspicitur,
1189 1394 1256 1437 Il.
1288 1410 1310 1435 e
1345 1395 1651 1448 similitudine,

183 1453 266 1509 quii
299 1452 422 1495 Deus
450 1467 544 1493 cum
574 1453 707 1503 figulo
736 1452 1036 1503 contenditur,
1066 1451 1262 1492 homines
1283 1466 1378 1493 cum
1399 1451 1516 1493 vasis
1535 1464 1651 1493 com-

181 1515 395 1565 parantur
426 1523 463 1552 ν.
484 1510 556 1550 21.
575 1523 642 1563 sq.
657 1542 669 1561 ,
709 1509 976 1563 intelligitur
1007 1514 1050 1549 et
1068 1505 1160 1549 Ill.
1192 1522 1215 1549 e
1235 1509 1327 1549 tota
1348 1506 1477 1550 Pauli
1496 1508 1649 1566 dispu-

183 1566 350 1607 tatione
368 1564 667 1616 cognoscitur,
707 1565 791 1620 qua
815 1564 1062 1605 hominibus
1081 1563 1252 1605 divinae
1273 1564 1527 1606 necessitati
1546 1564 1650 1607 sub-

176 1621 309 1680 jectis
357 1622 467 1662 nihil
516 1620 630 1676 quod
681 1620 723 1660 in
774 1622 967 1676 ipsorum
1016 1624 1234 1676 potestate
1279 1625 1398 1662 esset
1447 1621 1649 1677 relliquit

180 1693 221 1720 v.
236 1680 276 1721 6.
295 1691 412 1732 sqq..
471 1675 762 1730 Quamobrem
783 1691 922 1732 neque
941 1691 1088 1718 eorum
1112 1677 1224 1718 ratio
1243 1676 1286 1720 h.
1306 1677 1339 1718 1.
1361 1677 1468 1718 ferri
1489 1682 1650 1733 potest,

181 1734 258 1790 qui
293 1732 532 1789 participio
560 1729 900 1786 κατηρτισμένος
926 1731 1148 1788 Adjectivi
1178 1732 1369 1775 verbalis
1387 1736 1649 1789 potestatem

181 1790 383 1832 tribuunt
417 1789 547 1844 (Luc.
575 1791 617 1840 6,
637 1789 710 1831 40.
743 1790 1084 1843 κατηρτισμένος
1110 1789 1382 1842 compositus,
1427 1789 1647 1844 hesdynffen)

181 1853 225 1887 et
249 1851 445 1888 vertunt:
485 1860 589 1887 vasa
619 1849 724 1898 apta
752 1844 808 1885 ad
837 1845 1080 1896 interitum,
1119 1845 1292 1896 idonea,
1331 1859 1437 1900 qecae
1467 1849 1649 1899 pereant

179 1904 339 1957 (Ga-ot„
369 1903 502 1956 Benq.
523 1902 618 1956 aL),
649 1906 696 1941 ut
714 1899 958 1957 cujusmodi
979 1901 1068 1942 sint
1084 1898 1132 1942 P.
1154 1900 1449 1942 tantummodo
1468 1899 1647 1954 dixerit,

180 1974 265 2000 non
282 1959 412 2000 simul
433 1957 691 1999 indicaverit
711 1958 810 2012 quis
834 1971 882 1997 ea
902 1957 945 1998 in
968 1957 1075 1997 hanc
1093 1956 1379 1998 conditionem
1403 1956 1647 2009 adduxerit,
1682 1990 1688 2002 .

183 2022 226 2058 et
247 2019 321 2070 qui
341 2021 587 2071 exponunt:
626 2011 945 2067 κατηρτισμένα
976 2009 1205 2054 οἴκοθεν
1234 2012 1324 2054 καὶ
1353 2010 1479 2067 παρ’
1513 2010 1645 2054 ἔαυ-

180 2070 284 2111 τῶν
314 2070 378 2120 εἰς
407 2067 633 2111 ἀπώλειαν
651 2068 862 2121 homines,
889 2069 971 2126 ,qui
997 2083 1086 2110 sese
1116 2069 1173 2110 acl
1189 2073 1406 2110 aeternam
1426 2069 1644 2111 miseriam

182 2131 498 2181 composuerunt
526 2126 720 2178 (chrys,
770 2125 1035 2176 Theodoret„
1083 2125 1127 2165 T
1122 2124 1340 2179 lieophyl„
1379 2123 1499 2176 Oea,
1546 2124 1644 2167 Gla-

179 2183 295 2235 νίιιε,
332 2182 482 2237 Wolf„
513 2183 689 2231 licum„
719 2181 928 2223 Noesselt.
951 2195 995 2237 p.
1017 2182 1111 2223 177.
1132 2181 1211 2235 al.)
1233 2180 1465 2234 ineptiunt.
1521 2179 1642 2222 Scite

179 2238 304 2280 Bcza
340 2253 418 2291 „ac
446 2239 549 2279 mihi
579 2237 776 2293 quidem,
815 2236 977 2292 inquit,
1018 2252 1097 2277 non
1127 2237 1254 2277 aliter
1289 2236 1410 2290 loqui
1442 2235 1642 2278 videntur

181 2297 257 2351 qui
277 2309 375 2336 vasa
398 2295 489 2336 irae
510 2294 656 2335 dicunt
673 2292 1019 2347 καταρτίζεσθαι
1050 2308 1074 2334 a
1094 2307 1140 2334 se
1161 2292 1295 2348 ipsis,
1332 2305 1458 2347 quam
1480 2293 1517 2332 si
1541 2293 1640 2349 quis

179 2365 255 2392 vas
281 2350 458 2407 aliquod
488 2351 651 2391 diceret
680 2363 761 2388 non
793 2363 816 2389 a
845 2349 1001 2401 figulo,
1043 2350 1118 2389 sed
1153 2363 1174 2388 a
1197 2363 1241 2388 se
1265 2348 1357 2403 ipso
1384 2348 1532 2402 fingi.''
1560 2348 1639 2403 (cf.

179 2421 218 2449 v.
237 2410 330 2460 21.)
382 2405 605 2448 ’Λπώλεια
639 2405 901 2460 sempiterna
926 2406 1100 2446 miseria
1121 2411 1208 2456 est,
1248 2405 1290 2444 in
1311 2403 1397 2459 qua
1417 2404 1542 2461 impii
1561 2405 1638 2446 ho-

178 2463 314 2504 mines
342 2469 469 2504 erunt
500 2464 541 2503 in
575 2475 780 2514 geonnam
809 2460 992 2516 conjecti
1025 2459 1139 2502 Phil.
1168 2462 1206 2511 l,
1225 2460 1296 2502 28.
1327 2463 1349 2500 l
1372 2459 1473 2503 Cor.
1497 2461 1638 2512 1,18..

175 2517 291 2559 Huic
313 2516 418 2566 δόξα
437 2518 670 2576 opponitur
689 2531 727 2559 v,
748 2519 818 2560 273,
838 2517 892 2560 cf.
910 2516 954 2568 8,
978 2517 1059 2560 18..
1118 2517 1348 2573 Repugnat
1369 2530 1471 2557 sane
1496 2516 1634 2558 Deum

174 2574 402 2616 admodum
433 2575 712 2627 indulgenter
744 2574 902 2614 tulisse
931 2580 1134 2628 tanquam
1166 2573 1238 2628 qui
1260 2573 1429 2628 culpam
1451 2587 1635 2614 comme·

173 2631 366 2671 ruissent
387 2632 603 2678 homines,
634 2643 743 2685 quos
774 2630 867 2682 ipse
899 2629 957 2668 ita
980 2630 1178 2669 finxisset
1201 2633 1247 2669 ut
1268 2643 1346 2684 per
1367 2629 1633 2684 impietatem

170 2687 436 2742 sempiterno
459 2687 605 2727 miseri
627 2684 966 2737 fierent(0lsh.).
1025 2684 1111 2726 Sed
1136 2699 1218 2726 non
1240 2686 1381 2726 minus
1404 2689 1634 2742 repugnat,

169 2744 310 2783 Deum
343 2747 385 2783 et
411 2750 686 2783 contumaces
717 2741 898 2782 reddere
931 2741 1125 2782 homines
1155 2745 1198 2781 et
1235 2741 1543 2782 contumaciam
1574 2741 1632 2782 iis

163 2799 431 2853 exprobrare
448 2804 507 2850 (v,
531 2798 598 2840 18.
621 2823 675 2828 —
692 2797 802 2850 21.).
857 2795 1022 2837 Incidit
1047 2796 1094 2839 Ρ.
1116 2796 1159 2838 in
1191 2796 1270 2837 has
1290 2798 1406 2838 inter
1427 2811 1474 2840 se
1496 2797 1630 2838 dissi-

159 2853 311 2896 dentes
351 2854 593 2896 sententias
629 2852 778 2894 fatalis
815 2853 1091 2895 necessitatis
1128 2852 1422 2896 defendendae
1463 2851 1626 2905 studio,
