1715 3115
152 224 212 268 04
435 223 816 268 EPISTOLA
846 222 949 267 AD
980 222 1339 269 ROMANOS

153 331 375 374 tummodo
408 329 540 372 Pauli
577 344 673 372 cum
702 327 945 371 Platonicis
982 335 1288 386 congruerent.
1360 329 1476 372 Nam
1515 343 1617 372 casu

152 389 249 431 lieri
274 387 513 445 potuisset,
544 391 590 427 ut
614 385 663 429 Ρ.
686 386 896 427 invitante
920 401 966 427 re
987 402 1143 445 corpus
1166 389 1279 444 quod
1313 388 1451 429 oculis
1482 401 1616 427 usur-

153 451 284 501 patur
314 442 389 485 τὸν
420 442 502 492 ἔξω
532 439 790 496 ἄνθρωπον,
832 448 1040 494 mentem,
1079 460 1188 500 quae
1217 445 1335 485 intus
1367 445 1409 484 in
1442 444 1615 485 homine

152 508 245 551 est,
277 499 353 541 ιτὸν
377 497 464 540 ἔσω
484 493 726 552 ἄνθρωπον
748 496 937 548 diceret,
967 500 1322 556 quemadmodum
1341 499 1483 543 Plato.
1525 498 1614 541 Sed

151 557 413 599 concordant
451 555 700 597 sententiae.
779 554 891 597 Nam
928 554 980 599 P.
1018 570 1189 612 quoque
1229 562 1412 598 mentem
1444 570 1616 613 puram,

148 629 332 670 corpus,
366 618 413 653 ut
435 610 548 667 quod
572 616 843 667 peccatorum
867 612 1145 653 invitamenta
1170 613 1437 664 contineret,
1473 613 1614 668 impu-

149 685 244 711 rum
271 670 414 710 animo
436 667 684 708 informavit
707 670 768 722 (v.
789 671 958 725 supra).
1030 668 1199 709 Deinde
1223 669 1448 710 distinctio
1478 670 1612 710 trium

149 726 340 768 hominis
370 725 557 781 partium
591 722 790 768 1Thess.
810 725 938 774 5,25.
973 725 1085 766 haud
1119 724 1248 766 dubie
1273 724 1494 767 Platonica
1529 730 1613 769 est.

150 783 266 824 Tum
301 796 405 823 usus
439 780 661 838 Adjectivi
696 779 880 834 ιῑίιυχικός
902 781 1101 823 Platonis
1130 782 1392 823 sententiam
1423 781 1612 825 redolet.

149 839 378 882 Postremo
408 838 529 878 locus
556 839 578 877 l
604 835 722 879 Petr.
742 837 783 889 3,
805 838 872 889 4.‚
913 838 986 879 uhi
1020 839 1292 894 postulatur,
1331 844 1378 879 ut
1405 839 1611 879 mulieres

146 897 192 938 in
225 901 399 952 pectore
426 894 608 934 latitans
639 892 789 945 homo,
838 895 911 950 qui
948 895 1241 951 perpetuitate
1278 899 1528 935 mansuetae
1566 899 1612 935 et

145 952 414 1004 tranquillae
435 950 592 991 mentis
611 954 838 1003 cernatur,
871 956 1020 1003 ornet,
1050 952 1237 992 colorem
1262 951 1390 992 habet
1415 949 1611 992 Platoni-

146 1024 259 1052 cum.
337 1008 405 1050 cf.
436 1007 526 1049 Cic.
558 1005 694 1049 Tusc.
717 1004 800 1057 lV,
827 1007 868 1058 5,
894 1010 961 1051 10.
991 1032 1047 1039 —
1085 1008 1128 1048 iu
1166 1007 1381 1064 participe
1422 1007 1609 1049 rationis

150 1065 327 1121 [animi]
342 1069 465 1121 parte
485 1068 651 1119 ponunt
670 1064 1042 1118 tranquillitatem,
1067 1065 1145 1106 i.e.
1163 1064 1380 1116 placidam
1399 1064 1607 1119 quietam-

145 1137 225 1178 que
255 1121 554 1164 constantiam.
632 1117 720 1160 Sed
747 1126 952 1171 cognatas
980 1119 1224 1162 Platonicis
1265 1125 1356 1161 tum
1396 1120 1607 1161 formulas

147 1185 238 1220 tum
277 1177 519 1219 sententias
546 1174 606 1218 N.
625 1175 680 1220 T,
721 1176 961 1232 scriptores
989 1191 1072 1217 non
1102 1191 1152 1218 ex
1181 1177 1276 1232 ipso
1303 1177 1422 1217 fonte
1451 1176 1494 1218 h.
1515 1191 1555 1219 e.
1583 1190 1607 1218 e

146 1234 350 1277 Platonis
371 1239 446 1274 aut
468 1232 794 1275 Platonicorum
816 1232 968 1285 libris,
1004 1234 1080 1274 sed
1102 1247 1125 1274 e
1146 1234 1238 1274 rivo
1260 1234 1499 1274 hauserunt
1517 1233 1546 1276 i.
1566 1247 1606 1276 e.

145 1307 198 1334 ex
221 1291 438 1333 hominum
465 1302 662 1330 sermone
684 1288 861 1344 vitaque
880 1291 1116 1341 communi,
1145 1303 1230 1345 quo
1258 1303 1281 1331 e
1306 1290 1454 1331 schola
1487 1289 1608 1330 abie-

141 1354 242 1391 rant
265 1351 325 1402 (v,
345 1347 523 1400 Knupp.
547 1346 711 1401 Opusc.
731 1360 774 1402 p.
794 1346 932 1398 392).
992 1347 1226 1402 Reliquum
1257 1351 1350 1397 est,
1389 1352 1437 1387 ut
1469 1345 1606 1387 falsas

141 1404 375 1447 nonnullas
395 1402 667 1458 loquutionis
690 1395 713 1441 ὅ
743 1400 831 1444 ἔσω
857 1402 1102 1459 ἄνθρωπος
1132 1402 1446 1458 explicationes
1475 1403 1606 1444 refel-

141 1462 247 1505 lam.
286 1460 412 1502 Beza
444 1459 519 1511 (cf.
554 1458 692 1510 ccclv.)
731 1457 806 1499 τὸν
841 1455 930 1501 ἔσω
969 1454 1212 1516 ἄνθρωπον
1239 1458 1352 1500 idem
1386 1458 1501 1514 quod
1529 1457 1606 1500 τὸν

143 1515 300 1560 καινὸ
314 1533 335 1557 ν
364 1516 606 1570 ἄνθρωπον
624 1514 875 1566 „hominem
899 1522 1112 1572 quatenus
1133 1515 1192 1556 sit
1211 1515 1352 1568 gratia
1373 1514 1462 1557 Dei
1480 1529 1606 1570 rege-

141 1573 361 1616 neratus”
399 1577 445 1614 et
479 1569 554 1612 τὸν
580 1570 663 1619 ἔξω
691 1571 933 1626 ἄνθρωπον
964 1572 1075 1613 idem
1108 1571 1222 1628 quod
1250 1569 1326 1613 τὸν
1355 1572 1605 1613 παλαιὸν

140 1625 383 1686 ἄνθρωπον
416 1626 671 1684 „quidquid
712 1628 771 1669 sit
811 1628 937 1670 homo
975 1628 1119 1684 qualis
1157 1629 1398 1669 nascatur''
1435 1629 1604 1684 pollere

140 1687 383 1745 perhibuit.
443 1687 509 1727 At
533 1698 681 1725 omnes
698 1685 944 1741 promiscue
967 1686 1184 1735 homines,
1223 1685 1314 1726 sive
1341 1685 1484 1726 renati
1513 1685 1603 1726 sint

141 1746 189 1798 (2
213 1744 315 1787 Cor.
336 1743 380 1792 4,
400 1743 491 1791 16.)
512 1741 603 1782 sive
635 1755 719 1782 non
752 1742 893 1782 renati
921 1742 1071 1796 (Rom.
1092 1741 1135 1793 7,
1157 1741 1273 1794 22),
1308 1755 1359 1782 ex
1393 1741 1603 1783 interiore

139 1806 185 1843 et
204 1799 425 1843 exteriore
446 1797 618 1839 homine
635 1797 677 1841 h.
698 1811 801 1840 e.ex
820 1803 964 1839 mente
983 1804 1027 1840 et
1046 1811 1226 1853 corpore
1245 1802 1471 1850 constant3
1501 1811 1603 1839 con-

137 1861 208 1899 tra
231 1856 425 1898 homines
446 1854 600 1897 christ.
620 1854 664 1895 in
686 1868 854 1896 crucem
872 1861 969 1896 acto
991 1861 1136 1896 vetere
1157 1854 1328 1895 homine
1348 1867 1503 1895 novum
1524 1854 1602 1895 ho-

137 1915 295 1956 minem
326 1911 506 1954 induere
537 1911 684 1965 (Rom.
705 1911 747 1962 6,
766 1913 809 1953 6.
840 1911 952 1967 Eph.
973 1912 1015 1964 4,
1033 1912 1128 1964 24.)
1156 1910 1296 1954 decet.
1373 1909 1603 1953 concessit

137 1971 221 2013 hoc
244 1969 552 2018 Olshausenus,
581 1966 659 2008 sed
688 1966 802 2022 quod
830 1968 1037 2024 profundi
1067 1966 1172 2024 quid
1201 1966 1399 2009 dicturus
1428 1967 1602 2025 adjecit,
1646 2004 1653 2008 s

138 2032 358 2083 quatenus
378 2025 505 2066 homo
535 2023 720 2064 interior
749 2037 904 2065 novum
935 2025 1148 2066 hominem
1183 2029 1312 2080 partu
1342 2023 1468 2080 quasi
1500 2023 1602 2066 edat

134 2084 181 2127 h.
201 2098 241 2127 e.
263 2081 452 2123 hominis
473 2080 659 2121 nondum
680 2080 822 2122 renati
848 2095 964 2122 mens
993 2081 1132 2137 primo
1163 2087 1440 2132 renascatur,
1481 2083 1601 2121 eate-

136 2154 221 2182 nus
241 2140 322 2180 τοῦ
341 2139 422 2180 ἔσω
441 2134 683 2191 ἀνθρώπου
704 2137 789 2178 vim
816 2151 842 2178 a
872 2138 953 2179 τοῦ
980 2139 1132 2179 καινοῦ
1158 2134 1401 2191 ἀνθρώπου
1430 2135 1599 2190 signifi-

137 2201 237 2238 catu
257 2195 453 2251 proxime
475 2193 627 2234 abesse
646 2198 876 2249 rectequae
899 2208 1008 2249 quae
1021 2197 1113 2260 Ap.
1134 2194 1227 2237 h.1.
1248 2192 1300 2233 de
1319 2192 1491 2233 homine
1511 2207 1597 2234 non

137 2258 293 2295 renato
321 2251 488 2292 dixerit
514 2249 664 2306 paucis
692 2250 871 2292 mutatis
896 2250 941 2291 in
970 2251 1183 2292 hominem
1214 2253 1412 2290 renatum
1452 2253 1598 2290 trans-

139 2309 274 2358 ferri,
317 2307 363 2349 id
393 2321 566 2349 sensum
594 2306 724 2348 habet
750 2307 934 2349 nullum.
1011 2305 1205 2355 Vatabl„
1238 2305 1407 2349 Elsner.
1433 2305 1493 2348 al.
1522 2303 1598 2347 τὸν

138 2362 228 2408 ἔσω
251 2360 493 2420 ἄνθρωπον
512 2366 694 2404 mentem
723 2363 908 2419 spiritus
928 2361 1014 2403 Dei
1025 2361 1344 2457 fpotentissimo
1370 2375 1499 2418 opere
1526 2375 1596 2403 re-

139 2421 330 2475 genitam
350 2419 678 2474 vehementique
695 2419 783 2460 Dei
802 2432 947 2460 amore
974 2418 1016 2458 in
1055 2422 1283 2458 ammatam
1317 2422 1468 2459 notare
1501 2431 1595 2460 cre-

137 2477 347 2520 diderunt
366 2476 432 2531 ³¹⁵).
487 2475 705 2519 Similiter
731 2474 908 2518 Morus:
943 2487 1104 2528 „mens
1133 2473 1289 2516 melius
1315 2474 1527 2572 insnum}
1550 2478 1596 2516 et

1526 2543 1597 2573 or-

183 2651 221 2698 *)
247 2652 343 2686 Male
360 2650 538 2685 Etsnerus
556 2656 591 2684 et
619 2650 680 2696 qui
713 2664 794 2686 eum
821 2650 960 2695 sequuti
985 2656 1068 2685 sunt
1093 2655 1133 2684 ut
1160 2661 1259 2684 suam
1284 2647 1492 2694 opinionem
1517 2654 1590 2684 sta-

229 2707 358 2742 hiliant
382 2706 492 2741 citant
511 2706 651 2740 Jalkuth
672 2707 809 2740 Rubeni
839 2707 861 2741 f.
885 2709 935 2740 10.
960 2706 1030 2740 col.
1052 2706 1086 2741 3,
1123 2694 1255 2739 12:72572
1284 2708 1360 2739 &75
1388 2705 1494 2739 *222227
1523 2705 1593 2739 '5739

177 2807 180 2810 Δ
229 2765 350 2807 ενι-,ρ
371 2763 463 2795 22:³⁸
484 2753 622 2796 rubim
646 2762 790 2795 εἰςιν)
807 2763 906 2796 ³722
965 2761 1069 2794 :ti-‚n
1088 2764 1189 2807 sap:
1208 2763 1352 2795 muer.
1370 2763 1466 2796 rna-1
1487 2749 1591 2795 mab

229 2820 337 2852 rii-³72
373 2821 525 2865 pamm
571 2808 704 2854 baa-:2³
743 2821 846 2853 2:72&
891 2820 1062 2853 namur:
1104 2820 1211 2852 mv:
1249 2819 1381 2865 mmm:
1422 2820 1467 2850 Ὁ
1507 2817 1590 2852 2:⁸7&

229 2878 426 2922 :nm-xpri
456 2875 549 2910 cutis
579 2881 614 2910 et
649 2886 736 2912 caro
765 2876 1023 2913 vestimentum
1043 2881 1098 2912 esc
1121 2875 1265 2911 homini
1270 2887 1282 2919 3
1319 2875 1469 2920 spiritus
1492 2875 1589 2909 inte-
