1715 3115
692 213 783 256 CA
802 209 850 258 P.
896 211 1006 257 lx..
1495 212 1581 254 237

110 318 264 362 christ.
293 316 507 372 debitam,
546 333 677 376 quum
710 319 1005 371 audivissent,
1047 333 1123 361 sua
1154 319 1297 362 Deum
1329 317 1512 359 consilia
1538 317 1584 358 in

110 390 172 428 re,
205 390 316 431 quae
331 375 485 417 alteris
499 375 709 429 dolorem,
739 376 894 418 alteris
914 377 1088 418 nimiam
1113 375 1324 417 laetitiam
1346 380 1583 431 apportare

110 437 284 490 posset,
314 446 398 475 non
420 433 509 475 alio
528 432 774 486 direxisse,
804 434 888 477 nisi
911 439 958 475 ut
978 447 1118 475 armies
1141 434 1335 475 homines
1357 446 1435 487 per
1455 432 1585 474 Chri-

108 494 225 531 etun·
270 489 423 532 felices
464 490 687 533 redderet.
761 489 850 532 Sed
900 490 1187 532 verisimilius
1232 495 1324 540 est,
1386 488 1585 540 Panium,

109 559 240 601 quum
269 545 326 587 ab
354 547 532 598 amicis,
571 547 645 603 qni
677 547 838 601 Romae
872 547 1089 598 viverent,
1120 560 1318 588 aversum
1347 547 1582 588 multorum

108 602 377 647 Judaeorum
417 618 442 644 a
484 603 662 648 Christo
702 604 890 646 animum
924 603 1129 661 judaicae
1168 603 1321 659 stirpis
1362 603 1585 643 limnanos

108 673 302 716 pungere
337 666 381 702 et
419 662 618 702 solicitos
660 661 842 714 habere,
887 660 1098 701 barbarae
1127 660 1282 717 stirpis
1316 659 1584 703 Christianis

109 716 298 773 spiritus
326 716 485 759 afferre
515 719 784 775 :incepisset,
823 718 902 759 hac
933 716 1232 775 disputatione
1261 718 1435 758 illorum
1460 716 1585 757 dolo-

109 787 199 815 rem
219 773 467 827 consolari,
495 775 649 816 horum
671 774 948 818 insolentiam
974 788 1195 825 coercere,
1227 775 1415 816 omnium
1438 777 1584 814 autem

107 829 382 872 concordiam
420 837 465 873 et
497 833 702 889 pietatem
741 830 949 890 adjuvare
988 831 1203 884 voluisse,
1247 845 1377 888 quum
1417 836 1585 887 tempo-

109 886 227 928 raria
252 886 486 930 multorum
510 887 777 931 Jndaeorum
797 888 1037 947 rejectione
1066 888 1177 929 nihil
1204 887 1346 930 Deum
1377 886 1586 942 consequi

107 943 246 997 velle,
274 942 362 986 nisi
380 950 429 986 ut-
451 960 601 988 omnes
625 946 812 1001 denique
833 960 912 1002 per
932 944 1157 987 Christum
1185 944 1385 996 beentur,
1411 958 1584 1000 compe-

108 999 292 1044 rissent.
360 1000 502 1044 Multo
542 1007 685 1046 tamen
724 1002 861 1058 magis
894 1001 1140 1059 Apostolus
1172 1001 1215 1044 in
1254 1001 1451 1042 levandis
1483 1001 1584 1058 jud.

107 1057 298 1099 nationis
326 1056 621 1112 Christianis,
659 1074 787 1116 quam
823 1059 864 1100 in
886 1057 1173 1102 admonendis
1194 1057 1406 1108 barbarae
1427 1056 1584 1114 stirpis

106 1112 318 1158 Romanis
346 1122 582 1172 occupatus
610 1126 693 1161 est.
762 1114 878 1158 Nam
905 1115 1056 1159 multis
1084 1115 1234 1158 verbis
1261 1116 1305 1158 iu
1338 1115 1458 1158 illam
1493 1128 1582 1154 rem

108 1170 239 1213 sactis
258 1172 610 1225 9‚1.-11‚16.‚
646 1173 892 1226 Romanos,
924 1172 998 1228 qui
1019 1177 1144 1214 antea
1167 1173 1356 1227 gentiles
1379 1172 1585 1222 fuissent,

112 1240 166 1267 ne
187 1227 274 1269 Dei
294 1229 566 1282 benignitate
586 1237 752 1272 temere
769 1228 1113 1274 inllatiJudaeos
1134 1234 1411 1271 contemnant
1435 1227 1586 1284 paucis

107 1283 309 1326 versibus
339 1286 597 1328 cohortatur
631 1289 698 1338 11,
720 1286 938 1330 17.—24.
969 1286 1151 1341 linitque
1172 1300 1293 1327 suam
1322 1284 1586 1342 disputatio-

108 1353 204 1381 nem
233 1341 459 1396 mysterii,
494 1342 609 1399 quod
631 1343 838 1398 judaicae
867 1341 1024 1399 stirpis
1053 1341 1265 1384 Romanis
1295 1342 1454 1384 solatio
1485 1355 1585 1382 esse

107 1394 321 1449 debebat,
350 1401 655 1442 enunciatione
688 1398 843 1451 11,25.
874 1401 964 1444 29..
1025 1399 1230 1443 Ceterum
1253 1399 1519 1456 Apostolum
1543 1405 1588 1439 et

107 1453 218 1495 hene
243 1461 551 1512 praeparatum
583 1456 637 1498 ad
665 1457 776 1498 hunc
805 1457 942 1499 locum
987 1457 1227 1498 accessisse
1256 1470 1396 1512 neque
1428 1455 1587 1496 minori

109 1523 207 1552 eum
228 1511 517 1554 emolumento
539 1513 746 1555 Romanis
769 1527 865 1553 esse
887 1512 1079 1555 voluisse
1093 1527 1218 1568 quam
1243 1511 1587 1569 praecedentem,

112 1566 427 1624 disputationis
450 1568 682 1612 l’aullinae
704 1570 936 1621 diligentia
953 1575 996 1611 et
1019 1570 1246 1612 subtilitas
1270 1569 1418 1621 docet,
1469 1574 1515 1610 ut
1555 1569 1587 1610 ii

110 1624 349 1677 fallantur,
385 1627 459 1683 qui
488 1627 731 1677 (Thaima,
772 1627 967 1677 Koeffln„
1006 1626 1107 1669 (HV.
1128 1628 1210 1681 al.)
1235 1641 1273 1670 c.
1291 1629 1398 1670 9,-
1415 1627 1487 1669 11.
1506 1640 1586 1682 ap-

107 1680 331 1738 pendicem
361 1697 648 1739 praegressae
678 1683 966 1741 disputationi
1002 1686 1039 1736 1,
1064 1685 1250 1737 17.-8,
1268 1685 1339 1727 39.
1370 1683 1583 1741 adjectam

108 1738 332 1781 continere
358 1741 609 1796 perhibent.
679 1738 836 1783 Potest
867 1742 926 1782 ita
969 1740 1025 1783 iis
1057 1739 1220 1794 videri,
1261 1742 1336 1798 qni
1368 1739 1495 1781 Pauli
1529 1740 1585 1781 ad

111 1793 241 1838 Rom.
268 1795 424 1838 literas
443 1796 613 1839 doctam
644 1796 698 1840 ‹le
724 1796 803 1853 τῆς
826 1794 1131 1854 δικαιοσύνης,
1174 1813 1284 1854 quae
1309 1797 1391 1839 lide
1411 1812 1585 1854 eompa-

108 1856 258 1903 retnr,
286 1853 533 1896 rationibus
562 1854 980 1905 conmzentationem,
1015 1869 1098 1896 nou
1129 1856 1359 1911 epistolam
1379 1869 1476 1895 esse
1497 1853 1586 1895 sihi

109 1908 429 1973 persuaserint.
486 1908 539 1950 ln
563 1910 862 1952 constituenda
888 1910 1016 1969 hujus
1039 1911 1069 1954 l.
1091 1925 1127 1954 c.
1151 1910 1337 1956 9.—l¹‘.
1368 1911 1583 1954 sententia

108 1965 142 2006 li
195 1963 359 2007 roxime
387 1980 410 2006 a
442 1979 542 2008 vero
570 1967 827 2018 abluerunt,
868 1967 943 2022 qui
978 1966 1161 2009 Paulum
1194 1970 1420 2024 defendere
1440 1968 1583 2009 Deum

109 2035 161 2062 vo
185 2021 330 2074 uisse,
377 2022 492 2078 qnod
533 2023 765 2079 promissis
802 2023 962 2079 populo
996 2022 1169 2081 judaico
1202 2025 1317 2067 datis
1340 2039 1421 2068 non
1452 2025 1584 2065 satis-

109 2078 314 2133 fecisset,
345 2093 476 2135 quum
500 2079 707 2135 permulti
727 2078 885 2122 Iudaei
907 2078 988 2121 lide
1015 2079 1192 2123 Christo
1213 2080 1423 2137 denegata
1448 2081 1584 2123 beati-

109 2134 216 2176 tatis
237 2149 358 2189 spem
380 2135 629 2192 perdidisse
651 2135 928 2189 viderentur,
967 2141 1248 2179 autumarunt
1276 2143 1338 2194 (v.
1365 2139 1584 2180 Ii'ee'chium

109 2191 344 2244 11‚254,)‚
388 2192 466 2234 sed
506 2198 711 2235 errarunt
748 2197 908 2235 tamen.
975 2191 1090 2235 Sane
1134 2194 1184 2239 P.
1211 2196 1434 2237 nonnullis
1476 2196 1583 2236 locis

107 2247 253 2290 Deum
282 2247 502 2301 defendit,
540 2254 590 2291 ut
619 2250 691 2306 qui
725 2248 968 2306 injustitiae
997 2251 1158 2292 crimen
1187 2252 1242 2292 ab
1276 2268 1326 2293 eo
1355 2253 1583 2309 propulset

109 2305 235 2358 9‚14.
254 2320 344 2361 sq„
382 2306 617 2348 clementer
643 2321 740 2347 eum
770 2306 928 2348 secisse
946 2313 1119 2349 moneat
1137 2308 1263 2359 9,22.
1284 2324 1350 2364 sq.
1372 2310 1581 2364 initisque

106 2361 162 2402 ab
198 2375 250 2403 eo
285 2363 486 2406 consiliis
533 2363 644 2405 nihil
681 2363 928 2421 sapientius
971 2364 1078 2417 fingi
1112 2379 1240 2422 posse
1281 2367 1480 2407 observet
1511 2368 1581 2415 11,

104 2417 177 2461 25.
196 2433 283 2474 sq..
342 2419 433 2461 Sed
463 2419 572 2462 nihil
604 2419 789 2462 Paulum
826 2421 871 2465 h.
902 2421 934 2465 l.
964 2420 1137 2462 efficere
1167 2423 1384 2477 voluisse,
1426 2423 1511 2464 nisi
1533 2428 1582 2464 ut

105 2473 196 2516 Dei
244 2475 448 2520 instituta
495 2476 857 2530 defenderentur,
904 2483 994 2518 tum
1031 2476 1200 2520 demum
1248 2479 1365 2521 credi
1416 2485 1582 2536 posset,

72 2531 75 2534 ’
109 2545 243 2587 quum
282 2547 433 2585 suum,
482 2548 610 2590 quem
649 2548 672 2575 e
712 2533 833 2575 tristi
871 2532 1135 2577 Indaeorum
1178 2536 1422 2579 conditione
1461 2550 1582 2578 acce-

105 2588 273 2644 pisset,
311 2589 509 2632 dolorem
552 2591 776 2647 praelatus
817 2591 928 2631 nihil
966 2591 1038 2633 hic
1078 2592 1164 2633 nisi
1196 2592 1284 2635 Dei
1315 2593 1366 2635 de
1398 2592 1581 2637 Iudaeis

105 2650 231 2701 capta
290 2647 474 2688 consilia
527 2647 802 2704 justissima,
872 2648 1234 2702 clementissima,
1303 2650 1581 2708 sapientissi-

106 2715 173 2742 ma
214 2706 259 2742 et
299 2703 383 2745 toti
421 2703 642 2746 hominum
682 2704 834 2758 generi
879 2704 1169 2746 saluberrima
1209 2721 1307 2750 esse
1349 2707 1581 2749 ostendere

104 2763 355 2804 conaretur.
427 2762 493 2803 At
533 2775 629 2802 eum
664 2760 868 2817 judaieae
910 2762 1064 2818 stirpis
1118 2762 1334 2805 Romanos
1383 2765 1582 2806 consola-

104 2814 223 2856 tione
255 2815 393 2857 lenire
423 2818 608 2858 maxime
637 2817 829 2859 voluisse
861 2818 996 2859 multa
1025 2819 1117 2861 loca
1149 2819 1306 2863 docent
1334 2823 1376 2872 9,
1404 2822 1475 2864 30.
1508 2835 1579 2876 sq·

105 2872 175 2925 11,
198 2874 238 2915 1.
272 2873 442 2929 11225.
471 2874 543 2920 28.
575 2876 665 2919 20..
735 2873 969 2917 Praeterea
1013 2875 1225 2919 barbarae
1263 2879 1419 2935 stirpis
1452 2877 1581 2922 Chri-
