1715 3115
466 169 624 216 CAP.
656 169 752 216 xl.
796 171 886 216 Vs.
913 172 992 216 22.
1024 176 1079 214 et
1104 171 1202 217 23..
1487 174 1574 217 509

103 281 153 323 δὲ
185 279 236 323 σὲ
262 273 577 334 χρηστότης
614 279 753 322 θεοῦ
783 280 847 324 Λ.
877 278 930 323 Β.
960 279 1183 324 Damaso..
1260 278 1358 322 Hoc
1387 279 1571 326 Lachm.

102 337 239 379 textis
268 335 436 378 intulit.
471 336 477 390 1
513 334 546 377 ε’.
575 352 621 388 μ.
648 351 686 379 τ.
715 350 762 376 π.
794 333 1128 388 ἀποτομίαν,
1179 334 1257 379 ἐπὶ
1287 338 1336 380 δὲ
1365 338 1414 380 σὲ
1443 354 1574 394 χρη-

103 391 303 449 στότης
332 396 471 433 θεοῦ
504 390 555 435 C.
581 393 656 436 D..
715 393 813 434 Hoc
845 407 868 433 e
901 393 1077 446 vulgata
1109 393 1331 450 scriptura
1362 402 1406 435 et
1428 395 1574 438 Lach-

100 463 257 492 manno
276 449 459 506 probata
481 450 667 490 lectione
689 454 853 490 temere
875 451 1146 491 commistum
1167 455 1252 494 cst.
1317 449 1574 494 Lectionem

102 520 127 547 a
150 505 430 548 Lachmanno
455 513 672 561 receptam
700 506 934 558 genuinam
961 520 1059 547 esse
1083 520 1168 547 non
1192 513 1279 549 tam
1303 514 1467 550 certum
1490 515 1574 563 est,

102 577 232 620 qnam
262 562 458 614 Reichio,
507 562 686 615 Meyer-o
714 569 758 603 et
785 562 956 604 Schollo
984 563 1124 604 visum
1151 569 1236 608 est.
1309 564 1572 622 Suspectam

101 634 198 661 eam
229 618 376 661 reddit
402 619 516 660 θεοῦ
544 624 643 675 post
667 615 912 674 χρηστότης
936 618 1168 677 adjectum.
1229 619 1343 662 Nam
1365 637 1496 678 quum
1519 623 1575 670 P.

101 677 234 717 verba
256 677 320 718 sic
338 675 544 731 capienda
565 682 735 717 essent:
767 675 843 724 ἐπι
863 676 942 725 μέν
960 674 1065 726 τοῦς
1084 673 1302 728 πεσόντας
1322 675 1577 730 ἅποτομίαν

101 731 372 787 (ἀποτομία)
402 732 499 773 scil.
527 731 688 780 θεοῦ,
731 730 807 773 ἐπὶ
838 732 885 773 δὲ
916 732 964 773 σὲ
990 730 1266 790 χρηστότητα
1289 734 1576 793 (χρηστότης)

102 804 178 846 np.
207 789 365 838 θεοῦ,
406 788 583 829 librarii
615 789 728 830 θεοῦ
755 795 856 845 post
881 787 1159 845 χρηστότητα
1189 793 1472 848 (χρηστότης)
1496 795 1574 835 ad-

103 847 332 897 diderunt,
375 844 562 886 Paulum
589 845 664 901 qui
693 851 793 901 post
813 847 1036 901 posterius
1055 845 1388 890 substantivum
1412 865 1574 906 posue-

103 910 173 945 rat
202 899 267 944 ἴδε
298 897 374 951 οὖν
402 903 680 957 χρηστότητα
710 904 785 943 καὶ
814 899 1065 954 ἀποτομίαν
1094 905 1231 946 θεοῦ
1262 905 1438 951 imitati.
1516 908 1576 951 Et

102 973 364 1017 quamquam
399 959 621 1016 scriptura
653 958 930 1001 Elseviriana
965 960 1167 1014 vulgare,
1213 961 1576 1008 Lachmcmm'cma

103 1018 248 1058 minus
280 1016 489 1057 usitatum
521 1014 729 1071 loquendi
762 1030 899 1069 genus
927 1017 1089 1067 refert,
1125 1023 1269 1060 tamen
1301 1028 1576 1065 correctores

102 1072 402 1117 Nominativis
431 1073 622 1114 offensos
652 1074 947 1114 Accusativos
978 1075 1213 1131 scripsisse
1244 1076 1358 1118 falso
1391 1086 1575 1135 putave-

102 1133 184 1174 ris.
243 1129 465 1171 Nimirum
487 1130 592 1171 haec
613 1129 778 1172 oratio:
824 1125 891 1171 ἴδε
917 1123 993 1171 οὖν
1012 1129 1288 1187 χρηστότητα
1312 1136 1386 1176 καὶ
1407 1133 1576 1178 ἀποτο-

101 1185 208 1243 μίαν
228 1188 362 1228 θεοῦ·
398 1185 476 1228 ἐπὶ
495 1186 575 1238 μὲν
594 1185 698 1235 τοὺς
720 1187 937 1235 πεσόντας
955 1185 1183 1239 ἀποτομία
1205 1195 1287 1244 (sc.
1307 1188 1466 1247 ἐστὶν),
1496 1190 1576 1236 ἐπὶ

104 1245 154 1286 ὁὲ
188 1244 239 1286 σὲ
272 1240 518 1299 χρηστότης
554 1242 673 1297 (vide
704 1242 842 1297 igitur
878 1243 1190 1298 benignitatem
1221 1253 1265 1289 et
1293 1250 1575 1293 severitatem

103 1301 219 1344 Dei:
257 1300 299 1340 in
331 1315 406 1341 eos
435 1300 511 1356 qui
539 1305 775 1356 peccarunt
803 1301 1017 1343 severitas
1042 1317 1164 1344 versa
1189 1310 1279 1356 est,
1320 1305 1364 1346 in
1386 1313 1429 1347 te
1451 1307 1576 1350 beni-

104 1359 272 1412 gnitas)
294 1358 469 1398 minime
489 1356 699 1397 inusitata
722 1362 790 1398 est
810 1360 872 1411 (2,
891 1358 973 1411 8.).
1034 1359 1152 1414 Quin
1175 1361 1440 1404 festinantes
1463 1364 1576 1406 scri-

105 1416 187 1456 bae
216 1414 261 1455 in
287 1414 368 1454 tali
395 1415 426 1454 1.
456 1427 540 1454 non
568 1412 796 1455 difficilius
828 1429 907 1471 pro
939 1417 1222 1460 Accusativis
1248 1418 1576 1474 Bleminatis-os,

106 1485 233 1528 quam
255 1484 335 1527 pro
357 1470 653 1512 Nominativis
673 1473 967 1514 Accusativos
988 1480 1224 1516 exararunt
1244 1482 1290 1516 et
1311 1477 1450 1532 quiin
1473 1493 1576 1520 seu-

103 1527 289 1570 tentiam
315 1527 475 1569 intenti
503 1529 615 1569 hunc
642 1528 675 1572 1.
703 1528 889 1570 liberius
909 1530 1102 1572 citarunt
1121 1535 1210 1572 tum
1233 1532 1418 1574 liberam
1439 1548 1576 1577 enun-

103 1585 332 1627 tiationem
364 1584 481 1626 vocis
509 1579 576 1626 ἴδε
602 1585 809 1639 regimini
838 1586 1052 1643 subjicere
1082 1588 1112 1631 i.
1131 1602 1170 1631 e.
1195 1588 1500 1633 Nominativos
1526 1592 1573 1634 in

103 1641 400 1684 Accusativos
421 1646 613 1694 mutare,
643 1647 733 1683 tum
756 1657 965 1698 suspensa
987 1644 1115 1685 verba
1138 1646 1181 1687 in
1203 1646 1453 1689 libertatem
1480 1649 1574 1690 vin-

103 1699 252 1740 dicare
281 1699 324 1740 h.
345 1713 384 1741 e.
415 1713 495 1754 pro
523 1700 807 1741 Accusativis
837 1700 1145 1743 Nominativos
1175 1703 1389 1746 collocare
1418 1712 1575 1762 potue-

104 1760 224 1798 runt.
295 1753 526 1796 Postremo
558 1755 866 1797 Nominativos
899 1771 1238 1814 perpaucorum,
1279 1763 1575 1806 Accusativos

104 1812 394 1869 plurimorum
417 1811 575 1867 partim
599 1813 1006 1868 antiquissimorum
1031 1816 1234 1867 testium,
1265 1823 1312 1858 ut
1334 1818 1575 1860 Clementis

106 1869 244 1911 Alex.
270 1866 461 1920 Paedag.
486 1869 524 1919 l,
543 1868 674 1919 8‚51.
699 1868 757 1920 (l,
783 1870 876 1911 140.
904 1868 1040 1920 Pott.)
1058 1903 1069 1923 ,
1107 1874 1369 1916 auctoritate
1396 1875 1574 1918 defendi

105 1923 467 1966 considerandum
496 1930 579 1967 est.
646 1923 721 1966 ἐὰν
743 1924 971 1982 ἐπιμείνιης
990 1928 1042 1985 τῇ
1059 1931 1347 1985 χρηστότητι]
1377 1933 1416 1973 εἰ
1439 1933 1481 1974 in
1503 1933 1574 1976 bo-

103 1983 243 2024 nitate
272 1987 459 2032 (morum
489 1982 741 2034 honestate,
780 1984 835 2024 cf.
855 1984 896 2034 3,
918 1985 1008 2040 12.)
1035 1991 1371 2037 perseveraveris
1400 2003 1473 2046 np.
1503 2005 1573 2043 eo,

104 2037 221 2094 quod
262 2037 389 2078 tidem
430 2038 683 2081 retinueris.
760 2038 834 2080 Sic
867 2048 984 2082 recte
1017 2042 1128 2082 bunc
1158 2042 1190 2085 l.
1220 2045 1338 2100 cepit
1367 2045 1467 2090 Chr.
1498 2047 1573 2090 Fr.

45 2121 48 2124 -
104 2094 296 2138 Schmid.
319 2098 419 2151 post
437 2094 703 2137 Clementem
727 2097 862 2139 Alex.
881 2097 963 2140 l.c.
983 2123 1035 2130 —
1056 2098 1131 2139 ἐὰν
1152 2096 1381 2159 ἐπιμείνιης
1399 2104 1451 2160 τῇ
1468 2118 1574 2160 χρη-

106 2152 311 2207 στότητι,
350 2150 552 2192 τουτέστι
579 2153 633 2206 τῇ
660 2149 725 2200 εἷς
753 2153 952 2209 Χριστὸν
980 2152 1143 2196 πίστει.
1207 2157 1331 2198 Hanc
1354 2160 1572 2216 interpre-

103 2209 315 2249 tationem
353 2213 397 2248 et
433 2222 511 2248 sua
550 2208 739 2251 felicitas
767 2209 1040 2252 commendat
1070 2214 1189 2267 (nam
1223 2212 1444 2266 ἐπιμένειν
1475 2231 1570 2259 cum

103 2264 270 2306 Dativo
292 2264 485 2314 virtuti&
514 2271 589 2305 aut
608 2266 729 2317 vitii,
761 2266 803 2307 in
829 2281 911 2322 quo
933 2282 1188 2323 permaneas
1208 2272 1321 2312 strui
1342 2274 1456 2314 solet
1477 2275 1572 2326 l‚6.

105 2322 255 2373 11‚23.
284 2321 379 2363 Col.
399 2322 538 2373 1,23.)
557 2326 599 2363 et
619 2324 833 2365 sententia
857 2325 1058 2380 opposita
1080 2327 1201 2368 v.23.
1223 2325 1297 2369 ἐὰν
1315 2328 1375 2381 μ’)
1397 2329 1573 2381 ἐπιμεί-

104 2391 212 2419 νωσι
233 2379 284 2434 τῇ
307 2374 509 2434 ἀπιστίᾳ.
567 2379 780 2431 Accedit,
808 2383 922 2436 quocl
945 2383 1238 2424 antanaclasis
1270 2409 1324 2415 —
1348 2385 1424 2428 ἐπὶ
1451 2386 1498 2428 ds*
1520 2388 1571 2429 σὲ

90 2434 453 2490 χρηστότητα
483 2434 735 2487 (bonisatmn
767 2438 797 2479 i.
819 2452 858 2479 c.
891 2438 1334 2495 beniynitatem),
1375 2440 1450 2484 ἐὰν
1471 2441 1571 2485 ἑπι-

103 2488 255 2546 μείνιης
288 2491 344 2547 τῇ
372 2489 705 2546 χρηστότητι
738 2493 796 2543 (si
820 2495 1170 2550 perseveraveris
1192 2497 1234 2538 iu
1258 2497 1445 2540 bonitate
1466 2499 1508 2542 h.
1531 2514 1572 2544 e.

105 2560 304 2588 morum
345 2546 651 2601 honestate)
702 2548 829 2590 Pauli
872 2551 1091 2602 ingenium
1138 2553 1323 2599 redolet.
1403 2557 1571 2608 Alteri,

106 2617 234 2657 quam
256 2605 458 2660 plerique
483 2603 745 2661 interpretes
768 2606 982 2660 inierunt,
1015 2609 1321 2665 explicationi:
1361 2612 1398 2653 si
1423 2613 1463 2652 in
1486 2614 1574 2655 1)σὶ

105 2659 373 2713 benignitate
403 2662 698 2716 permanseris
728 2664 757 2705 i.
780 2677 821 2718 q.
849 2664 888 2704 si
911 2677 962 2705 eo
987 2666 1101 2720 quod
1125 2666 1249 2708 iidem
1271 2669 1410 2709 tuitus
1431 2671 1569 2711 fueris

104 2714 281 2767 dignum
307 2722 348 2757 te
374 2717 459 2758 Dei
492 2717 760 2770 benignitate
793 2720 1073 2776 praelu¹e1·iS‚
1113 2736 1224 2768 menn
1256 2729 1306 2767 bu
1336 2725 1410 2772 bid)
1442 2725 1479 2769 in
1508 2730 1571 2770 bet

104 2771 214 2817 &itte
242 2773 429 2826 (OEottess)
461 2773 634 2826 etbdttst,
675 2777 886 2829 bebauptest
916 2778 1188 2833 (Tleeophyl.‚
1227 2781 1357 2823 schol.
1383 2780 1568 2834 Muuh„

103 2828 277 2882 lleum„
301 2828 471 2883 Morus,
495 2831 647 2884 Flam,
679 2831 868 2887 Boelem„
898 2833 1071 2889 Rueck„
1099 2835 1265 2890 Reicle„
1296 2835 1463 2892 Meyer.
1485 2840 1565 2894 ul.)
