1715 3115
537 167 695 214 GAP.
722 166 849 213 vll.
889 166 983 213 Vs.
1012 167 1109 211 21..
1506 172 1560 212 5⁰

88 274 261 317 sonalia
294 277 338 316 ct
367 273 710 317 demonstrativa
741 278 831 316 tum
863 287 940 330 per
969 272 1280 326 negligentiam
1309 274 1463 316 iterari
1490 290 1560 316 so-

86 331 204 384 lere,
235 346 364 430 qluum
389 333 647 389 scriptorem
670 331 804 388 positi
828 329 1106 373 Pronominis
1128 331 1352 373 nonnullis
1377 330 1562 390 adjectis

87 387 250 430 vocabu
277 388 313 429 is
338 388 500 431 oblivio
520 388 713 446 ceperit,
743 392 833 429 tum
855 387 906 429 de
934 387 1177 439 industria,
1216 392 1265 430 ut
1296 387 1366 430 vel
1396 389 1559 431 oratio-

88 445 162 487 nis
190 445 467 502 perplexiore
501 444 723 488 structura
753 444 953 486 nonnihil
980 444 1236 486 obscuratae
1266 445 1563 510 perspicuitas

88 501 330 544 lectoribus
353 501 405 544 de
427 517 478 544 eo
500 502 552 544 dc
577 517 661 559 quo
693 507 934 557 exponatur
964 499 1199 544 identidem
1231 502 1410 543 monitis
1436 502 1563 560 adju-

89 564 242 608 vetur,
274 564 320 600 ut
341 560 383 602 h.
408 560 462 608 1.,
494 561 561 602 vel
587 559 651 601 vis
672 558 860 600 orationi
883 559 967 600 ista
996 557 1258 615 repetitione
1284 558 1563 603 concilietur.

91 614 163 658 Cf.
184 613 406 658 Matthiae
425 619 538 667 must.
564 630 623 671 gt.
645 615 722 661 (gr.
745 630 789 672 p.
812 615 937 658 1312.
953 648 964 665 ,
995 614 1045 656 F.
1063 614 1120 657 V.
1135 614 1355 656 Fritzsche
1375 614 1563 670 Quaest.

89 669 200 712 Luc.
231 686 276 728 p.
299 673 396 726 14„
434 673 653 715 Kuehneri
679 674 793 726 Plussf.
823 674 901 717 ffir.
922 670 986 722 ll,
1006 672 1133 723 3551„
1174 684 1308 712 meam
1339 679 1482 715 notam
1509 673 1564 715 ad

89 726 231 772 Marc.
260 743 304 793 p.
325 730 394 772 14.
434 729 653 782 manns,
681 730 754 773 40.
798 730 820 770 1
842 726 944 771 Cor.
974 728 1015 780 5,
1041 727 1183 769 3-5.
1222 728 1250 768 2
1269 726 1373 772 Cor.
1404 729 1471 782 12,
1502 732 1564 775 2..

91 783 292 840 Knappu'
314 786 561 842 opinionem
582 787 634 835 (l.
656 801 693 829 c.
714 800 759 841 p.
781 786 880 828 391.
901 787 1006 841 sq.),
1037 783 1110 840 qui
1131 789 1324 826 veterem
1347 785 1565 843 interpre-

90 845 179 883 tem
206 842 267 892 (ν.
288 842 561 886 Theodoret.
584 841 676 896 111,
695 842 767 886 78.
790 841 858 885 ed.
882 841 1092 895 Halens.)
1119 846 1163 883 et
1184 842 1390 897 Zeqerum
1420 843 1567 886 imita-

91 903 166 940 tus
206 896 308 952 ἐμοί
347 899 472 956 prius
516 899 571 941 ad
610 899 798 942 hominis
835 904 1017 940 mentem
1058 898 1165 953 (τὸν
1202 897 1289 940 ἔσω
1325 893 1568 954 ἄνθρωπον

94 968 137 998 v.
155 953 274 1007 22.)‚
313 957 536 1012 posterius
562 954 615 998 ad
637 970 787 1011 corpus
813 953 910 1010 (τὴν
928 951 1071 1009 σάρκα
1091 968 1131 998 v,
1153 953 1221 997 18.
1242 953 1336 1010 23.)
1365 962 1567 1022 spectare

94 1012 267 1068 putavit
285 1020 329 1053 et
348 1012 414 1053 lex
439 1013 720 1066 grammatica
742 1017 787 1054 et
808 1026 880 1054 res
911 1012 1006 1068 ipsa
1035 1009 1278 1065 redarguit.
1345 1011 1571 1057 Videlicet

94 1067 152 1110 ob
172 1066 217 1110 id
236 1069 380 1125 ipsum
401 1067 662 1112 Pronomina
685 1071 925 1121 iterantur,
955 1083 1007 1110 ne
1023 1067 1200 1110 lectores
1219 1068 1269 1109 de
1289 1066 1374 1110 alio
1392 1070 1475 1113 nisi
1499 1073 1571 1129 qui

88 1122 190 1180 jam
211 1131 473 1169 memoratus
495 1127 551 1169 sit
571 1127 770 1181 coyc‘tent.
829 1124 992 1169 Confer
1008 1125 1104 1166 loca
1130 1123 1186 1165 ab
1212 1124 1270 1166 iis
1298 1124 1408 1168 viris
1434 1128 1572 1171 citata

94 1195 209 1237 quos
235 1180 430 1226 laudavi.
497 1183 555 1225 Et
582 1181 667 1238 ἐγώ
694 1183 773 1226 hoc
803 1197 896 1234 vs.‚
935 1183 1005 1238 (ut
1035 1181 1297 1223 v.14—16.
1332 1196 1369 1227 v.
1391 1184 1462 1227 18.
1492 1185 1572 1231 fin.

93 1239 223 1281 v.19.
253 1252 295 1283 ν.
313 1238 385 1282 22.
425 1236 672 1297 συνήδομαι
701 1255 742 1284 ν.
761 1240 832 1283 23.
851 1239 943 1295 sq.)
978 1237 1065 1280 nisi
1094 1236 1148 1280 de
1175 1242 1262 1281 toto
1293 1238 1467 1283 homine
1496 1257 1571 1284 ex-

93 1294 271 1352 planari
294 1295 465 1352 nequit.
523 1297 595 1339 De
617 1311 667 1339 eo
689 1297 804 1339 enim
822 1296 967 1347 dolet,
998 1293 1113 1351 quod
1142 1294 1219 1351 qui
1248 1293 1338 1338 div.
1369 1297 1462 1353 legi
1493 1299 1571 1342 oh..

94 1357 341 1409 temperare
363 1353 472 1396 velit
491 1352 536 1395 id
554 1352 766 1396 Peccatus
794 1351 1020 1410 tyrannidi
1042 1351 1267 1411 subjectus
1291 1352 1466 1398 efficere
1497 1371 1573 1398 ne-

97 1414 248 1464 queat.
318 1407 438 1452 Male
469 1410 702 1466 Knappius
732 1425 855 1453 suam
885 1410 1151 1453 sententiam
1179 1422 1310 1452 versu
1342 1410 1415 1456 22.
1437 1416 1483 1456 et
1498 1414 1573 1458 23.

95 1465 376 1508 corroborari
392 1467 577 1524 putavit.
604 1465 762 1524 Neque
783 1468 897 1510 enim
917 1466 1012 1508 illic
1033 1463 1135 1519 ἐμοί
1154 1465 1280 1523 prius
1297 1468 1445 1512 verbis
1463 1470 1572 1513 κατὰ

95 1520 173 1565 τὸν
198 1519 285 1566 ἔσω
306 1516 572 1578 ἄνθρωπον,
602 1524 673 1566 hic
695 1522 796 1577 ἐμοί
816 1523 1039 1582 posterius
1060 1522 1283 1565 vocabulis
1303 1521 1348 1567 ἐν
1374 1527 1468 1577 τοῖς
1495 1527 1574 1580 με’-

97 1577 197 1622 λεσί
215 1595 302 1633 μου
321 1580 582 1638 exponitur,
621 1580 698 1622 sed
718 1587 810 1624 toto
841 1595 907 1624 vs.
926 1581 994 1625 22,
1030 1579 1273 1632 sententia,
1313 1579 1459 1624 θέλω
1488 1580 1574 1639 ἐγώ

98 1639 245 1679 ποιεῖν
263 1635 339 1678 τὸν
356 1637 515 1690 νόμον,
542 1636 742 1681 τουτέστι
761 1637 811 1680 τὸ
832 1634 988 1690 καλόν,
1018 1642 1062 1679 et:
1081 1642 1174 1680 toto
1205 1651 1244 1680 V.
1266 1637 1339 1683 23.
1367 1642 1573 1684 enuncia-

98 1693 162 1735 tio
188 1691 290 1747 ἐμοὶ
316 1689 369 1736 ‘co‘
395 1693 529 1736 κακὸν
553 1691 825 1748 παράκειται
855 1694 1121 1752 explicatur.
1190 1692 1317 1749 Quae
1348 1710 1480 1752 quum
1509 1699 1573 1741 ita

99 1749 214 1802 sint,
244 1750 358 1792 male
381 1751 433 1793 de
460 1750 638 1793 ll'ettius
658 1751 708 1793 effi
738 1765 866 1808 quam
896 1751 1176 1809 probavimus
1208 1753 1575 1810 interpretatione

98 1806 277 1861 linguae
297 1808 419 1861 leges
441 1808 599 1850 violari
619 1807 860 1851 contendit.
919 1807 1062 1851 Simul
1082 1808 1250 1850 frustra
1272 1809 1384 1852 hunc
1408 1811 1442 1856 1.
1472 1827 1574 1855 con-

95 1861 284 1921 jecturis
321 1868 538 1906 tentatum
577 1879 674 1906 csse
713 1864 914 1919 emergit.
1001 1865 1282 1921 Ilomberqius
1318 1866 1394 1907 τὸν
1427 1868 1573 1922 νόμον,

100 1918 449 1961 Remum-husius
476 1918 527 1961 ’ιὸ
554 1917 687 1962 καλόν
716 1936 795 1978 pro
829 1923 1095 1975 glossemate
1125 1921 1304 1973 hahuit3
1334 1923 1576 1981 'Knapln’ns

101 1980 246 2017 autem
268 1989 310 2032 p.
325 1975 426 2019 388.
449 1976 579 2016 TON
595 1974 730 2018 καλόν
748 1978 947 2035 conjecit.
1005 1977 1106 2020 Non
1129 1977 1341 2021 debuerat
1363 1981 1429 2023 vir
1449 1997 1576 2037 egre-

102 2032 204 2086 gius
241 2046 348 2073 suae
384 2031 660 2090 conjecturae
690 2034 1103 2076 commemlationem
1129 2049 1152 2076 e
1183 2036 1396 2089 lectione,
1445 2054 1574 2095 quam

99 2088 388 2145 Musquensis
415 2088 550 2131 codex
586 2089 788 2143 vulgatae
819 2091 1034 2133 versionis
1062 2091 1216 2143 habet,
1255 2098 1430 2149 petere:
1469 2097 1576 2147 „in-

101 2146 229 2190 venio
251 2145 387 2200 igitur
410 2146 549 2197 legem
570 2145 744 2197 bonam,
777 2147 940 2188 volenti
964 2147 1070 2189 mihi
1091 2148 1234 2190 facere
1253 2150 1436 2202 bonum,
1467 2167 1576 2208 quo·

101 2201 218 2245 niam
246 2202 353 2244 mihi
381 2204 541 2244 malum
561 2201 785 2257 adjacet.''
841 2204 1009 2245 Bonam
1031 2204 1173 2257 enim,
1210 2220 1296 2248 non
1318 2207 1491 2263 quidem
1519 2211 1576 2252 li-

101 2258 281 2302 brarius
299 2259 453 2317 lapsus
475 2259 516 2301 in
537 2259 769 2301 scribendo
789 2259 951 2316 adjecit
970 2260 1177 2316 (Remu),
1215 2262 1293 2305 sed
1326 2279 1457 2320 quum
1489 2268 1576 2311 sibi

103 2316 356 2370 interpretis
375 2322 525 2374 partes
547 2317 782 2358 sumsisset
803 2316 990 2358 addidit.
1055 2316 1235 2360 Scilicet
1264 2322 1472 2376 permulti
1501 2340 1576 2367 ex-

104 2372 344 2429 plicatores
366 2374 408 2417 h.
432 2374 464 2416 l.
483 2373 596 2426 legis
617 2387 727 2416 mos,
747 2374 979 2416 utilitatem
1000 2375 1197 2416 enarrari
1216 2376 1461 2433 antiquitus
1481 2383 1578 2439 opi-

103 2429 198 2471 nati
218 2438 335 2472 sunt.
395 2430 464 2473 Cf.
484 2438 628 2472 notam
654 2444 780 2487 quam
803 2429 1067 2489 subjecimus
1087 2439 1129 2473 et
1146 2430 1349 2476 Photium
1368 2436 1578 2494 ap.Oec,‚

106 2485 184 2542 qui
206 2500 336 2559 quum
359 2487 445 2528 alia
471 2487 662 2530 absurda
685 2487 870 2529 consilia
891 2494 980 2529 tum
1001 2488 1078 2530 hoc
1097 2495 1383 2532 commentum
1416 2507 1576 2553 propo-

105 2543 195 2586 nit:
226 2540 349 2597 ἠκαὶ
371 2541 530 2594 οὕτως·
573 2540 760 2599 εὑρίσκω
788 2537 874 2599 ἄρα
907 2540 978 2585 [δι’
1007 2541 1139 2598 νόμον
1170 2543 1326 2596 καλόν,
1363 2545 1435 2590 ἷίἀ
1466 2548 1489 2590 ἶ)
1515 2549 1577 2593 τι)

107 2597 280 2641 καλὸν
310 2603 383 2642 καί
405 2597 450 2642 ἐν
471 2594 708 2655 ὗπερβάτῳ
730 2602 803 2642 καὶ
833 2597 923 2641 ἀπὸ
953 2602 1101 2643 κοινοῦ
1130 2601 1328 2655 κείμενον
1355 2604 1441 2658 (Ξ).
1461 2590 1576 2650 '‘613-

66 2654 70 2657 ’
106 2654 269 2709 (vicmo,
302 2654 438 2711 (sqot',
471 2657 546 2697 τὸν
566 2655 697 2708 νόμον
725 2656 898 2698 καλὸν
927 2655 1026 2706 ἐμοὶ
1054 2657 1114 2714 τῷ
1144 2660 1325 2701 θέλοντι
1355 2666 1500 2705 ποιεῖν
1526 2662 1578 2705 [ὁ

107 2708 264 2754 καλόν·
299 2710 339 2753 τί
362 2708 438 2754 οὖν
463 2711 515 2755 οὗ
535 2710 744 2768 πράττεις
767 2708 902 2763 αὐτό,-
943 2711 1013 2755 {in
1030 2713 1079 2755 τὸ
1103 2712 1236 2757 κακόν
1257 2732 1336 2769 μοι
1359 2718 1577 2775 παρείκει..

107 2782 197 2809 ται.
267 2768 423 2823 Neque
450 2769 685 2825 quidquam
711 2769 933 2811 codicibus
953 2769 1004 2814 F.
1029 2771 1085 2816 G.
1106 2771 1267 2816 Boern.
1297 2774 1577 2819 tribuendum

111 2829 203 2878 cst,
234 2826 310 2882 qui
330 2827 399 2869 ϋιι
419 2825 517 2880 ἐμοὶ
547 2825 596 2869 ιὰ
629 2826 763 2869 κακὸν
789 2825 1056 2883 παράκειται
1082 2829 1336 2876 excludunt.
1403 2830 1579 2890 Nempe
