1715 3115
475 155 628 203 CAP.
660 155 791 204 v11.
823 157 916 203 Vs.
945 159 989 205 7.
1018 163 1072 202 et
1098 157 1144 204 8.
1490 161 1545 204 31

84 269 171 312 tius
193 263 378 308 Paulum
400 265 446 309 h.
468 265 500 309 l.
532 264 777 317 hominum,
818 265 891 321 qui
921 270 1012 307 tum
1042 269 1141 306 ante
1166 264 1281 318 legis
1307 279 1415 309 mos,
1443 281 1548 324 pro-

84 323 393 377 mulgationem
434 322 649 364 vixissent
688 327 778 363 tum
807 321 946 364 Mosis
984 323 1074 376 legi
1113 321 1314 364 adstricti
1345 323 1548 378 ruissent,

83 379 374 422 conditionem
408 393 625 436 exponere
655 384 770 420 recte
805 378 953 420 fassus
982 379 1061 420 hoc
1087 382 1229 420 tamen
1261 379 1446 436 adjecit,
1487 384 1547 423 si-

83 436 172 478 mul
195 435 322 478 Pauli
337 435 464 477 «lictis
485 451 535 477 ea
557 435 784 483 contineri,
825 450 931 491 (lucre
950 436 1039 489 ipse
1058 439 1262 489 arpertus
1279 441 1410 489 esset,
1448 438 1546 480 inde

83 492 299 548 coquosci,
328 492 437 548 quod
455 507 506 533 ea
528 491 880 546 comprehendunt
901 507 1006 548 rsnttc
1035 507 1155 533 nemo
1181 505 1263 533 non
1292 494 1547 545 experiatur

82 549 180 606 (sed
203 548 259 590 cs.
282 548 486 605 superius
508 547 622 590 dicta
643 554 686 589 et
706 553 896 589 nostram
921 548 1005 589 loci
1023 548 1408 605 explanationem).

198 604 258 648 V.
285 605 328 647 7.
358 611 402 646 et
426 606 471 649 8.
532 604 703 646 Versus
722 605 896 647 7—12.
927 618 1067 660 nuper
1099 605 1307 661 explicuit
1337 605 1396 650 V.
1430 605 1547 649 lisin-

82 674 212 704 zerus
249 659 375 703 docto
412 671 736 719 programmate
765 659 893 718 Lips.
927 662 1053 705 1832.
1085 661 1155 704 14.
1185 662 1230 706 4.
1270 687 1321 695 -
1382 661 1547 717 Quam-

85 733 213 774 quam
240 716 289 761 Ρ.
321 719 530 759 nonnulla
559 732 692 775 snpra
722 718 925 775 scripsit,
966 733 1100 773 quae,
1136 733 1266 775 quum
1297 718 1546 763 hominibus

85 775 314 817 malevolis
345 781 390 816 et
416 775 528 830 legis
558 790 666 818 mos.
691 774 905 816 studiosis
936 775 1093 816 tollere
1120 778 1216 833 ejus
1242 776 1353 830 legis
1383 778 1547 820 sancti-

83 836 217 873 tatem
242 832 378 873 videri
403 838 605 888 possent,
638 845 689 872 ne
714 846 840 872 secus
866 831 1221 885 intelligerentur
1248 839 1348 889 apte
1378 834 1432 875 ab
1454 837 1548 891 Ap.

84 889 424 945 explicarentur,
452 894 499 929 ut
522 889 631 929 nihil
651 902 746 930 esse
769 887 907 929 Mosis
927 887 1159 944 disciplina
1187 889 1381 932 sanctius
1403 898 1549 933 osten-

84 944 232 997 deret,
262 950 404 986 tamen
427 949 474 986 ut
494 945 608 1002 quod
632 959 670 988 v,
691 946 734 987 7.
766 945 952 998 legimus
983 945 1070 986 sibi
1096 945 1191 1002 ipse
1220 945 1433 1004 objiceret
1464 963 1550 991 non

85 1001 179 1044 illis
202 1001 310 1042 locis
342 1007 482 1043 motus
516 1008 581 1044 est
611 1001 754 1057 (5‚20.
785 1001 911 1055 6,14.
942 999 1130 1057 ChryS.‚
1169 1001 1420 1060 Theophyl.
1452 1006 1549 1058 aL),

85 1057 161 1100 sed
185 1058 401 1100 sententia
423 1073 462 1101 v,
485 1059 526 1102 5.
555 1058 797 1102 enuntiata.
857 1056 1039 1100 Scilicet
1067 1064 1186 1100 totus
1215 1060 1247 1104 l.
1267 1061 1549 1113 7,7-8,17.

85 1115 435 1171 explanationem
455 1116 506 1167 7,
538 1130 576 1157 v.
603 1115 646 1159 5.
667 1121 709 1156 et
725 1115 769 1158 6.
791 1115 985 1157 continet
1008 1119 1068 1169 (ν.
1090 1120 1259 1172 supra).
1318 1116 1434 1159 Hinc
1456 1133 1549 1160 ma-

86 1173 290 1214 nifestum
317 1178 408 1224 est,
444 1171 519 1214 τὸν
547 1169 679 1225 νόμον
706 1178 749 1214 et
778 1168 912 1223 νόμον
941 1173 985 1214 in
1017 1173 1095 1214 hac
1123 1174 1216 1215 tota
1249 1172 1548 1231 disputatione

85 1243 186 1270 esse
213 1229 345 1284 leyem
376 1242 479 1272 mos,
510 1228 582 1282 (cf.
604 1229 714 1282 6,14
737 1254 785 1260 —
805 1231 846 1281 7,
858 1229 940 1281 6.).
1007 1229 1277 1272 Confirmant
1302 1245 1393 1273 rem
1424 1233 1548 1274 locus

85 1299 109 1327 e
128 1286 224 1340 lege
244 1300 352 1328 mos.
373 1284 626 1344 depromtus
646 1300 684 1328 v.
705 1287 747 1328 7.
761 1318 773 1338 ,
803 1285 1030 1328 verborum
1055 1292 1098 1328 et
1116 1287 1430 1330 sententiarum
1449 1304 1550 1346 per-

86 1342 301 1400 spicuitas
321 1356 361 1386 v.
380 1343 409 1383 7
434 1368 483 1374 -
511 1342 579 1384 13.
611 1342 703 1395 8,3.
725 1344 769 1386 4.
802 1342 904 1386 Gal.
932 1343 1080 1396 3,10.‚
1119 1342 1284 1386 diserta
1319 1359 1399 1388 vox
1420 1347 1551 1403 Apo-

87 1399 193 1441 stoli
230 1399 354 1452 7,22.
391 1403 435 1440 et
460 1397 774 1456 disputationis
806 1399 1038 1441 consilinm
1068 1405 1112 1442 et
1140 1401 1254 1443 ratio
1284 1403 1346 1457 (ν.
1378 1405 1549 1460 supra).

85 1454 403 1498 Perverterunt
424 1456 561 1510 igitur
587 1454 716 1497 Pauli
737 1455 1079 1513 disputationem
1107 1457 1182 1513 qui
1212 1453 1286 1499 τόν
1314 1456 1448 1511 νόμον
1480 1461 1551 1503 vel

85 1513 138 1555 de
157 1513 578 1570 praeceptoAdamo
602 1513 642 1554 in
668 1512 870 1569 paradiso
891 1513 991 1554 dato
1008 1513 1171 1564 Gen.2,
1185 1515 1252 1558 17.
1272 1515 1342 1557 vel
1370 1516 1424 1558 de
1451 1518 1551 1571 lege

87 1584 214 1626 quam
241 1572 351 1611 ratio
380 1570 519 1611 cnivis
549 1570 822 1627 praescribat
851 1577 1084 1627 ceperunt,
1120 1570 1160 1611 id
1193 1571 1307 1627 quod
1338 1571 1445 1615 hene
1474 1574 1551 1616 do-

86 1628 178 1668 cuit
201 1624 328 1670 Pliot.
351 1641 420 1683 ap.
441 1627 574 1679 Oea„
616 1641 755 1683 neque
777 1627 919 1669 minus
948 1628 1004 1681 ii,
1044 1627 1119 1684 qui
1151 1626 1334 1670 Paulum
1367 1631 1409 1674 h.
1437 1631 1469 1674 l.
1499 1632 1551 1673 de

87 1682 174 1738 que
193 1697 294 1725 neos.
317 1698 446 1738 agere
476 1684 585 1725 fassi
618 1688 761 1725 tamen
788 1698 834 1725 ea
863 1683 1161 1726 tantummodo
1191 1686 1392 1739 tetigisse
1422 1693 1550 1744 puta-

86 1746 204 1792 runt,
231 1742 405 1795 quaein
425 1741 587 1782 nullam
608 1741 744 1795 legem
768 1755 849 1782 non
870 1741 1092 1784 caderent.
1141 1740 1413 1799 Quamquam
1434 1745 1550 1786 enim

87 1809 197 1851 qnae
220 1795 288 1836 hic
307 1797 511 1838 dicuntur
533 1798 574 1838 in
598 1812 745 1839 omnes
765 1798 885 1852 leges
907 1798 1141 1839 transferri
1170 1807 1372 1855 possent,
1402 1808 1548 1843 tamen

86 1850 164 1902 P„
195 1853 268 1907 qui
293 1854 466 1894 nonnisi
490 1854 542 1895 de
564 1854 702 1895 Mosis
722 1854 817 1908 lege
847 1855 938 1899 h.l.
968 1854 1234 1912 disputavit,
1274 1871 1385 1912 quae
1414 1873 1548 1914 expo-

87 1910 175 1949 suit
197 1923 335 1963 neque
357 1909 451 1964 ipse
471 1911 525 1950 ad
557 1911 667 1952 alias
697 1911 817 1962 leges
848 1911 1212 1963 accommodavit,
1251 1928 1390 1969 neque
1421 1929 1444 1955 a
1474 1929 1550 1956 no-

86 1966 154 2006 his
195 1965 553 2006 accommodanda
588 1981 684 2007 esse
715 1968 1036 2017 adsignificavit
1075 1971 1143 2023 (v.
1175 1969 1321 2012 Reicle.
1362 1968 1550 2027 II‚90.).

85 2019 129 2062 τί
153 2016 226 2062 οἶν
248 2019 306 2073 ἕρ.
323 2024 355 2076 ς]
389 2035 427 2065 v.
450 2028 538 2064 not.
561 2022 613 2062 ad
633 2023 744 2074 3,5..
803 2019 825 2061 ὅ
845 2021 977 2075 minag
998 2020 1191 2078 ἁμαρτία
1203 2027 1233 2078 ς]
1258 2026 1389 2080 Cultu,
1413 2029 1551 2079 Beza,

87 2079 237 2129 Grot.,
266 2077 449 2130 Rueck„
478 2078 626 2122 Reich.
649 2084 692 2120 et
714 2080 839 2120 multi
870 2080 970 2122 alii:
1013 2095 1110 2121 num
1142 2081 1212 2122 lex
1244 2097 1355 2125 mos.
1381 2086 1550 2138 peccati

85 2148 215 2176 causa
237 2128 336 2176 est?
367 2134 545 2176 Scilicet
566 2140 680 2176 recte
703 2147 773 2176 res
795 2140 869 2176 aut
890 2151 1080 2194 persona
1110 2152 1177 2179 res
1204 2151 1294 2180 esse
1323 2145 1411 2181 tum
1441 2141 1550 2182 dici-

84 2196 181 2242 tur,
214 2204 342 2246 quum
364 2206 493 2233 emisa
515 2191 579 2233 rei
602 2193 660 2233 ita
684 2192 814 2233 alicui
837 2195 904 2234 vel
924 2193 988 2234 rei
1019 2194 1085 2234 vel
1114 2208 1327 2250 personae
1357 2201 1448 2238 tota
1484 2198 1551 2239 in-

85 2261 184 2289 esse
208 2248 450 2299 cogitatur,
480 2248 709 2305 {italisque
743 2249 792 2290 eii
822 2264 903 2291 non
936 2256 1111 2292 exstare
1145 2265 1216 2291 res
1244 2266 1375 2309 posse
1403 2253 1551 2296 videa-

84 2308 157 2346 tur
187 2306 516 2361 (metonymiam
548 2306 610 2346 rei
643 2320 720 2362 pro
750 2306 813 2346 rei
846 2306 977 2347 cansa
1009 2307 1270 2363 appellant).
1338 2309 1552 2368 Exempla.

85 2366 185 2418 pete
217 2375 240 2402 e
260 2360 482 2404 Matthiae
513 2364 628 2413 Ἡυέῗ.
659 2376 717 2416 gr·
747 2365 824 2410 (312
847 2361 918 2416 11,
947 2378 990 2420 p.
1012 2365 1112 2405 611.
1138 2364 1229 2408 Cic.
1255 2379 1333 2422 pro
1364 2365 1416 2411 P.
1441 2366 1550 2410 Sex-

84 2418 148 2459 tio
167 2417 332 2469 17,38..
362 2442 414 2449 —
473 2418 522 2462 C.
547 2419 760 2463 Marium.
791 2424 996 2462 terrorem
1023 2421 1230 2473 hostium,
1269 2437 1387 2476 spem
1414 2425 1551 2467 subsi-

85 2475 280 2530 diumque
321 2475 496 2528 patriae
530 2500 595 2514 —.
661 2474 792 2518 Adde
825 2491 848 2517 e
877 2474 937 2518 N.
967 2475 1024 2519 T.
1059 2479 1080 2518 l
1116 2476 1217 2520 Cor.
1249 2480 1369 2531 l,30.
1399 2481 1550 2534 15‚56.

85 2529 214 2574 Rom.
244 2531 370 2581 7,13.
409 2532 528 2583 13,3.
566 2531 667 2576 Joh.
700 2534 792 2585 1,4.
824 2532 969 2585 ll‚25.
1003 2532 1116 2590 Eph.
1146 2535 1269 2586 2‚14.
1300 2536 1396 2581 Col.
1430 2540 1550 2590 1‚27.

84 2588 198 2639 3‚4..
257 2586 406 2642 Quare
429 2603 511 2629 non
534 2588 718 2630 debebat
738 2590 817 2630 hoc
840 2590 1008 2635 schema
1028 2591 1067 2631 in
1082 2594 1391 2635 commentitiis
1406 2609 1551 2650 gram-

75 2643 340 2685 -maticorum
379 2644 533 2698 liguris
573 2660 801 2686 numerare
840 2646 1090 2688 Ilarlessius
1129 2646 1181 2688 ad
1223 2647 1336 2705 Eph.
1372 2650 1551 2703 2,144..

88 2699 251 2741 Differt
273 2707 415 2743 tamen
438 2701 550 2757 quod
571 2703 767 2743 certatim
790 2703 830 2743 h.
853 2703 884 2745 l.
905 2703 1237 2746 atl'eruntMich.
1260 2707 1350 2757 1‚5.
1372 2712 1551 2760 egis-*72

85 2761 225 2808 ’ἥῆζῗὲ
254 2758 367 2813 κῆἒζτ,
392 2763 494 2812 ε’,τξζζ
549 2758 661 2800 Nam
689 2759 833 2800 dicere
858 2760 1110 2815 prophetam
1133 2768 1404 2818 peccatorum
1437 2757 1549 2820 uuae]

85 2785 238 2858 iacobi
260 2816 428 2872 posteri
451 2814 726 2858 committant
755 2830 895 2859 arcem
926 2820 1020 2870 (003
1042 2819 1249 2875 OEcntrum)
1277 2834 1374 2864 esse
1397 2821 1550 2864 Sama-
