1715 3115
133 185 218 227 144
415 182 789 226 EPISTOLA
824 183 923 226 AD
956 181 1318 229 ROMANOS

127 290 340 349 judicium
376 290 514 332 divini
546 289 732 346 spiritus
763 303 907 331 vocem
941 295 1102 332 temere
1124 290 1401 332 existimasse
1425 296 1601 334 conten-

137 349 218 390 dit.
258 364 273 387 r1
286 348 404 402 ἐκνα]
434 348 475 390 h.
496 348 526 389 l.
551 362 633 387 non
656 346 855 388 caritatis
879 347 1130 388 vocabulum
1157 355 1222 388 est
1245 346 1416 401 (Reieh.
1433 347 1600 402 Rhyax

138 406 298 447 Mattli.
319 406 369 453 t),
390 401 442 446 >2..
465 404 650 444 homines
670 403 916 455 ettrisse‘ttii),
945 402 1020 444 sed
1046 404 1198 445 liberos
1219 406 1264 456 (l
1287 403 1388 447 Joh.
1406 405 1449 456 3,
1473 406 1511 447 Ι.
1532 419 1601 461 sq.

138 462 368 516 utriusque
389 462 538 509 sexus)
560 460 776 512 significat
802 459 842 500 h.
863 474 900 501 e.
923 460 1199 501 emede‘Ie'onem
1222 459 1432 512 declarat,
1454 460 1494 501 in
1515 462 1603 517 quai

141 519 313 575 positus
335 517 489 557 eximia
511 517 612 572 jura
642 515 881 572 possideat.
940 517 1080 557 Docet
1111 517 1431 569 argumentatio
1462 531 1502 561 V.
1533 519 1603 562 17.

139 573 179 617 εἰ
208 575 254 615 δὲ
274 572 400 614 ’τέκνα
415 605 423 619 ‚
458 576 529 614 καὶ
551 571 830 628 κληρονόμιοι.

250 629 310 671 V.
338 631 402 671 17.
435 629 767 672 Conclusionem
795 627 1004 685 P.adjicit
1020 642 1119 688 xjore
1139 626 1267 670 τέκνα
1285 643 1323 672 v,
1340 631 1409 673 16.
1430 630 1603 682 tultam,

139 687 222 743 quii
245 685 299 727 ad
333 700 445 728 voce.
472 684 509 727 εἰ
533 687 579 727 δὲ
600 686 815 736 arentiam
834 684 911 733 τὰς
930 682 1113 737 πράξεις
1132 683 1211 725 τοῦ
1232 686 1434 736 σώματος
1455 690 1604 727 θανα-

138 743 264 785 τοῦτε
290 740 598 798 -7415602785',
619 742 682 783 13.
708 756 908 782 reversus
932 744 1041 782 hunc
1063 742 1093 783 l.
1115 741 1331 784 absolvat.
1390 742 1439 785 Si
1459 747 1602 784 autem

139 800 262 843 liberi
280 814 447 849 snmus,
476 799 647 839 heredes
675 812 833 854 quoqne
860 812 1006 839 snmus
1035 797 1295 848 (necessarii
1316 803 1391 840 aut
1414 799 1469 839 ab
1490 799 1603 840 inte-

139 856 276 907 stato)
298 857 393 897 scil.
409 856 510 912 jure
532 869 723 906 romano,
753 855 876 910 cujus
899 854 1042 896 literis
1066 853 1118 893 ad
1140 853 1360 896 Romanos
1381 854 1496 897 datis
1511 857 1603 912 Ap.

138 914 351 955 rationem
387 913 552 954 hahuit.
614 910 727 952 Vide
759 911 1162 951 commentationem
1198 925 1332 952 meam
1364 912 1443 953 hoc
1471 912 1603 953 titulo

141 969 423 1026 inscriptam:
445 973 584 1010 utrum
602 967 726 1010 Paula·
744 968 1058 1021 cnyumentate'o
1070 967 1246 1018 It'om.8‚
1262 970 1329 1011 17.
1341 973 1380 1010 et
1395 968 1494 1011 Gal.
1506 969 1549 1017 4,
1559 970 1603 1012 7.

143 1027 338 1076 hebraeo,
354 1041 407 1067 an
422 1024 708 1079 romauojure
719 1021 986 1066 aeleiimamla
997 1024 1069 1074 sil,
1083 1024 1318 1078 (μιιιενὶἰιιν.
1350 1023 1524 1066 Inserta
1537 1031 1606 1066 est

141 1083 476 1125 1³ritzseteiornm
513 1081 751 1137 Opus-culis
786 1081 908 1123 acad.
949 1095 1021 1137 pg.
1046 1081 1146 1123 143.
1165 1094 1265 1137 sqq.
1307 1080 1379 1124 Ad
1400 1095 1503 1133 nos,
1540 1082 1605 1123 in-

141 1140 251 1196 quit,
272 1139 510 1180 liberorum
535 1138 781 1178 conditione
797 1139 959 1192 potitos
975 1138 1225 1178 necessario
1241 1138 1606 1182 veiiithereditas.

140 1197 446 1238 Hereditatem
476 1195 561 1235 dici
589 1195 897 1250 sempiternam
924 1195 1174 1235 beatitatem
1194 1194 1316 1248 (Gal.
1336 1195 1377 1247 3,
1398 1196 1470 1237 2¹.)-
1501 1197 1545 1247 4,
1561 1197 1606 1240 7.

142 1268 182 1296 v.
206 1252 254 1304 l,
283 1253 384 1295 2150.
407 1257 495 1307 sq.)
515 1251 644 1292 verba
670 1251 927 1301 ostendunt,
958 1246 1227 1307 κληρονόμοι
1243 1252 1322 1303 μὲν
1341 1252 1470 1301 θεοῦ,
1502 1265 1608 1293 συν-

143 1305 407 1365 κληρονόμηι
434 1309 693 1363 ὸὲΧρισῑοῦ
715 1307 883 1348 duabus
907 1306 957 1347 de
980 1307 1125 1347 causis
1145 1306 1310 1350 addita.
1369 1307 1539 1364 Nempe
1563 1313 1610 1350 et

143 1368 213 1407 cui
244 1363 425 1406 heredes
456 1358 594 1406 simus
630 1363 936 1405 deelzwandum
969 1370 1038 1404 est
1064 1360 1353 1418 (κληρονόμοι
1373 1364 1452 1417 μὲν
1473 1363 1607 1418 θεοῦ)

142 1430 186 1464 et
226 1421 484 1463 hereditatis
523 1421 765 1477 amplitudo
793 1420 1058 1462 enuntianda
1089 1420 1258 1475 (συγκλ.
1289 1421 1337 1463 δὲ
1369 1419 1609 1476 Χριστοῦ).

142 1479 248 1522 Dei
267 1479 439 1520 heredes
460 1479 617 1520 erimus
640 1479 920 1532 (accipiemus
935 1478 1068 1530 igitur
1079 1477 1166 1518 Dei
1188 1478 1498 1533 patrimonium
1514 1477 1609 1522 h.e.

143 1534 220 1589 τὴν
250 1534 404 1584 δόξαν,
453 1550 563 1590 quae
601 1534 686 1575 Dei
728 1535 832 1576 liliis
870 1534 1080 1575 divinitus
1110 1533 1307 1588 obtinget
1335 1548 1376 1578 v.
1407 1535 1475 1577 18.
1504 1535 1611 1591 sq.),‘

142 1591 298 1634 Christi
317 1591 421 1644 (cui,
453 1592 654 1647 quoniam
677 1594 718 1631 et
744 1592 835 1646 ipse
852 1591 934 1631 Dei
958 1591 1076 1631 filius
1095 1595 1162 1630 est
1182 1596 1225 1630 et
1248 1589 1421 1645 quidem
1444 1591 1608 1647 primo-

142 1648 318 1701 genitus
340 1662 478 1702 eoque
500 1649 637 1689 frater
658 1654 807 1687 noster
831 1652 931 1687 natu
955 1647 1164 1686 maximus
1184 1661 1224 1689 v.
1242 1648 1330 1699 29„
1360 1661 1445 1688 non
1466 1647 1610 1689 minus

141 1706 230 1747 Dei
264 1704 485 1745 hereditas
516 1705 655 1755 venit,
695 1718 820 1759 quam
855 1703 999 1756 nobis)
1030 1702 1262 1746 coheredes,
1335 1703 1449 1744 Male
1471 1703 1610 1760 Beny.

142 1761 399 1815 coheredes]
438 1767 526 1812 „ut
562 1761 750 1801 sciamus
788 1760 916 1816 plane
947 1773 1143 1811 magnam
1178 1773 1276 1800 esse
1305 1759 1611 1812 hereditatem,

148 1832 276 1874 quam
302 1817 424 1858 Deus
445 1817 519 1858 dat
541 1817 689 1859 nobis:
721 1831 817 1857 nam
840 1817 930 1857 filio
950 1830 1028 1857 suo
1054 1816 1204 1870 utique
1226 1830 1424 1870 magnam
1445 1817 1575 1860 dedit.
1587 1817 1612 1835 ”

143 1873 259 1917 Nam
285 1874 596 1926 hereditatem,
628 1874 679 1915 de
709 1874 790 1929 qua
815 1874 859 1915 h.
886 1874 917 1915 l.
937 1873 1108 1924 agitur,
1141 1872 1329 1914 nondum
1355 1873 1463 1916 adiit
1481 1872 1612 1916 Chri-

144 1938 240 1974 stus
261 1933 381 1972 coelo
402 1938 604 1987 receptus
625 1929 744 1973 Phil.
765 1927 807 1982 2,
837 1931 903 1981 9.,
933 1929 1008 1971 sed
1029 1935 1119 1969 tum
1143 1928 1344 1971 aditurus
1365 1935 1447 1982 est,
1478 1943 1612 1986 quum

145 1987 197 2030 de
218 1989 339 2030 coelo
365 2002 567 2029 reversus
589 1987 674 2029 Dei
699 1987 814 2028 filios
836 1986 923 2027 Dei
950 1985 1152 2027 mandatu
1176 1985 1219 2026 in
1240 1987 1381 2039 regali
1399 1991 1444 2027 et
1463 1987 1612 2043 splen-

145 2045 246 2087 dida
277 2043 523 2086 conditione
552 2045 790 2086 constituet
819 2046 879 2097 (v.
907 2043 974 2085 18.
1005 2057 1073 2098 sq.
1103 2042 1131 2082 2
1152 2042 1270 2086 Tim.
1291 2044 1332 2095 2,
1354 2042 1456 2096 12.).
1515 2040 1610 2085 Imo

145 2103 211 2144 rei
243 2101 485 2158 amplitudo
517 2101 673 2143 Christi
704 2101 908 2142 societate
939 2101 1223 2151 aestimatur,
1261 2098 1610 2154 quandoquidem

143 2159 230 2215 piis
261 2157 530 2201 Christianis
561 2157 672 2198 nihil
700 2156 948 2212 exoptatius
977 2156 1151 2197 evenire
1183 2161 1353 2211 potest,
1401 2170 1530 2211 quam
1562 2160 1613 2198 ut

143 2215 258 2257 idem
286 2215 371 2257 sibi
402 2215 648 2267 tribuatur,
681 2215 795 2269 quod
826 2212 1029 2264 Christo,
1060 2226 1184 2268 quem
1217 2225 1382 2253 summe
1412 2217 1455 2253 et
1487 2226 1611 2255 reve-

147 2277 328 2314 reantur
349 2275 392 2312 et
411 2270 614 2325 diligant.
655 2270 754 2312 Non
768 2274 885 2311 recte
895 2269 1100 2321 Meyerus
1110 2267 1252 2309 verbis
1266 2268 1614 2324 συγκληρονόμοι

151 2330 199 2371 δὲ
218 2330 414 2384 Χριςτοῦ
430 2329 725 2383 yradationem
746 2327 892 2368 inesse
911 2324 1199 2367 existimavit:
1231 2324 1317 2366 Dei
1336 2325 1535 2379 heredes,
1565 2330 1614 2369 at

145 2386 287 2441 (quin)
316 2384 533 2427 coheredes
562 2383 742 2436 Claram,
773 2381 976 2438 siqnidem
1007 2385 1106 2423 etc..
1173 2380 1347 2423 Etenim
1375 2381 1613 2438 respondet

148 2439 197 2482 δέ
217 2441 309 2482 voci
331 2439 410 2493 μέν
430 2447 475 2482 et
494 2440 717 2482 vocabulis
738 2439 918 2494 κλημμι.
941 2439 1003 2484 o„
1029 2436 1172 2490 συγκλ.
1194 2438 1242 2480 δὲ
1255 2439 1340 2493 Χρ.
1360 2439 1611 2491 generalem

149 2498 410 2539 sententiam
434 2496 475 2539 εὶ
495 2497 541 2539 δὲ
559 2493 699 2543 τέκνα,
730 2496 803 2536 καὶ
823 2490 1092 2549 κληρονόμοι
1111 2498 1153 2534 et
1173 2494 1388 2551 explicari
1409 2499 1452 2536 et
1471 2495 1516 2536 in
1534 2496 1612 2537 ho-

147 2554 286 2595 mines
298 2552 699 2597 christ.transferri
720 2550 995 2591 manifestum
1018 2555 1109 2592 est:
1129 2551 1166 2592 si
1189 2557 1331 2592 autem
1344 2549 1426 2592 filii
1445 2565 1613 2604 sumus,

148 2609 333 2652 heredes
357 2625 528 2666 quoque
553 2623 701 2650 sumus
721 2607 762 2651 h.
781 2622 818 2648 e.
838 2606 897 2654 (si
918 2606 956 2646 is
979 2606 1222 2661 quaeritur,
1250 2605 1374 2661 cujus
1391 2606 1612 2650 heredita-

149 2672 234 2708 tem
257 2666 486 2719 adeamus)
501 2666 586 2707 Dez‘
602 2664 787 2715 heredes,
818 2662 1039 2704 coheredes
1058 2663 1118 2717 (si
1136 2677 1310 2718 (succum
1322 2663 1611 2706 hereditatem

150 2736 377 2764 cernamus
399 2723 667 2777 exquiritur)
691 2719 861 2761 Christi.
915 2717 1030 2758 Hine
1060 2732 1101 2761 v.
1131 2716 1257 2775 εἴπερ
1287 2719 1378 2761 κτλ.
1398 2719 1453 2761 ad
1474 2725 1613 2763 totam

151 2778 470 2836 expositionem
500 2779 620 2834 κληρ.
638 2777 718 2828 μὲν
737 2776 871 2822 θεοῦ,
904 2774 1051 2828 συγκλ.
1073 2774 1121 2817 ὁέ
1140 2777 1227 2830 Χρ.
1252 2776 1498 2833 pertinent,
1527 2790 1614 2818 non

150 2836 205 2877 ad
233 2849 348 2880 voce.
380 2834 587 2891 συγκληρ.
617 2833 665 2876 δὲ
692 2829 894 2889 Χριστοῦ
912 2830 1226 2876 tantummodo.
1282 2832 1474 2876 Accedit
1495 2831 1613 2889 quod

1471 2902 1612 2946 neque
