1715 3115
141 164 196 207 10
419 165 796 211 EPISTOLA
824 168 927 212 AD
957 167 1318 215 ROMANOS

137 269 286 334 yenire
308 270 533 325 videatur,
560 273 691 315 etiam
712 275 860 315 futuro
879 278 1073 332 tempore
1104 276 1243 318 locum
1275 276 1471 319 futurum
1497 291 1597 320 esse

134 339 233 383 jure
255 328 458 373 sumitur.
516 329 583 374 Cf.
606 330 697 373 Jes.
719 331 871 381 54‚6.‚
902 331 974 372 ubi
1004 332 1154 373 vitium
1184 348 1207 374 a
1236 334 1451 388 scriptore
1480 349 1598 376 com-

137 383 318 424 missum
338 399 435 426 esse
454 386 669 440 Mitt-595⁰,
698 387 790 428 viro
817 388 1019 440 egregio,
1057 402 1139 429 non
1170 389 1469 444 concedimus,
1490 391 1596 435 ‘Jac-

134 440 276 487 2,10..
346 440 401 483 Et
430 442 509 483 lioc
537 443 707 498 quidem
740 444 770 486 1.
808 452 959 500 aperta
998 451 1064 485 est
1095 444 1250 487 Futuri
1285 447 1415 490 ratio.
1478 446 1595 489 Nam

135 509 266 550 quum
289 495 444 539 Judaei
466 498 519 539 ad
551 499 661 551 legis
691 514 796 543 mos.
827 514 1018 540 normam
1050 502 1179 542 etiam
1208 509 1297 543 tum
1326 503 1458 544 vitam
1486 502 1597 544 diri-

132 559 314 605 gerent,
362 554 476 610 quod
505 556 696 596 futurum
723 561 820 597 erat
848 556 1091 611 praevideri
1121 564 1314 612 poterat,
1363 565 1411 600 ut
1439 560 1596 600 mulier

126 608 329 666 judaica,
367 626 477 667 quae
506 613 600 652 vivo
625 613 780 653 marito
807 615 859 653 ad
888 614 1020 654 alium
1052 627 1098 653 se
1127 615 1264 655 virum
1295 615 1597 670 applicuisset,

131 664 330 707 adultera
352 668 406 707 ab
428 667 673 709 hominibus
694 677 937 713 vocaretur.
995 667 1068 711 ἐὰν
1088 668 1262 725 γένηται
1288 669 1413 723 ἀνδρὶ
1437 667 1593 727 ἑτέρῳ]

131 721 172 762 si
191 723 268 764 alii
295 738 340 764 se
367 725 453 766 viro
482 724 733 776 tradiderit,
769 727 861 767 sive
891 726 1188 777 matrimonio,
1229 741 1358 782 quum
1392 729 1594 770 maritum

130 776 400 832 deseruerit,
433 780 563 827 inito.
594 781 685 822 sive
704 783 864 823 furtivo
886 783 979 824 viro
1009 782 1224 836 quaesito.
1284 780 1496 824 Γίνεσθαι
1515 781 1597 824 ἀν-

131 834 205 888 δρί
220 866 229 882 ,
261 836 367 887 τῶδ’),
387 840 515 888 κήκ-,1,
545 840 589 878 et
608 836 811 891 γίνεσθαι
832 835 989 892 ἀνδρός
1013 839 1054 878 111
1077 839 1323 880 universum
1344 843 1414 879 est
1433 838 1479 879 in
1511 839 1595 882 viri

131 891 383 944 potestatem
416 892 582 945 υειὲῖνε,
623 895 843 936 concedere
873 900 919 936 ut
949 897 1014 937 vir
1039 899 1081 935 te
1107 896 1316 949 poliat-nr.
1375 893 1523 948 Quare
1549 899 1595 937 et

129 945 183 987 de
203 948 399 1000 legitimo
421 949 693 991 matrimonio
713 951 999 1005 (matrimonii
1025 952 1119 1004 lege
1139 951 1231 991 viro
1254 949 1381 1008 jungi
1401 950 1507 994 Lev.
1521 952 1594 1004 22,

128 1003 199 1044 12.
222 1003 322 1047 Jud.
347 1005 497 1056 14‚20.
518 1005 654 1048 Ruth.
678 1008 794 1058 l,12.
817 1007 985 1049 Acbill.
1011 1007 1112 1048 Tat.
1132 1007 1174 1059 5,
1192 1008 1257 1050 18.
1281 1006 1465 1050 Terent.
1481 1007 1594 1054 Hec.

127 1059 302 1112 3,5,59.
338 1061 554 1104 deliberet
592 1064 898 1119 renuntietque
930 1062 1059 1105 hodie
1087 1064 1190 1105 mihi
1221 1064 1382 1104 velitne
1410 1077 1464 1104 an
1493 1079 1595 1117 non,

127 1122 177 1157 ut
198 1118 275 1158 alii
297 1117 336 1158 si
358 1118 456 1159 liuic
476 1133 558 1160 non
579 1125 670 1170 est,
700 1120 822 1172 siet.)
848 1126 891 1160 et
920 1119 973 1161 de
1007 1120 1184 1161 furtivis
1212 1119 1435 1161 amoribus
1466 1135 1595 1162 usur-

126 1180 258 1228 patur
277 1174 498 1228 (adultero
517 1190 564 1216 se
587 1175 839 1231 potiundam
860 1176 1087 1233 praebere,
1107 1175 1193 1219 vid.
1216 1177 1336 1218 Elsn.
1356 1181 1401 1217 et
1412 1176 1594 1230 Kyme.)-

125 1228 219 1272 ἀπὸ
259 1232 338 1272 τοῦ
377 1230 532 1286 νόμου]
575 1232 697 1273 Dicit
732 1232 808 1274 τὸν
835 1248 969 1284 νομον
1000 1234 1080 1274 τοῦ
1117 1229 1278 1287 ἀνδρός
1305 1245 1343 1275 v.
1371 1233 1414 1274 2.
1454 1233 1592 1287 Vulg-

126 1285 465 1329 Ambrosiaster
502 1303 528 1329 α
557 1287 645 1341 leye
678 1288 783 1330 viri
817 1303 840 1328 e
869 1289 1077 1340 glossem.
1161 1289 1239 1329 τοῦ
1267 1286 1328 1344 μὴ
1350 1290 1423 1342 -]
1463 1302 1504 1332 v·
1536 1289 1592 1330 ad

127 1342 267 1384 math.
288 1358 330 1399 p.
351 1344 470 1386 845..
529 1343 614 1385 Sed
636 1359 787 1400 parum
814 1343 1014 1386 idoneum
1035 1345 1275 1401 exemplum
1302 1358 1325 1384 a
1352 1342 1401 1387 Ρ.
1425 1359 1462 1388 v.
1481 1346 1524 1388 2.
1547 1345 1594 1390 3.

127 1399 307 1440 allatum
333 1399 470 1440 videri
492 1405 652 1455 potest,
678 1399 792 1456 quod
813 1402 1070 1442 sententiam
1093 1415 1134 1442 v.
1162 1404 1196 1442 1.
1216 1400 1422 1457 explicet.
1477 1399 1591 1443 Nam

126 1469 177 1496 eo
198 1462 240 1495 te
260 1456 355 1508 lege
378 1470 485 1499 mos,
508 1457 641 1508 solvi,
669 1457 776 1513 qocod
795 1458 883 1511 ‘ipse
910 1457 1109 1498 moriaris
1126 1455 1218 1512 Ap.
1249 1470 1289 1499 v.
1322 1457 1361 1499 l.
1395 1456 1594 1498 declara-

126 1516 270 1563 verat3
303 1512 377 1552 sed
401 1527 440 1554 v.
462 1513 503 1554 2.
527 1513 569 1554 3.
592 1526 673 1553 11011
697 1513 799 1564 sua,
829 1513 904 1554 sed
925 1513 1072 1554 mariti
1091 1519 1228 1553 morte
1254 1512 1478 1553 mulierem
1501 1527 1591 1554 ma-

123 1569 320 1610 trimonii
347 1569 531 1610 vinculis
553 1569 688 1610 levari
710 1569 830 1609 illam
850 1569 1107 1609 sententiam
1141 1583 1179 1611 v.
1215 1571 1253 1611 l.
1284 1568 1591 1610 illustraturus

125 1626 289 1666 monuit
313 1625 376 1677 ¹²).
435 1625 728 1680 Quamobrem
751 1639 803 1664 ne
824 1625 1065 1695 exemplum
1087 1624 1353 1666 claudicaret
1380 1639 1419 1667 v,
1439 1626 1482 1667 2.
1515 1631 1592 1667 aut

123 1681 184 1723 ita
209 1681 484 1723 scribendum
507 1682 645 1723 fuisse
666 1675 689 1723 ὖ
707 1679 789 1748 yolo
811 1678 919 1735 ἀνὴρ
942 1677 1020 1734 «Ἐφ’
1041 1681 1146 1722 ὅσον
1171 1677 1327 1735 χρόνον
1357 1679 1406 1738 ζῆ
1433 1683 1486 1738 τῇ
1512 1695 1593 1736 yv-

123 1738 243 1779 ναικὶ
275 1737 450 1779 δέδεται
478 1738 620 1793 νόμῳ,
670 1736 744 1779 ἐαν
774 1739 821 1779 δὲ
850 1733 1062 1794 ἀποθάνῃ
1093 1734 1358 1792 κατήργηται
1386 1734 1477 1778 ἀπὸ
1511 1736 1592 1778 τοῦ

123 1792 262 1845 νόμου
283 1795 361 1848 τῆς
381 1796 603 1848 γυναικός,
635 1799 710 1835 aut
726 1794 790 1835 sic
809 1792 1061 1836 dicendum:
1093 1791 1117 1847 ἡ
1139 1791 1219 1847 γὰρ
1242 1789 1462 1843 ὕπανδρος
1487 1793 1590 1849 γυνὴ

124 1848 204 1905 ἐφ’
227 1848 330 1891 ὅσον
349 1847 505 1904 χρόνον
528 1849 577 1905 ζῖ]
597 1851 658 1905 τῷ
681 1847 806 1903 ἀνδρὶ
826 1850 1000 1891 δέδεται
1019 1846 1162 1904 νόμῳ,
1202 1846 1277 1890 ἐὰν
1303 1849 1351 1890 de*
1379 1846 1592 1906 ἀποθάνῃ

124 1903 303 1961 κατήργ.
332 1903 370 1947 ἀ.
401 1921 436 1947 τ.
467 1923 502 1948 ν.
529 1908 608 1948 τοῦ
637 1902 796 1960 ἀνδρός
824 1906 988 1961 aliquis
1023 1904 1261 1947 existimet.
1338 1902 1456 1948 Illud
1487 1918 1591 1947 vero

123 1963 337 2004 affirmari
375 1977 457 2003 non
494 1968 669 2019 poterat
700 1963 767 2004 vel
809 1970 1064 2018 propterea,
1112 1960 1226 2017 quod
1257 1960 1404 2002 Moses
1433 1961 1591 2002 marito

124 2033 300 2060 uxorem
323 2018 582 2075 repudiandi
598 2019 674 2077 jus
693 2018 889 2061 dederat.
936 2018 1148 2059 Neutrum
1163 2025 1305 2058 autem
1319 2017 1429 2058 satis
1443 2023 1591 2073 aptum

124 2076 308 2128 fuisset,
357 2076 459 2132 quia
498 2076 683 2132 exempli
717 2075 1073 2131 perspicuitatem
1107 2088 1187 2114 non
1217 2073 1465 2125 habuisset,
1512 2071 1591 2114 sed

116 2131 314 2191 jejunam
337 2133 577 2174 orationem
603 2133 850 2174 intulisset:
879 2132 948 2172 lex
972 2132 1182 2171 bominem
1209 2130 1424 2182 gubernat
1450 2143 1588 2186 usque

124 2190 179 2230 ad
200 2190 295 2243 ejus
317 2196 513 2231 mortem.
574 2188 671 2239 Sic,
713 2195 758 2229 ut
781 2188 858 2228 boc
889 2195 1012 2238 utar,
1051 2187 1232 2232 manitus
1258 2187 1408 2237 (uxor)
1439 2185 1591 2226 matri-

124 2238 257 2288 mon'ii
280 2247 375 2299 lege
399 2246 584 2287 solvitur
614 2243 852 2287 moriendo.
913 2242 1052 2297 Quam
1076 2241 1354 2298 jejunitatem
1381 2255 1432 2282 eo
1462 2242 1590 2283 vehe-

125 2303 314 2346 mentius
334 2304 521 2345 lectores
541 2302 807 2352 sensissent,
846 2299 960 2355 quod
982 2297 1246 2340 matrimonii
1273 2296 1508 2340 dissolutio
1537 2311 1591 2339 ex

171 2490 210 2536 ³⁹¹)
236 2490 339 2525 Falso
360 2491 498 2524 Rmck.
520 2497 553 2524 et
573 2489 740 2523 Πεισίας
761 2489 919 2526 Qntmicr.
947 2493 1013 2520 vic.
1043 2500 1075 2530 p.
1105 2487 1180 2520 176.
1208 2487 1408 2532 exemplum
1439 2485 1476 2519 111
1506 2498 1587 2520 ver-

214 2551 291 2570 sun·
311 2537 342 2569 4.
361 2537 496 2570 idcirco
519 2549 641 2581 parum
664 2535 856 2568 convenire
874 2533 1088 2586 ‘pei-bibent,
1121 2533 1216 2577 quod
1242 2535 1416 2565 maritum
1443 2532 1593 2564 mulieri

217 2585 485 2623 imperantem,
527 2594 597 2614 111111
632 2581 814 2614 mulierem
849 2592 925 2613 viro
961 2580 1153 2620 subjectam
1194 2579 1407 2612 morientem
1444 2578 1588 2611 inducat

217 2643 252 2666 v.
273 2631 303 2662 2.
323 2629 367 2662 3..
416 2627 495 2660 Non
517 2626 733 2670 cogitarunt,
770 2638 787 2655 v
824 2626 857 2658 4.
879 2626 1085 2664 Christum,
1119 2623 1323 2657 bominibus
1352 2623 1473 2656 christ.
1499 2635 1587 2654 ma·-

209 2676 333 2716 jorem
347 2698 357 2715 ‚
382 2680 534 2706 morien·
553 2674 738 2713 physicam
759 2670 854 2704 adire
872 2683 1017 2713 eamque
1037 2668 1198 2711 eslicere,
1226 2675 1265 2702 ut
1284 2667 1411 2702 Christi
1433 2666 1586 2701 alumnis

217 2720 385 2762 magistro
405 2718 603 2751 minoribus
623 2717 844 2758 imaginaria
867 2728 962 2747 nnnrs
991 2716 1172 2753 afferatur,
1206 2727 1320 2759 neque
1346 2713 1432 2746 illud
1459 2713 1586 2747 consi-

215 2767 408 2808 derarunt,
434 2771 550 2798 utrum
575 2769 694 2806 aptum
713 2762 754 2795 sit
777 2761 971 2804 exvuiplum
992 2761 1186 2792 ,sententiae
1217 2758 1375 2804 exemplo
1401 2771 1584 2803 exponen-

216 2813 301 2859 dae,
326 2810 359 2845 h.
382 2824 412 2845 e.
433 2811 556 2844 versui
573 2811 624 2852 l.,
648 2820 691 2842 an
711 2820 783 2842 non
804 2813 944 2853 aptum.
969 2819 1051 2853 prae
1071 2805 1196 2840 ceteris
1212 2805 1248 2842 h.
1266 2804 1289 2840 l.
1306 2804 1439 2850 quaeri.
