1715 3115
161 173 247 216 320
447 170 1350 217 EPISTOLAADROMANOS

160 280 291 322 etiam
325 293 348 319 e
378 278 544 320 Futuro
575 274 768 332 ἑλεήσω,
808 285 859 325 υἱ,
883 281 1141 322 messianum
1181 295 1352 336 quoque
1380 281 1631 324 felicitatem

160 335 410 379 hominibus
432 347 511 391 pro
530 334 716 376 arbitrio
740 335 921 377 delectis
951 337 1092 378 Deum
1113 338 1265 389 largiri
1287 339 1472 390 efficiat,
1502 353 1632 391 argu-

161 391 351 434 mentari
384 405 468 432 nou
497 389 831 433 considerarunt
850 396 911 445 (v.
934 401 1103 449 snpra).
1168 394 1416 436 Thalna-cius
1436 395 1478 436 A
1516 403 1633 437 osto-

159 451 250 491 lum
273 447 485 489 rationem
513 447 577 488 sic
603 448 862 490 concludere
884 454 1032 504 putat:
1061 465 1190 505 quum
1213 449 1434 492 beneficiis
1459 464 1480 490 a
1507 451 1633 492 licere

161 518 442 562 quoscunque
463 503 651 545 voluerit
671 504 766 546 Deo
784 505 935 557 liceat,
972 521 1081 547 nunc
1101 521 1273 561 qnoque
1298 520 1449 547 novam
1473 508 1633 548 salutis

160 561 439 604 conditionem
461 560 577 601 serre
596 561 636 601 ei
656 575 906 602 concessum
928 569 1017 614 est,
1048 565 1131 618 qua
1152 562 1366 617 praestita
1386 577 1468 604 non
1491 565 1630 605 solnm

159 617 340 669 Judaei,
389 615 468 656 sed
498 617 628 657 etiam
660 618 848 670 gentiles
892 619 1087 662 beentur.
1156 619 1278 660 Hane
1307 633 1458 660 novam
1489 619 1632 662 Deum

158 677 300 727 legem
330 672 589 729 scripsisse,
633 681 681 714 ut
701 674 815 716 beati
839 674 993 716 tierent
1025 675 1099 730 qui
1119 675 1244 728 J‘itlem
1273 675 1550 728 habuissent,
1580 677 1633 718 ea

159 729 333 772 sublata
371 742 483 785 quae
518 734 645 770 antea
689 731 926 783 valuisset,
975 735 1023 772 ut
1063 732 1167 786 Ieyis
1205 744 1310 775 vno-5.
1346 731 1634 775 observatione

157 787 350 830 felicitas
385 792 700 841 quaereretur,
740 793 831 828 toto
860 788 955 828 leco
986 802 1025 830 v.
1053 789 1119 829 14.
1142 813 1193 819 —-
1215 788 1287 829 24.
1312 787 1433 829 nulla
1454 785 1506 831 P.
1531 802 1632 830 voce

158 849 235 885 aut
262 843 476 884 elemento
506 841 729 886 indicavit.
792 842 849 885 V.
877 846 939 886 16.
959 857 1042 884 ηοη
1060 843 1277 885 hominum
1309 843 1526 896 studium,
1556 844 1635 886 sed

156 900 382 954 superbum
403 912 552 940 eorum
574 898 766 941 studium
797 915 820 941 a
849 899 897 942 P.
921 900 1049 942 inane
1081 899 1164 941 dici
1195 900 1388 943 Tleoluce.
1408 900 1633 957 perhibet!
1653 948 1658 952 ,

158 956 385 998 Videlicet
418 953 586 1009 τρέχειν
635 957 755 997 valde
794 957 894 1005 niti,
940 971 1191 1011 mccynopere
1234 957 1503 1009 contendere,
1546 971 1630 998 non

156 1011 335 1068 superbe
365 1010 627 1052 contendere
658 1012 786 1055 valet.
857 1012 954 1054 Non
988 1013 1126 1066 magis
1154 1013 1294 1068 perite
1326 1013 1547 1065 nonnulli,
1579 1028 1631 1054 ne

158 1069 212 1114 P.
242 1083 282 1110 v.
305 1069 374 1111 16.
405 1082 558 1109 vanum
579 1083 676 1109 esse
696 1069 912 1110 hominnm
936 1069 1126 1110 studium
1155 1069 1345 1121 diceret,
1383 1069 1443 1112 ibi
1464 1075 1563 1126 post
1581 1067 1631 1111 οἵ

157 1131 301 1168 mente
334 1123 598 1165 addiderunt
624 1121 758 1176 μόνον
786 1130 844 1178 (v.
878 1125 1102 1179 sla-(justin.
1134 1123 1169 1167 Ι.
1201 1126 1398 1168 1ἰθῐι’;ιοῐ.
1428 1140 1466 1168 c.
1485 1126 1557 1169 23.
1587 1131 1631 1167 et:

160 1183 371 1235 Oeenm.).
434 1180 547 1222 Ven.
576 1180 772 1223 Ileicleius
805 1196 844 1238 p.
869 1183 968 1225 300.
1001 1181 1254 1223 felicitatem
1287 1196 1309 1222 a
1328 1181 1509 1225 Christo
1529 1196 1630 1240 par-

157 1245 246 1280 tam
279 1244 580 1279 ornamentum
609 1252 731 1290 esse,
770 1238 885 1293 qnod
921 1252 1002 1279 nen
1034 1238 1213 1294 pulchre
1237 1239 1385 1291 factis,
1415 1253 1523 1294 (lotae
1542 1239 1630 1280 edi-

156 1296 295 1347 deris,
336 1294 677 1350 expugnaveris,
717 1296 792 1335 sed
825 1294 939 1350 qnod
962 1294 1087 1335 Deus
1108 1295 1290 1349 benigne
1320 1295 1451 1345 inte,
1492 1295 1629 1336 homi-

154 1366 252 1393 nem
286 1350 525 1402 delectum,
571 1352 830 1402 esmtulerit,
882 1352 1149 1407 Apostolum
1193 1353 1234 1393 h.
1272 1351 1304 1394 l.
1336 1350 1506 1402 dicere,
1555 1349 1629 1392 sed

156 1409 253 1449 lieri
275 1422 427 1464 posse,
460 1413 507 1448 ut
532 1407 726 1448 homines
743 1406 871 1460 sidem
894 1408 937 1449 ln
966 1408 1131 1449 Christo
1151 1407 1423 1449 collocuturos
1445 1412 1488 1448 et
1512 1406 1628 1449 dele-

155 1466 274 1519 gisse
304 1466 446 1505 Deum
475 1470 519 1506 et
548 1465 725 1508 Christo
758 1464 891 1505 misso
915 1464 1066 1504 beatos
1090 1462 1336 1504 reddidisse
1355 1464 1630 1506 existimave-

155 1524 237 1571 rit,
274 1521 534 1562 arbitratur.
609 1520 768 1562 Verum
802 1521 915 1560 enim
948 1534 1050 1561 vero
1082 1534 1121 1563 v.
1148 1522 1289 1562 Ha—
1314 1521 1378 1563 16.
1411 1522 1626 1562 sententia

156 1594 196 1621 v.
225 1580 292 1621 11.
317 1603 366 1608 —-
393 1579 460 1620 13.
500 1576 772 1618 defenditur:
822 1576 962 1617 Deum
1001 1577 1218 1618 arbitratu
1261 1591 1340 1617 suo
1381 1591 1510 1633 neque
1546 1578 1629 1619 nisi

155 1635 303 1690 sitem-e
334 1647 391 1673 ex
420 1634 537 1674 malls)
558 1648 604 1674 re
622 1648 730 1673 nero
749 1632 946 1673 homines
960 1665 971 1685 ,
1012 1633 1085 1688 qui
1107 1647 1186 1688 per
1206 1631 1429 1674 Christum
1451 1632 1630 1674 bearen-

155 1699 254 1741 tnr,
294 1690 535 1743 delegisse,
577 1703 714 1743 neque
738 1703 775 1732 v,
802 1692 866 1731 16.
889 1689 1104 1740 studium,
1136 1688 1276 1744 qnod,
1308 1689 1560 1745 priusquam
1587 1690 1626 1730 in

155 1748 323 1791 Christi
356 1752 398 1786 te
427 1745 703 1800 disciplinam
741 1745 963 1797 dedisses,
1006 1745 1290 1796 insumseris,
1339 1744 1415 1786 sed
1442 1746 1627 1787 studium

154 1810 273 1847 tuum
310 1804 351 1843 in
390 1803 628 1844 enelre1·snm
669 1802 841 1842 irritum
874 1817 971 1843 esse
1002 1808 1044 1843 et
1075 1816 1159 1857 quo
1191 1801 1406 1843 messiana
1439 1801 1628 1844 felicitas

156 1860 400 1916 comparari
423 1863 607 1914 nequeat
628 1859 805 1900 dicitur.
1441 1872 1443 1875 ’

273 1916 327 1958 V.
352 1917 418 1958 17.
453 1914 678 1956 Sententia
713 1929 774 1957 VS.
800 1917 888 1958 m:
930 1915 1190 1956 messianam
1222 1913 1470 1956 beatitatem
1501 1929 1523 1955 a
1547 1915 1624 1955 mi-

154 1979 325 2016 serante
359 1973 452 2013 Deo
482 1970 694 2028 pendere,
733 1986 783 2012 eo
817 1986 878 2013 vs.
903 1973 971 2016 17.
1003 1971 1202 2012 firmatur
1230 1971 1307 2021 (cf.
1338 1969 1463 2026 γάρ),
1511 1970 1626 2027 qnod

158 2044 341 2086 quornm
375 2030 517 2069 Deum
550 2028 768 2068 hominum
799 2042 878 2069 non
900 2028 1098 2069 misereat
1130 2042 1204 2069 eos
1235 2028 1372 2068 Deum
1403 2031 1626 2068 contuma-

155 2101 227 2127 ces
257 2084 466 2135 reddere,
508 2091 556 2125 ut
583 2084 792 2126 felicitate
830 2084 1047 2125 messiana
1077 2083 1301 2136 excidant,
1347 2082 1452 2126 libri
1484 2097 1521 2126 s.
1549 2082 1627 2124 do-

155 2148 296 2185 ceant.
361 2140 422 2183 Ut
444 2139 572 2182 Pauli
595 2141 1016 2193 argumentationem
1034 2140 1356 2194 intelligamus,
1393 2139 1478 2181 tria
1501 2140 1627 2182 nohis

157 2197 344 2240 tenenda
367 2201 492 2239 sunt:
533 2195 573 2240 I.
596 2211 740 2238 veram
763 2211 860 2238 esse
881 2211 1031 2238 versus
1055 2199 1122 2240 16.
1137 2195 1394 2238 sententiam
1414 2210 1437 2237 e
1457 2200 1626 2239 contra-

155 2256 248 2298 riae
269 2256 512 2295 sententiae
533 2253 715 2295 veritate
736 2253 858 2306 cogi:
889 2251 954 2297 ΙΙ.
976 2253 1192 2295 Pharaoni
1218 2253 1359 2294 Deum
1387 2251 1626 2307 iniquum

153 2311 289 2367 fnisse
318 2324 409 2351 rem
439 2309 678 2351 lectoribus
709 2324 733 2351 e
761 2308 1009 2351 Pharaonis
1030 2309 1213 2350 historia
1243 2313 1409 2359 notam,
1440 2313 1487 2350 ut
1513 2306 1626 2350 Pha-

155 2368 280 2408 raoni
301 2367 415 2408 dicta
442 2367 484 2407 in
507 2380 655 2408 omnes
676 2366 870 2408 homines
893 2366 1061 2417 valere,
1091 2379 1114 2405 a
1136 2364 1293 2421 quibus
1319 2365 1403 2405 Dei
1422 2365 1625 2406 voluntas

157 2423 405 2463 abalienata
465 2422 546 2473 sit,
614 2422 744 2463 facile
799 2427 1116 2477 assequantur,
1184 2420 1368 2462 Paulum
1425 2420 1626 2464 credere:
1684 2466 1691 2472 .

156 2477 249 2522 ΠΙ.
281 2479 549 2534 Apostolum
577 2479 845 2532 alleqore'eam
876 2479 959 2519 loci
982 2476 1121 2520 Exod.
1141 2478 1181 2529 9,
1202 2477 1271 2521 16.
1299 2477 1625 2534 interpretatio-

152 2549 248 2575 nem
271 2535 513 2587 ingressnm
528 2548 637 2590 qnae
658 2534 718 2575 ibi
735 2534 950 2576 Pharaoni
972 2533 1238 2574 dicuntureo
1257 2533 1440 2574 consilio
1454 2533 1554 2586 dici,
1576 2540 1625 2574 ut

156 2591 375 2641 homines,
412 2591 569 2645 quibus
589 2589 765 2645 iniquus
789 2591 870 2642 sit,
904 2590 1148 2646 pervicaces
1172 2589 1314 2631 Deum
1335 2590 1541 2642 reddere,
1571 2603 1624 2630 ne

155 2662 235 2703 per
260 2647 482 2688 Christum
508 2647 712 2697 beentur,
740 2646 864 2687 nobis
889 2661 965 2703 per
985 2647 1188 2699 ambages
1207 2645 1502 2698 significetur,
1531 2649 1623 2687 sta-

156 2711 296 2746 tuere.
355 2702 490 2743 Recte
510 2702 644 2755 igitur
667 2700 715 2743 P.
738 2716 776 2744 ν.
801 2704 870 2745 18.
896 2699 954 2745 ’ὃν
983 2700 1144 2743 θέλει
1173 2701 1405 2755 σκληρύνει
1422 2717 1445 2743 e
1465 2716 1530 2745 VS.
1553 2702 1622 2743 17.

153 2758 348 2812 collegit.
419 2756 519 2798 Non
566 2757 739 2799 videtur
786 2759 890 2799 haec
938 2757 1049 2799 Ven.
1085 2756 1286 2798 Reielzins
1322 2759 1623 2815 perpendisse,

156 2829 287 2871 quum
306 2813 490 2856 Paulum
512 2819 559 2854 ut
580 2827 664 2854 non
694 2813 894 2856 omnibus
915 2812 1136 2857 Israelitis
1155 2813 1341 2855 salutem
1364 2815 1620 2856 messianam

1596 2884 1620 2910 a
