1715 3115
155 191 213 233 32
434 191 811 236 EPISTOLA
842 192 943 236 AD
974 191 1336 238 ROMANOS

158 298 270 340 riam
310 298 547 340 membrum
576 298 699 340 docet
728 296 842 353 quod
871 299 1074 354 sequitur
1100 299 1209 355 &5²:31
1235 314 1373 360 :wan-g
1403 303 1516 358 niz-:3
1547 310 1616 353 *m

162 355 362 413 :ss‘qu-u:
394 370 478 411 quo
509 355 841 408 Hierosolymas
868 356 1124 397 sacellorum
1158 356 1288 398 idolis
1318 356 1614 398 dedicatorum

159 426 302 452 arcem
324 410 421 452 esse
455 412 660 453 affirmat.
729 409 817 452 Sed
849 410 968 452 illam
998 413 1399 470 interpretationem
1431 411 1614 468 repudio

159 467 237 508 has
259 467 312 509 ob
333 482 510 512 causas:
554 466 592 510 l.
623 466 721 509 Non
744 468 966 522 postulant
988 483 1080 510 eam
1105 484 1142 511 v.
1167 484 1206 512 ν.
1226 470 1268 512 5.
1290 485 1326 510 τ.
1349 484 1396 512 π.
1425 485 1459 510 τ.
1483 465 1522 509 ἁ.
1552 466 1616 508 τὰ

157 521 250 565 διὰ
278 525 376 565 τοῦ
405 522 600 575 νόμου,
632 530 679 564 ut
699 522 793 593 ejus
813 530 1011 566 auctores
1033 526 1116 566 sibi
1141 530 1468 582 persuaserunt.
1526 524 1614 566 Re-

156 586 224 621 cte
246 580 358 621 enim
381 594 495 623 voce.
515 575 537 621 ὁ
559 576 692 631 νόμως
713 595 812 632 αμ.,·
843 581 897 621 ad
920 595 958 624 v.
979 582 1019 624 5.
1045 583 1309 635 reseruntur,
1329 583 1366 623 si
1388 583 1496 623 hanc
1513 594 1614 622 sen-

155 636 336 678 tentiam
357 637 626 678 contineant:
651 650 731 677 non
745 650 843 677 esse
857 638 991 678 Mosis
1002 638 1140 691 legem
1160 639 1386 692 inepoeram.
1432 637 1497 680 ll.
1520 637 1614 678 Μο-

155 693 220 734 sis
241 694 378 745 legem
399 700 675 750 peccatorum
695 707 866 734 causam
891 708 987 734 esse
1009 708 1090 735 non
1114 700 1259 750 potest
1286 693 1334 737 P.
1364 709 1414 736 eo
1444 695 1538 735 loco
1567 694 1613 733 in

156 749 394 791 universnm
415 763 595 802 negare,
626 763 709 804 quo
731 764 823 790 eam
846 756 1017 806 peccata
1045 751 1121 791 hoc
1141 751 1387 806 peperisse,
1419 749 1531 806 quod
1558 749 1613 790 li-

154 805 376 847 cetinvita
401 811 543 847 tamen
574 805 780 862 peccandi
811 806 1076 847 occasionem
1110 806 1357 849 hominibus
1383 807 1613 863 praebuis-

156 868 245 913 set,
275 861 515 918 disputavit
538 876 577 905 v.
597 863 626 901 7
643 887 695 893 -—
720 864 802 904 11..
862 862 1031 905 Causae
1053 863 1136 918 qua
1167 878 1238 904 res
1266 877 1344 916 pro
1371 865 1450 904 sm?
1476 861 1612 903 indole

153 924 194 960 et
216 919 452 960 necessario
476 919 533 959 ali
572 917 644 959 uid
664 919 848 968 efficiat,
890 920 1196 969 cogitationem
1227 918 1373 962 Reich.
1400 917 1610 961 vocabulo

154 975 358 1016 obtrusit.
418 972 510 1018 ΠΙ.
587 974 750 1016 stendit
768 974 895 1034 hujus
919 974 1230 1031 disputationis
1252 989 1291 1019 v,
1315 975 1409 1027 12„
1438 975 1512 1016 ubi
1537 988 1611 1015 su-

152 1031 305 1088 perius
343 1029 459 1072 dicta
496 1031 787 1085 colliguntur,
831 1032 1077 1084 conclusio,
1122 1032 1266 1073 verbis
1294 1027 1317 1073 ὁ
1348 1029 1482 1081 νόμος
1511 1025 1611 1082 apt„-

152 1088 420 1129 contrarium
449 1088 662 1130 contineri
689 1102 862 1138 eorum,
909 1102 1020 1144 quae
1048 1088 1269 1130 vocabulis
1295 1102 1336 1132 v.
1365 1087 1433 1131 12.
1461 1087 1612 1129 insunt

155 1141 268 1185 ὥστε
295 1138 318 1185 ὃ
346 1146 425 1196 μὲν
450 1143 583 1197 νόμος
609 1140 698 1199 ἅγι
713 1159 780 1194 ος.
849 1142 918 1186 Ne
946 1145 1104 1197 multa3
1143 1145 1235 1187 Lex
1273 1158 1380 1187 moe.
1413 1157 1609 1199 persona,

155 1199 512 1257 quemadmodum
535 1200 578 1241 in
600 1200 809 1256 proximis
828 1214 869 1244 v.
890 1195 1164 1257 ἦ(Λ.ιιαρτία,
1194 1201 1437 1253 inducitur,
1462 1195 1609 1252 ἁμαρ-

152 1256 228 1298 τία
265 1262 411 1298 autem
445 1257 686 1299 Abstracto
727 1257 868 1298 locato
909 1272 987 1313 pro
1021 1257 1233 1301 Concreto
1269 1259 1317 1313 (2
1352 1256 1454 1299 Cor.
1485 1256 1609 1304 5‚21.

157 1315 181 1354 l
212 1313 313 1357 Joh.
345 1314 492 1367 4,10.)
520 1313 799 1366 peccatricem
828 1320 948 1354 notat
985 1317 1044 1368 (v.
1076 1313 1303 1356 Bretsclm.
1332 1313 1425 1355 Lex
1451 1311 1609 1364 1‚59.).

150 1369 322 1439 Nempe
343 1376 391 1410 ut
411 1370 577 1411 Reicloii
596 1369 860 1411 dubitationi
880 1384 1125 1421 occurram,
1153 1370 1406 1427 scripsisset
1421 1368 1469 1411 Ρ.
1489 1364 1511 1410 ὃ
1531 1367 1610 1410 νό-

149 1441 233 1479 μος
252 1421 534 1480 αμαρτωλός,
566 1441 603 1468 s.
628 1421 784 1474 κακός;
817 1426 918 1479 nisi,
949 1431 997 1468 ut
1016 1428 1142 1478 solet,
1160 1427 1484 1469 sententiarum
1506 1439 1609 1466 acu-

150 1497 246 1524 men
267 1484 496 1524 verborum
519 1481 688 1523 delectu
708 1481 915 1540 adjuvare
944 1484 1176 1526 voluisset:
1216 1478 1239 1525 ὃ
1270 1499 1304 1525 ν.
1338 1478 1609 1537 ἁμαρτίας

149 1538 210 1594 μὴ
229 1539 424 1593 γένοιτο·
459 1534 596 1580 ἀλλὰ
623 1533 1035 1593 τὴνεΑμαρτίαν
1066 1537 1143 1581 οὐκ
1171 1535 1254 1594 ἔγν.
1282 1545 1365 1582 etc.
1397 1553 1494 1580 num
1518 1537 1608 1579 Lex

151 1610 262 1639 moS.
280 1596 506 1649 peccatrix
525 1591 621 1637 est?
651 1594 830 1636 Minime
856 1609 982 1647 vero3
1023 1596 1107 1637 imo
1136 1595 1177 1636 in
1209 1596 1382 1639 Peccati
1407 1594 1606 1637 notitiam

150 1666 235 1693 non
257 1665 484 1704 veneram,
524 1651 610 1692 nisi
638 1665 717 1707 per
737 1650 878 1693 Mosis
903 1652 1042 1707 legem
1075 1652 1287 1693 venissem
1320 1658 1402 1695 etc.
1460 1652 1608 1694 Acute

150 1709 290 1761 igitur
309 1707 403 1764 Ap.
427 1722 510 1749 non
533 1722 629 1749 esse
649 1708 788 1762 legem
814 1722 920 1750 mos.
939 1709 1218 1762 peccatricem
1240 1723 1292 1750 ex
1312 1722 1362 1750 eo
1394 1720 1607 1764 apparere

150 1766 237 1816 ait,
269 1764 383 1820 quod
408 1764 576 1806 Peccati
592 1769 828 1806 monstrum
850 1779 928 1821 per
946 1763 1235 1820 Cupiditatem
1257 1765 1351 1820 ipsa
1371 1762 1609 1821 pepererit,

154 1819 503 1877 quandoquidem
539 1820 773 1862 absurdum
810 1822 870 1862 sit
901 1821 1173 1874 existimare,
1211 1822 1398 1877 aliquem
1429 1820 1607 1862 indolem

153 1878 217 1920 rel
237 1878 440 1918 habuisse
461 1882 558 1918 ante
581 1891 670 1918 rem
689 1882 886 1920 natam.
944 1877 1114 1919 Firmat
1142 1878 1251 1918 hanc
1280 1876 1607 1934 interpretatio-

150 1948 248 1976 nem
271 1949 309 1978 ν.
332 1934 426 1987 13.,
457 1933 531 1975 ubi
555 1931 604 1976 P.
625 1933 711 1974 Dei
732 1933 930 1974 instituta
952 1943 1198 1975 monstrans
1219 1934 1424 1991 probrum
1454 1947 1476 1974 a
1509 1934 1606 1986 lege

148 2005 258 2034 moS.
292 1992 333 2034 h.
363 1991 394 2033 l.
421 1989 647 2046 depulsum
678 1990 720 2030 in
750 1988 979 2032 Peccatum
1011 1991 1178 2032 confert
1204 2016 1256 2022 —-
1283 1988 1353 2031 ἵνα
1385 1987 1469 2043 γέν.
1496 2005 1534 2029 κ.
1567 1983 1607 2030 ὕ.

149 2042 481 2100 ἁμαρτωλός
513 2041 661 2101 ἡεΛμ.
687 2045 760 2087 διὰ
789 2061 826 2088 τ.
858 2045 905 2088 ἒ..
964 2045 1166 2089 Ceterum
1187 2046 1325 2088 Masis
1356 2047 1427 2087 lex
1455 2058 1606 2102 pecca-

151 2104 238 2144 trix
258 2109 398 2155 esset,
429 2104 466 2145 si
492 2117 530 2145 v,
552 2117 589 2146 c.
611 2116 720 2158 quae
743 2117 873 2159 prava
895 2108 995 2144 sunt
1015 2104 1196 2145 honeste
1216 2103 1313 2144 fieri
1341 2103 1539 2153 doceret,
1563 2100 1604 2141 si

148 2159 372 2200 nonnullis
395 2159 584 2215 peccatis
609 2166 682 2201 aut
705 2160 848 2200 :nullas
871 2159 1081 2217 autjusto
1106 2160 1301 2202 mitiores
1325 2171 1484 2215 poenas
1504 2171 1604 2198 con-

150 2216 378 2268 stitueret,
410 2216 448 2256 si
469 2216 664 2257 homines
685 2215 844 2270 probos
867 2216 986 2258 nulla
1014 2217 1141 2257 laude
1172 2216 1376 2270 nulloque
1406 2214 1602 2270 praemio

149 2273 359 2315 afficeret.
392 2276 452 2326 (v.
476 2286 514 2315 ν.
541 2272 630 2326 14.)
690 2272 753 2313 lie
775 2273 996 2313 nobiscum
1018 2276 1261 2325 congruunt
1283 2271 1357 2327 qui
1386 2268 1604 2326 ἁμαρτίαν

148 2328 193 2371 h.
213 2329 245 2372 l.
267 2329 375 2385 qaod
403 2343 483 2383 per
508 2343 553 2369 se
577 2342 759 2414 {tracum
791 2333 853 2370 est
885 2329 1028 2370 valere
1056 2331 1265 2384 putarunt
1289 2333 1410 2381 (num
1437 2326 1511 2369 lex
1538 2331 1605 2369 est

148 2399 218 2427 res
235 2399 369 2437 prava
387 2389 428 2425 et
449 2385 564 2426 mccla
581 2408 594 2426 ,v
634 2383 819 2427 Winzer.
850 2398 892 2440 p.
914 2385 1003 2437 5.),
1042 2383 1120 2425 sed
1148 2385 1401 2426 vocabulum
1431 2383 1603 2424 abstra-

147 2446 264 2481 ctum
291 2454 375 2480 non
403 2448 520 2482 recte
549 2441 838 2483 resolverunt.
899 2435 1075 2491 Ἀλλά,
1117 2439 1232 2496 quod
1262 2440 1317 2482 ad
1342 2438 1401 2496 μὴ
1430 2437 1601 2495 γένοιτο

146 2495 422 2538 referendum
444 2503 534 2548 est,
566 2497 647 2538 imo
668 2497 797 2539 valet.
858 2494 1025 2552 Nempe
1049 2496 1098 2540 P.
1119 2512 1166 2538 se
1196 2498 1334 2551 legem
1366 2510 1474 2538 moS.
1502 2509 1601 2552 pec-

145 2553 353 2594 catricem
369 2567 465 2593 esse
477 2567 573 2593 vere
597 2566 777 2605 negasse
800 2552 859 2593 ita
884 2553 1096 2608 probavit,
1117 2560 1163 2594 ut
1182 2568 1271 2596 rem
1293 2552 1499 2594 incidisse
1512 2565 1600 2593 mo-

147 2615 294 2661 neret,
325 2608 408 2664 qua
432 2610 541 2649 tacta
564 2609 701 2660 legem
726 2622 833 2649 mos.
855 2623 951 2649 esse
970 2610 1249 2666 peccatricem
1268 2614 1431 2650 temere
1450 2607 1601 2649 crede-

147 2679 235 2708 res,
293 2664 447 2706 Rueck.
470 2678 597 2720 quum
624 2663 805 2705 Paulum
829 2667 1085 2707 seutentiam
1107 2681 1233 2722 quam
1251 2665 1427 2708 vocibus
1442 2662 1503 2719 μὴ
1525 2661 1600 2718 γε’-

146 2736 270 2763 νοιτο
291 2720 566 2762 abominatus
593 2725 710 2761 esset
740 2721 1026 2763 refutaturum
1057 2729 1133 2764 aut
1158 2720 1240 2777 γάρ
1267 2735 1427 2779 ponere
1455 2720 1600 2761 solere

147 2778 290 2828 (Qu.
316 2779 549 2832 11‚1.)aut
567 2777 678 2817 alias
699 2784 1047 2831 argumentorum
1078 2779 1458 2834 consequutionem
1488 2775 1599 2816 indi-

146 2840 296 2876 cantes
336 2835 511 2877 voculas
549 2833 687 2890 (3‚6.)
711 2833 988 2889 observaret,
1027 2849 1110 2878 non
1139 2834 1383 2893 reputavit,
1423 2838 1599 2930 sentten-

1514 2902 1597 2929 iam
