<?xml version="1.0" encoding="UTF-8"?>
<!DOCTYPE html PUBLIC "-//W3C//DTD XHTML 1.0 Transitional//EN"
    "http://www.w3.org/TR/xhtml1/DTD/xhtml1-transitional.dtd">
<html xmlns="http://www.w3.org/1999/xhtml" xml:lang="en" lang="en">
 <head>
  <title>
</title>
<meta http-equiv="Content-Type" content="text/html;charset=utf-8" />
  <meta name='ocr-system' content='tesseract 3.04.00' />
  <meta name='ocr-capabilities' content='ocr_page ocr_carea ocr_par ocr_line ocrx_word'/>
</head>
<body>
  <div class='ocr_page' id='page_1' title='image "./pauliadromanosep02frituoft/pauliadromanosep02frituoft_0233.png"; bbox 0 0 1715 3115; ppageno 0'>
   <div class='ocr_carea' id='block_1_1' title="bbox 404 206 1541 253">
    <p class='ocr_par' dir='ltr' id='par_1_1' title="bbox 404 206 1541 253">
     <span class='ocr_line' id='line_1_1' title="bbox 404 206 1541 253; baseline -0.002 -1"><span class='ocrx_word' id='word_1_1' title='bbox 404 207 566 253; x_wconf 73' lang='lat' dir='ltr'><strong>CAP.</strong></span> <span class='ocrx_word' id='word_1_2' title='bbox 600 206 759 252; x_wconf 87' lang='lat' dir='ltr'><strong>V111.</strong></span> <span class='ocrx_word' id='word_1_3' title='bbox 806 208 898 252; x_wconf 86' lang='lat' dir='ltr'><strong>Vs.</strong></span> <span class='ocrx_word' id='word_1_4' title='bbox 929 208 1202 252; x_wconf 83' lang='lat'><strong>35.-37..</strong></span> <span class='ocrx_word' id='word_1_5' title='bbox 1448 209 1541 250; x_wconf 76' lang='lat'><strong>210</strong></span> 
     </span>
    </p>
   </div>
   <div class='ocr_carea' id='block_1_2' title="bbox 59 313 1553 2925">
    <p class='ocr_par' dir='ltr' id='par_1_2' title="bbox 59 313 1553 2925">
     <span class='ocr_line' id='line_1_2' title="bbox 72 313 1542 371; baseline 0.002 -18"><span class='ocrx_word' id='word_1_6' title='bbox 72 315 201 356; x_wconf 73' lang='lat' dir='ltr'><strong>otiam</strong></span> <span class='ocrx_word' id='word_1_7' title='bbox 231 315 272 356; x_wconf 90' lang='lat' dir='ltr'><strong>in</strong></span> <span class='ocrx_word' id='word_1_8' title='bbox 304 315 469 357; x_wconf 70' lang='lat' dir='ltr'><strong>afflicta</strong></span> <span class='ocrx_word' id='word_1_9' title='bbox 497 315 671 358; x_wconf 66' lang='lat' dir='ltr'><strong>fortuna</strong></span> <span class='ocrx_word' id='word_1_10' title='bbox 695 314 821 356; x_wconf 87' lang='lat' dir='ltr'><strong>nobis</strong></span> <span class='ocrx_word' id='word_1_11' title='bbox 845 314 1118 371; x_wconf 90' lang='lat' dir='ltr'><strong>suppeditet,</strong></span> <span class='ocrx_word' id='word_1_12' title='bbox 1149 313 1309 370; x_wconf 87' lang='lat' dir='ltr'><strong>quihus</strong></span> <span class='ocrx_word' id='word_1_13' title='bbox 1333 313 1542 356; x_wconf 82' lang='lat' dir='ltr'><strong>adversa-</strong></span> 
     </span>
     <span class='ocr_line' id='line_1_3' title="bbox 73 370 1543 430; baseline 0.001 -17"><span class='ocrx_word' id='word_1_14' title='bbox 73 386 167 413; x_wconf 88' lang='lat' dir='ltr'><strong>rum</strong></span> <span class='ocrx_word' id='word_1_15' title='bbox 202 386 344 413; x_wconf 83' lang='lat' dir='ltr'><strong>rernm</strong></span> <span class='ocrx_word' id='word_1_16' title='bbox 378 374 583 430; x_wconf 88' lang='lat' dir='ltr'><strong>impetum</strong></span> <span class='ocrx_word' id='word_1_17' title='bbox 617 373 870 425; x_wconf 72' lang='lat' dir='ltr'>frangamus</span> <span class='ocrx_word' id='word_1_18' title='bbox 897 378 955 425; x_wconf 83' lang='lat' dir='ltr'><strong>(v.</strong></span> <span class='ocrx_word' id='word_1_19' title='bbox 984 372 1094 425; x_wconf 86' lang='lat'><strong>37.).</strong></span> <span class='ocrx_word' id='word_1_20' title='bbox 1159 371 1275 413; x_wconf 86' lang='lat' dir='ltr'><strong>Male</strong></span> <span class='ocrx_word' id='word_1_21' title='bbox 1307 370 1465 414; x_wconf 78' lang='lat' dir='ltr'><strong>Rueck.</strong></span> <span class='ocrx_word' id='word_1_22' title='bbox 1497 377 1543 414; x_wconf 81' lang='lat' dir='ltr'><strong>et</strong></span> 
     </span>
     <span class='ocr_line' id='line_1_4' title="bbox 71 427 1542 486; baseline 0.001 -17"><span class='ocrx_word' id='word_1_23' title='bbox 71 427 191 479; x_wconf 56' lang='lat' dir='ltr'><strong>dni,</strong></span> <span class='ocrx_word' id='word_1_24' title='bbox 222 444 271 469; x_wconf 89' lang='lat' dir='ltr'><strong>eo</strong></span> <span class='ocrx_word' id='word_1_25' title='bbox 297 429 364 470; x_wconf 86' lang='grc' dir='ltr'><strong>11ῖο</strong></span> <span class='ocrx_word' id='word_1_26' title='bbox 387 429 573 486; x_wconf 78' lang='lat' dir='ltr'>respici,</span> <span class='ocrx_word' id='word_1_27' title='bbox 605 428 719 485; x_wconf 88' lang='lat' dir='ltr'><strong>quod</strong></span> <span class='ocrx_word' id='word_1_28' title='bbox 743 429 938 470; x_wconf 90' lang='lat' dir='ltr'><strong>homiues</strong></span> <span class='ocrx_word' id='word_1_29' title='bbox 957 429 1058 484; x_wconf 87' lang='lat' dir='ltr'><strong>quia</strong></span> <span class='ocrx_word' id='word_1_30' title='bbox 1079 443 1172 469; x_wconf 90' lang='lat' dir='ltr'><strong>cum</strong></span> <span class='ocrx_word' id='word_1_31' title='bbox 1195 427 1377 469; x_wconf 72' lang='lat' dir='ltr'><strong>adven-sa</strong></span> <span class='ocrx_word' id='word_1_32' title='bbox 1400 428 1542 470; x_wconf 77' lang='lat' dir='ltr'><strong>tortu-</strong></span> 
     </span>
     <span class='ocr_line' id='line_1_5' title="bbox 72 485 1540 544; baseline 0.001 -19"><span class='ocrx_word' id='word_1_33' title='bbox 72 486 123 526; x_wconf 72' lang='lat' dir='ltr'><strong>na</strong></span> <span class='ocrx_word' id='word_1_34' title='bbox 162 486 403 528; x_wconf 68' lang='lat' dir='ltr'><strong>conflictari</strong></span> <span class='ocrx_word' id='word_1_35' title='bbox 438 493 648 538; x_wconf 86' lang='lat' dir='ltr'><strong>cogantur</strong></span> <span class='ocrx_word' id='word_1_36' title='bbox 684 486 849 539; x_wconf 78' lang='lat' dir='ltr'><strong>frigere</strong></span> <span class='ocrx_word' id='word_1_37' title='bbox 878 485 967 544; x_wconf 87' lang='lat' dir='ltr'><strong>jam</strong></span> <span class='ocrx_word' id='word_1_38' title='bbox 1000 486 1042 526; x_wconf 91' lang='lat' dir='ltr'><strong>in</strong></span> <span class='ocrx_word' id='word_1_39' title='bbox 1079 499 1124 526; x_wconf 86' lang='lat' dir='ltr'><strong>se</strong></span> <span class='ocrx_word' id='word_1_40' title='bbox 1160 485 1298 526; x_wconf 85' lang='lat' dir='ltr'><strong>Deum</strong></span> <span class='ocrx_word' id='word_1_41' title='bbox 1332 498 1540 540; x_wconf 81' lang='lat' dir='ltr'><strong>perverse</strong></span> 
     </span>
     <span class='ocr_line' id='line_1_6' title="bbox 71 542 1543 598; baseline 0.001 -17"><span class='ocrx_word' id='word_1_42' title='bbox 71 555 202 598; x_wconf 76' lang='lat' dir='ltr'><strong>saepe</strong></span> <span class='ocrx_word' id='word_1_43' title='bbox 224 549 608 595; x_wconf 72' lang='lat' dir='ltr'><strong>argumententur,</strong></span> <span class='ocrx_word' id='word_1_44' title='bbox 637 557 732 583; x_wconf 90' lang='lat' dir='ltr'><strong>cum</strong></span> <span class='ocrx_word' id='word_1_45' title='bbox 756 543 906 584; x_wconf 87' lang='lat' dir='ltr'><strong>multis</strong></span> <span class='ocrx_word' id='word_1_46' title='bbox 931 542 1244 598; x_wconf 73' lang='lat' dir='ltr'><strong>interpretibus</strong></span> <span class='ocrx_word' id='word_1_47' title='bbox 1267 542 1462 597; x_wconf 86' lang='lat' dir='ltr'><strong>opinati,</strong></span> <span class='ocrx_word' id='word_1_48' title='bbox 1494 547 1543 583; x_wconf 90' lang='lat' dir='ltr'><strong>ut</strong></span> 
     </span>
     <span class='ocr_line' id='line_1_7' title="bbox 72 598 1542 656; baseline 0.001 -18"><span class='ocrx_word' id='word_1_49' title='bbox 72 599 188 639; x_wconf 88' lang='lat' dir='ltr'><strong>illam</strong></span> <span class='ocrx_word' id='word_1_50' title='bbox 218 599 503 656; x_wconf 84' lang='lat' dir='ltr'><strong>objectionem</strong></span> <span class='ocrx_word' id='word_1_51' title='bbox 534 600 778 651; x_wconf 79' lang='lat' dir='ltr'><strong>diluerent,</strong></span> <span class='ocrx_word' id='word_1_52' title='bbox 830 598 1009 640; x_wconf 89' lang='lat' dir='ltr'><strong>Paulum</strong></span> <span class='ocrx_word' id='word_1_53' title='bbox 1039 599 1091 640; x_wconf 90' lang='lat' dir='ltr'><strong>de</strong></span> <span class='ocrx_word' id='word_1_54' title='bbox 1130 598 1319 649; x_wconf 90' lang='lat' dir='ltr'><strong>amoris,</strong></span> <span class='ocrx_word' id='word_1_55' title='bbox 1367 599 1409 639; x_wconf 90' lang='lat' dir='ltr'><strong>in</strong></span> <span class='ocrx_word' id='word_1_56' title='bbox 1454 613 1542 655; x_wconf 91' lang='lat' dir='ltr'><strong>quo</strong></span> 
     </span>
     <span class='ocr_line' id='line_1_8' title="bbox 71 653 1543 712; baseline 0.001 -16"><span class='ocrx_word' id='word_1_57' title='bbox 71 653 249 696; x_wconf 84' lang='lat' dir='ltr'><strong>Christo</strong></span> <span class='ocrx_word' id='word_1_58' title='bbox 270 657 430 707; x_wconf 86' lang='lat' dir='ltr'><strong>simus,</strong></span> <span class='ocrx_word' id='word_1_59' title='bbox 461 671 586 698; x_wconf 74' lang='lat' dir='ltr'><strong>sensu</strong></span> <span class='ocrx_word' id='word_1_60' title='bbox 613 662 656 697; x_wconf 83' lang='lat' dir='ltr'><strong>et</strong></span> <span class='ocrx_word' id='word_1_61' title='bbox 682 656 936 698; x_wconf 56' lang='lat' dir='ltr'><strong>conscientia</strong></span> <span class='ocrx_word' id='word_1_62' title='bbox 960 656 1078 711; x_wconf 86' lang='lat' dir='ltr'><strong>loqui</strong></span> <span class='ocrx_word' id='word_1_63' title='bbox 1102 655 1430 712; x_wconf 88' lang='lat' dir='ltr'><strong>perhibuerunt.</strong></span> <span class='ocrx_word' id='word_1_64' title='bbox 1475 657 1543 698; x_wconf 85' lang='lat' dir='ltr'><strong>At</strong></span> 
     </span>
     <span class='ocr_line' id='line_1_9' title="bbox 70 711 1544 769; baseline 0.002 -18"><span class='ocrx_word' id='word_1_65' title='bbox 70 711 208 752; x_wconf 67' lang='lat' dir='ltr'><strong>torius</strong></span> <span class='ocrx_word' id='word_1_66' title='bbox 238 712 553 769; x_wconf 80' lang='lat' dir='ltr'><strong>disputationis</strong></span> <span class='ocrx_word' id='word_1_67' title='bbox 584 727 624 755; x_wconf 84' lang='lat' dir='ltr'><strong>v.</strong></span> <span class='ocrx_word' id='word_1_68' title='bbox 644 713 715 755; x_wconf 82' lang='lat'><strong>35.</strong></span> <span class='ocrx_word' id='word_1_69' title='bbox 732 736 789 742; x_wconf 93' lang='lat'><strong>—-</strong></span> <span class='ocrx_word' id='word_1_70' title='bbox 807 713 878 755; x_wconf 87' lang='grc'><strong>39.</strong></span> <span class='ocrx_word' id='word_1_71' title='bbox 907 712 1037 754; x_wconf 84' lang='lat' dir='ltr'><strong>cardo</strong></span> <span class='ocrx_word' id='word_1_72' title='bbox 1059 713 1107 753; x_wconf 80' lang='lat' dir='ltr'><strong>in</strong></span> <span class='ocrx_word' id='word_1_73' title='bbox 1144 713 1222 753; x_wconf 90' lang='lat' dir='ltr'><strong>hoc</strong></span> <span class='ocrx_word' id='word_1_74' title='bbox 1241 711 1454 764; x_wconf 81' lang='lat' dir='ltr'><strong>vertitur,</strong></span> <span class='ocrx_word' id='word_1_75' title='bbox 1495 718 1544 754; x_wconf 89' lang='lat' dir='ltr'><strong>ut</strong></span> 
     </span>
     <span class='ocr_line' id='line_1_10' title="bbox 70 768 1543 825; baseline 0.002 -18"><span class='ocrx_word' id='word_1_76' title='bbox 70 768 181 808; x_wconf 83' lang='lat' dir='ltr'><strong>nihil</strong></span> <span class='ocrx_word' id='word_1_77' title='bbox 214 768 381 811; x_wconf 85' lang='lat' dir='ltr'><strong>Christi</strong></span> <span class='ocrx_word' id='word_1_78' title='bbox 414 770 541 825; x_wconf 78' lang='lat' dir='ltr'><strong>[Dei]</strong></span> <span class='ocrx_word' id='word_1_79' title='bbox 576 783 680 824; x_wconf 87' lang='lat' dir='ltr'><strong>erga</strong></span> <span class='ocrx_word' id='word_1_80' title='bbox 711 783 790 810; x_wconf 91' lang='lat' dir='ltr'><strong>nos</strong></span> <span class='ocrx_word' id='word_1_81' title='bbox 827 783 1014 810; x_wconf 82' lang='lat' dir='ltr'><strong>amorem</strong></span> <span class='ocrx_word' id='word_1_82' title='bbox 1054 769 1202 811; x_wconf 72' lang='lat' dir='ltr'><strong>tollere</strong></span> <span class='ocrx_word' id='word_1_83' title='bbox 1231 768 1373 825; x_wconf 89' lang='lat' dir='ltr'><strong>possit</strong></span> <span class='ocrx_word' id='word_1_84' title='bbox 1407 773 1543 824; x_wconf 84' lang='lat' dir='ltr'><strong>atque</strong></span> 
     </span>
     <span class='ocr_line' id='line_1_11' title="bbox 70 824 1544 881; baseline 0.002 -18"><span class='ocrx_word' id='word_1_85' title='bbox 70 824 268 877; x_wconf 78' lang='lat' dir='ltr'><strong>efficere,</strong></span> <span class='ocrx_word' id='word_1_86' title='bbox 307 833 352 866; x_wconf 90' lang='lat' dir='ltr'><strong>ut</strong></span> <span class='ocrx_word' id='word_1_87' title='bbox 382 841 466 867; x_wconf 93' lang='lat' dir='ltr'><strong>non</strong></span> <span class='ocrx_word' id='word_1_88' title='bbox 494 825 660 867; x_wconf 90' lang='lat' dir='ltr'><strong>diutius</strong></span> <span class='ocrx_word' id='word_1_89' title='bbox 689 824 847 880; x_wconf 85' lang='lat' dir='ltr'><strong>diligat</strong></span> <span class='ocrx_word' id='word_1_90' title='bbox 873 840 983 881; x_wconf 90' lang='lat' dir='ltr'><strong>quos</strong></span> <span class='ocrx_word' id='word_1_91' title='bbox 1007 831 1131 867; x_wconf 80' lang='lat' dir='ltr'><strong>antea</strong></span> <span class='ocrx_word' id='word_1_92' title='bbox 1155 825 1377 868; x_wconf 80' lang='lat' dir='ltr'><strong>dilexerit.</strong></span> <span class='ocrx_word' id='word_1_93' title='bbox 1437 825 1544 867; x_wconf 83' lang='lat' dir='ltr'><strong>‘Non</strong></span> 
     </span>
     <span class='ocr_line' id='line_1_12' title="bbox 71 881 1544 938; baseline 0.003 -17"><span class='ocrx_word' id='word_1_94' title='bbox 71 881 246 922; x_wconf 81' lang='lat' dir='ltr'><strong>felicius</strong></span> <span class='ocrx_word' id='word_1_95' title='bbox 277 882 480 936; x_wconf 54' lang='lat' dir='ltr'><strong>filimerem</strong></span> <span class='ocrx_word' id='word_1_96' title='bbox 508 897 667 936; x_wconf 86' lang='lat' dir='ltr'><strong>negare</strong></span> <span class='ocrx_word' id='word_1_97' title='bbox 698 881 905 934; x_wconf 86' lang='lat' dir='ltr'><strong>Paulum,</strong></span> <span class='ocrx_word' id='word_1_98' title='bbox 946 897 1074 938; x_wconf 87' lang='lat' dir='ltr'><strong>posse</strong></span> <span class='ocrx_word' id='word_1_99' title='bbox 1116 883 1240 924; x_wconf 91' lang='lat' dir='ltr'><strong>nobis</strong></span> <span class='ocrx_word' id='word_1_100' title='bbox 1267 882 1544 925; x_wconf 83' lang='lat' dir='ltr'><strong>calamitates</strong></span> 
     </span>
     <span class='ocr_line' id='line_1_13' title="bbox 69 937 1545 996; baseline 0.002 -18"><span class='ocrx_word' id='word_1_101' title='bbox 69 937 305 981; x_wconf 77' lang='lat' dir='ltr'><strong>salutarem</strong></span> <span class='ocrx_word' id='word_1_102' title='bbox 333 940 495 980; x_wconf 87' lang='lat' dir='ltr'><strong>amoris</strong></span> <span class='ocrx_word' id='word_1_103' title='bbox 510 972 521 991; x_wconf 96' lang='lat'><strong>,</strong></span> <span class='ocrx_word' id='word_1_104' title='bbox 561 954 645 996; x_wconf 87' lang='lat' dir='ltr'><strong>quo</strong></span> <span class='ocrx_word' id='word_1_105' title='bbox 667 939 872 982; x_wconf 87' lang='lat' dir='ltr'><strong>Christus</strong></span> <span class='ocrx_word' id='word_1_106' title='bbox 902 953 981 980; x_wconf 91' lang='lat' dir='ltr'><strong>nos</strong></span> <span class='ocrx_word' id='word_1_107' title='bbox 1003 940 1213 980; x_wconf 90' lang='lat' dir='ltr'><strong>malorum</strong></span> <span class='ocrx_word' id='word_1_108' title='bbox 1235 939 1423 980; x_wconf 74' lang='lat' dir='ltr'><strong>victores</strong></span> <span class='ocrx_word' id='word_1_109' title='bbox 1446 940 1545 981; x_wconf 89' lang='lat' dir='ltr'><strong>red-</strong></span> 
     </span>
     <span class='ocr_line' id='line_1_14' title="bbox 71 992 1545 1051; baseline 0.002 -16"><span class='ocrx_word' id='word_1_110' title='bbox 71 992 171 1046; x_wconf 82' lang='lat' dir='ltr'><strong>dat,</strong></span> <span class='ocrx_word' id='word_1_111' title='bbox 199 995 282 1036; x_wconf 81' lang='lat' dir='ltr'><strong>vim</strong></span> <span class='ocrx_word' id='word_1_112' title='bbox 313 995 503 1037; x_wconf 82' lang='lat' dir='ltr'><strong>adimere</strong></span> <span class='ocrx_word' id='word_1_113' title='bbox 532 997 587 1039; x_wconf 92' lang='grc'><strong>01.</strong></span> <span class='ocrx_word' id='word_1_114' title='bbox 615 1011 655 1040; x_wconf 79' lang='lat' dir='ltr'><strong>v,</strong></span> <span class='ocrx_word' id='word_1_115' title='bbox 672 996 742 1038; x_wconf 89' lang='grc'><strong>37.</strong></span> <span class='ocrx_word' id='word_1_116' title='bbox 769 996 1021 1038; x_wconf 73' lang='lat' dir='ltr'><strong>affirmavit.</strong></span> <span class='ocrx_word' id='word_1_117' title='bbox 1080 994 1237 1051; x_wconf 84' lang='lat' dir='ltr'><strong>Neque</strong></span> <span class='ocrx_word' id='word_1_118' title='bbox 1258 996 1370 1037; x_wconf 85' lang='lat' dir='ltr'><strong>enim</strong></span> <span class='ocrx_word' id='word_1_119' title='bbox 1396 994 1448 1038; x_wconf 76' lang='lat' dir='ltr'><strong>P.</strong></span> <span class='ocrx_word' id='word_1_120' title='bbox 1470 1011 1545 1037; x_wconf 88' lang='lat' dir='ltr'><strong>ra-</strong></span> 
     </span>
     <span class='ocr_line' id='line_1_15' title="bbox 71 1050 1545 1109; baseline 0.002 -17"><span class='ocrx_word' id='word_1_121' title='bbox 71 1050 234 1092; x_wconf 90' lang='lat' dir='ltr'><strong>tionem</strong></span> <span class='ocrx_word' id='word_1_122' title='bbox 256 1052 318 1093; x_wconf 88' lang='lat' dir='ltr'><strong>sie</strong></span> <span class='ocrx_word' id='word_1_123' title='bbox 340 1051 597 1094; x_wconf 81' lang='lat' dir='ltr'><strong>concludere</strong></span> <span class='ocrx_word' id='word_1_124' title='bbox 619 1053 676 1096; x_wconf 91' lang='lat' dir='ltr'><strong>V.</strong></span> <span class='ocrx_word' id='word_1_125' title='bbox 701 1052 758 1095; x_wconf 89' lang='lat' dir='ltr'><strong>D.</strong></span> <span class='ocrx_word' id='word_1_126' title='bbox 782 1053 1027 1109; x_wconf 84' lang='lat' dir='ltr'><strong>reputavit:</strong></span> <span class='ocrx_word' id='word_1_127' title='bbox 1067 1066 1149 1094; x_wconf 90' lang='lat' dir='ltr'><strong>non</strong></span> <span class='ocrx_word' id='word_1_128' title='bbox 1181 1053 1247 1094; x_wconf 77' lang='lat' dir='ltr'><strong>vel</strong></span> <span class='ocrx_word' id='word_1_129' title='bbox 1268 1053 1545 1104; x_wconf 86' lang='lat' dir='ltr'><strong>gravissimis</strong></span> 
     </span>
     <span class='ocr_line' id='line_1_16' title="bbox 71 1107 1543 1165; baseline 0.002 -17"><span class='ocrx_word' id='word_1_130' title='bbox 71 1107 185 1149; x_wconf 75' lang='lat' dir='ltr'><strong>vitae</strong></span> <span class='ocrx_word' id='word_1_131' title='bbox 205 1110 379 1150; x_wconf 83' lang='lat' dir='ltr'><strong>casibus</strong></span> <span class='ocrx_word' id='word_1_132' title='bbox 400 1109 567 1152; x_wconf 78' lang='lat' dir='ltr'><strong>Christi</strong></span> <span class='ocrx_word' id='word_1_133' title='bbox 587 1110 715 1165; x_wconf 88' lang='lat' dir='ltr'><strong>[Dei]</strong></span> <span class='ocrx_word' id='word_1_134' title='bbox 735 1123 838 1163; x_wconf 87' lang='lat' dir='ltr'><strong>erga</strong></span> <span class='ocrx_word' id='word_1_135' title='bbox 853 1123 930 1150; x_wconf 89' lang='lat' dir='ltr'><strong>nos</strong></span> <span class='ocrx_word' id='word_1_136' title='bbox 950 1123 1139 1151; x_wconf 88' lang='lat' dir='ltr'><strong>amorem</strong></span> <span class='ocrx_word' id='word_1_137' title='bbox 1163 1109 1390 1163; x_wconf 82' lang='lat' dir='ltr'><strong>exstingui</strong></span> <span class='ocrx_word' id='word_1_138' title='bbox 1414 1124 1468 1150; x_wconf 79' lang='lat' dir='ltr'><strong>ex</strong></span> <span class='ocrx_word' id='word_1_139' title='bbox 1491 1125 1543 1151; x_wconf 94' lang='lat' dir='ltr'><strong>eo</strong></span> 
     </span>
     <span class='ocr_line' id='line_1_17' title="bbox 71 1164 1545 1221; baseline 0.003 -17"><span class='ocrx_word' id='word_1_140' title='bbox 71 1165 281 1218; x_wconf 84' lang='lat' dir='ltr'><strong>emergit,</strong></span> <span class='ocrx_word' id='word_1_141' title='bbox 322 1167 435 1221; x_wconf 90' lang='lat' dir='ltr'><strong>quod</strong></span> <span class='ocrx_word' id='word_1_142' title='bbox 469 1167 509 1207; x_wconf 94' lang='lat' dir='ltr'><strong>in</strong></span> <span class='ocrx_word' id='word_1_143' title='bbox 543 1167 597 1207; x_wconf 87' lang='lat' dir='ltr'><strong>iis</strong></span> <span class='ocrx_word' id='word_1_144' title='bbox 629 1169 755 1220; x_wconf 88' lang='lat' dir='ltr'><strong>longe</strong></span> <span class='ocrx_word' id='word_1_145' title='bbox 785 1167 1038 1221; x_wconf 86' lang='lat' dir='ltr'><strong>superiores</strong></span> <span class='ocrx_word' id='word_1_146' title='bbox 1066 1166 1329 1207; x_wconf 87' lang='lat' dir='ltr'><strong>discedimus</strong></span> <span class='ocrx_word' id='word_1_147' title='bbox 1364 1164 1545 1210; x_wconf 88' lang='lat' dir='ltr'><strong>Christo</strong></span> 
     </span>
     <span class='ocr_line' id='line_1_18' title="bbox 71 1220 1546 1279; baseline 0.002 -17"><span class='ocrx_word' id='word_1_148' title='bbox 71 1220 210 1276; x_wconf 90' lang='lat' dir='ltr'><strong>[Deo]</strong></span> <span class='ocrx_word' id='word_1_149' title='bbox 229 1223 469 1264; x_wconf 80' lang='lat' dir='ltr'><strong>auxiliante</strong></span> <span class='ocrx_word' id='word_1_150' title='bbox 490 1226 549 1278; x_wconf 83' lang='lat' dir='ltr'><strong>(v.</strong></span> <span class='ocrx_word' id='word_1_151' title='bbox 568 1224 638 1266; x_wconf 79' lang='lat'><strong>35.</strong></span> <span class='ocrx_word' id='word_1_152' title='bbox 657 1225 766 1276; x_wconf 88' lang='grc'><strong>37.).</strong></span> <span class='ocrx_word' id='word_1_153' title='bbox 824 1224 915 1279; x_wconf 71' lang='lat' dir='ltr'><strong>Qui</strong></span> <span class='ocrx_word' id='word_1_154' title='bbox 935 1223 1073 1277; x_wconf 87' lang='lat' dir='ltr'><strong>igitur</strong></span> <span class='ocrx_word' id='word_1_155' title='bbox 1099 1224 1211 1264; x_wconf 81' lang='lat' dir='ltr'><strong>mala</strong></span> <span class='ocrx_word' id='word_1_156' title='bbox 1232 1222 1330 1278; x_wconf 72' lang='lat' dir='ltr'><strong>ejus</strong></span> <span class='ocrx_word' id='word_1_157' title='bbox 1350 1237 1546 1265; x_wconf 88' lang='lat' dir='ltr'><strong>amorem</strong></span> 
     </span>
     <span class='ocr_line' id='line_1_19' title="bbox 72 1278 1546 1336; baseline 0.002 -17"><span class='ocrx_word' id='word_1_158' title='bbox 72 1278 257 1331; x_wconf 85' lang='lat' dir='ltr'><strong>tollant,</strong></span> <span class='ocrx_word' id='word_1_159' title='bbox 293 1279 364 1336; x_wconf 76' lang='lat' dir='ltr'><strong>qui</strong></span> <span class='ocrx_word' id='word_1_160' title='bbox 396 1280 439 1320; x_wconf 92' lang='lat' dir='ltr'><strong>in</strong></span> <span class='ocrx_word' id='word_1_161' title='bbox 469 1280 596 1321; x_wconf 86' lang='lat' dir='ltr'><strong>malis</strong></span> <span class='ocrx_word' id='word_1_162' title='bbox 624 1285 821 1321; x_wconf 85' lang='lat' dir='ltr'><strong>amanter</strong></span> <span class='ocrx_word' id='word_1_163' title='bbox 855 1280 981 1321; x_wconf 90' lang='lat' dir='ltr'><strong>nobis</strong></span> <span class='ocrx_word' id='word_1_164' title='bbox 1010 1280 1220 1322; x_wconf 81' lang='lat' dir='ltr'><strong>auxilium</strong></span> <span class='ocrx_word' id='word_1_165' title='bbox 1254 1280 1394 1332; x_wconf 85' lang='lat' dir='ltr'><strong>ferat,</strong></span> <span class='ocrx_word' id='word_1_166' title='bbox 1426 1286 1546 1322; x_wconf 83' lang='lat' dir='ltr'><strong>ntea</strong></span> 
     </span>
     <span class='ocr_line' id='line_1_20' title="bbox 73 1332 1547 1394; baseline 0.005 -20"><span class='ocrx_word' id='word_1_167' title='bbox 73 1335 250 1388; x_wconf 80' lang='lat' dir='ltr'><strong>egregie</strong></span> <span class='ocrx_word' id='word_1_168' title='bbox 280 1332 535 1379; x_wconf 80' lang='lat' dir='ltr'><strong>vincamus?</strong></span> <span class='ocrx_word' id='word_1_169' title='bbox 599 1336 832 1378; x_wconf 83' lang='lat' dir='ltr'><strong>Praeterea</strong></span> <span class='ocrx_word' id='word_1_170' title='bbox 858 1336 1031 1389; x_wconf 72' lang='lat' dir='ltr'><strong>DIeyeri</strong></span> <span class='ocrx_word' id='word_1_171' title='bbox 1063 1337 1472 1394; x_wconf 81' lang='lat' dir='ltr'><strong>interpretationem</strong></span> <span class='ocrx_word' id='word_1_172' title='bbox 1505 1352 1547 1382; x_wconf 82' lang='lat' dir='ltr'><strong>V.</strong></span> 
     </span>
     <span class='ocr_line' id='line_1_21' title="bbox 72 1391 1547 1446; baseline 0.002 -13"><span class='ocrx_word' id='word_1_173' title='bbox 72 1391 144 1433; x_wconf 85' lang='grc'><strong>38.</strong></span> <span class='ocrx_word' id='word_1_174' title='bbox 172 1396 216 1433; x_wconf 88' lang='lat' dir='ltr'><strong>et</strong></span> <span class='ocrx_word' id='word_1_175' title='bbox 243 1393 314 1435; x_wconf 85' lang='lat'><strong>39.</strong></span> <span class='ocrx_word' id='word_1_176' title='bbox 347 1406 428 1433; x_wconf 93' lang='lat' dir='ltr'><strong>non</strong></span> <span class='ocrx_word' id='word_1_177' title='bbox 460 1392 721 1446; x_wconf 83' lang='lat' dir='ltr'><strong>admittunt,</strong></span> <span class='ocrx_word' id='word_1_178' title='bbox 762 1393 838 1434; x_wconf 90' lang='lat' dir='ltr'><strong>ubi</strong></span> <span class='ocrx_word' id='word_1_179' title='bbox 860 1409 898 1436; x_wconf 87' lang='lat' dir='ltr'><strong>v.</strong></span> <span class='ocrx_word' id='word_1_180' title='bbox 918 1393 990 1435; x_wconf 85' lang='lat'><strong>37.</strong></span> <span class='ocrx_word' id='word_1_181' title='bbox 1013 1394 1311 1436; x_wconf 83' lang='lat' dir='ltr'><strong>confirmatur.</strong></span> <span class='ocrx_word' id='word_1_182' title='bbox 1369 1393 1547 1436; x_wconf 82' lang='lat' dir='ltr'><strong>Deinde</strong></span> 
     </span>
     <span class='ocr_line' id='line_1_22' title="bbox 73 1447 1546 1507; baseline 0.002 -18"><span class='ocrx_word' id='word_1_183' title='bbox 73 1447 504 1503; x_wconf 78' lang='lat' dir='ltr'><strong>interpretationem,</strong></span> <span class='ocrx_word' id='word_1_184' title='bbox 535 1464 662 1506; x_wconf 89' lang='lat' dir='ltr'><strong>quam</strong></span> <span class='ocrx_word' id='word_1_185' title='bbox 683 1455 881 1502; x_wconf 88' lang='lat' dir='ltr'><strong>tuemur,</strong></span> <span class='ocrx_word' id='word_1_186' title='bbox 919 1450 1026 1490; x_wconf 80' lang='lat' dir='ltr'><strong>ferri</strong></span> <span class='ocrx_word' id='word_1_187' title='bbox 1056 1464 1139 1491; x_wconf 92' lang='lat' dir='ltr'><strong>non</strong></span> <span class='ocrx_word' id='word_1_188' title='bbox 1169 1465 1323 1507; x_wconf 86' lang='lat' dir='ltr'><strong>posse,</strong></span> <span class='ocrx_word' id='word_1_189' title='bbox 1364 1451 1467 1507; x_wconf 78' lang='lat' dir='ltr'><strong>quia</strong></span> <span class='ocrx_word' id='word_1_190' title='bbox 1495 1450 1546 1496; x_wconf 98' lang='lat' dir='ltr'><strong>P.</strong></span> 
     </span>
     <span class='ocr_line' id='line_1_23' title="bbox 74 1502 1546 1562; baseline 0.002 -17"><span class='ocrx_word' id='word_1_191' title='bbox 74 1518 159 1545; x_wconf 93' lang='lat' dir='ltr'><strong>non</strong></span> <span class='ocrx_word' id='word_1_192' title='bbox 179 1505 367 1549; x_wconf 86' lang='lat' dir='ltr'><strong>dixerit:</strong></span> <span class='ocrx_word' id='word_1_193' title='bbox 397 1505 464 1555; x_wconf 79' lang='grc' dir='ltr'><strong>τίς</strong></span> <span class='ocrx_word' id='word_1_194' title='bbox 482 1506 557 1548; x_wconf 78' lang='grc' dir='ltr'><strong>τὸν</strong></span> <span class='ocrx_word' id='word_1_195' title='bbox 575 1507 772 1562; x_wconf 77' lang='grc' dir='ltr'><em>Χριστὸν</em></span> <span class='ocrx_word' id='word_1_196' title='bbox 789 1504 973 1561; x_wconf 75' lang='grc' dir='ltr'><em>χωρίσει</em></span> <span class='ocrx_word' id='word_1_197' title='bbox 997 1504 1086 1547; x_wconf 73' lang='grc' dir='ltr'><strong>ἀπὸ</strong></span> <span class='ocrx_word' id='word_1_198' title='bbox 1108 1507 1186 1561; x_wconf 71' lang='grc' dir='ltr'><strong>τῆς</strong></span> <span class='ocrx_word' id='word_1_199' title='bbox 1201 1503 1377 1562; x_wconf 73' lang='grc' dir='ltr'><em>ἀγάπης</em></span> <span class='ocrx_word' id='word_1_200' title='bbox 1396 1502 1546 1562; x_wconf 68' lang='grc' dir='ltr'><em>ἡμιῦνς</em></span> 
     </span>
     <span class='ocr_line' id='line_1_24' title="bbox 74 1562 1547 1616; baseline 0.003 -15"><span class='ocrx_word' id='word_1_201' title='bbox 74 1562 182 1603; x_wconf 90' lang='lat' dir='ltr'><strong>mire</strong></span> <span class='ocrx_word' id='word_1_202' title='bbox 204 1562 480 1604; x_wconf 76' lang='lat' dir='ltr'><strong>observatum</strong></span> <span class='ocrx_word' id='word_1_203' title='bbox 500 1568 583 1605; x_wconf 80' lang='lat' dir='ltr'><strong>est.</strong></span> <span class='ocrx_word' id='word_1_204' title='bbox 643 1562 746 1606; x_wconf 83' lang='lat' dir='ltr'><strong>Sive</strong></span> <span class='ocrx_word' id='word_1_205' title='bbox 764 1562 970 1606; x_wconf 87' lang='lat' dir='ltr'><strong>Christus</strong></span> <span class='ocrx_word' id='word_1_206' title='bbox 983 1563 1037 1603; x_wconf 89' lang='lat' dir='ltr'><strong>ab</strong></span> <span class='ocrx_word' id='word_1_207' title='bbox 1056 1577 1202 1606; x_wconf 82' lang='lat' dir='ltr'><strong>amore</strong></span> <span class='ocrx_word' id='word_1_208' title='bbox 1224 1563 1290 1604; x_wconf 86' lang='lat' dir='ltr'><strong>tui</strong></span> <span class='ocrx_word' id='word_1_209' title='bbox 1311 1564 1547 1616; x_wconf 80' lang='lat' dir='ltr'><strong>avellatur,</strong></span> 
     </span>
     <span class='ocr_line' id='line_1_25' title="bbox 75 1618 1549 1676; baseline 0.001 -17"><span class='ocrx_word' id='word_1_210' title='bbox 75 1618 166 1659; x_wconf 78' lang='lat' dir='ltr'><strong>sive</strong></span> <span class='ocrx_word' id='word_1_211' title='bbox 187 1624 233 1660; x_wconf 94' lang='lat' dir='ltr'><strong>tu</strong></span> <span class='ocrx_word' id='word_1_212' title='bbox 253 1619 307 1660; x_wconf 90' lang='lat' dir='ltr'><strong>ab</strong></span> <span class='ocrx_word' id='word_1_213' title='bbox 326 1634 472 1661; x_wconf 82' lang='lat' dir='ltr'><strong>amore</strong></span> <span class='ocrx_word' id='word_1_214' title='bbox 487 1652 498 1671; x_wconf 91' lang='lat'><strong>,</strong></span> <span class='ocrx_word' id='word_1_215' title='bbox 539 1634 623 1676; x_wconf 88' lang='lat' dir='ltr'><strong>quo</strong></span> <span class='ocrx_word' id='word_1_216' title='bbox 652 1626 695 1662; x_wconf 88' lang='lat' dir='ltr'><strong>te</strong></span> <span class='ocrx_word' id='word_1_217' title='bbox 716 1620 921 1663; x_wconf 89' lang='lat' dir='ltr'><strong>Christus</strong></span> <span class='ocrx_word' id='word_1_218' title='bbox 942 1625 1081 1672; x_wconf 89' lang='lat' dir='ltr'><strong>amet,</strong></span> <span class='ocrx_word' id='word_1_219' title='bbox 1111 1621 1403 1672; x_wconf 83' lang='lat' dir='ltr'><strong>abstraharis,</strong></span> <span class='ocrx_word' id='word_1_220' title='bbox 1434 1622 1549 1662; x_wconf 90' lang='lat' dir='ltr'><strong>nihil</strong></span> 
     </span>
     <span class='ocr_line' id='line_1_26' title="bbox 74 1674 1547 1732; baseline 0.003 -18"><span class='ocrx_word' id='word_1_221' title='bbox 74 1674 194 1716; x_wconf 77' lang='lat' dir='ltr'><strong>aliud</strong></span> <span class='ocrx_word' id='word_1_222' title='bbox 213 1676 425 1728; x_wconf 75' lang='lat' dir='ltr'><strong>eflicitur,</strong></span> <span class='ocrx_word' id='word_1_223' title='bbox 456 1690 582 1732; x_wconf 84' lang='lat' dir='ltr'><strong>quam</strong></span> <span class='ocrx_word' id='word_1_224' title='bbox 607 1683 653 1718; x_wconf 92' lang='lat' dir='ltr'><strong>ut</strong></span> <span class='ocrx_word' id='word_1_225' title='bbox 673 1683 716 1718; x_wconf 91' lang='lat' dir='ltr'><strong>te</strong></span> <span class='ocrx_word' id='word_1_226' title='bbox 738 1676 942 1720; x_wconf 87' lang='lat' dir='ltr'><strong>Christus</strong></span> <span class='ocrx_word' id='word_1_227' title='bbox 963 1691 1108 1719; x_wconf 82' lang='lat' dir='ltr'><strong>amare</strong></span> <span class='ocrx_word' id='word_1_228' title='bbox 1129 1676 1331 1719; x_wconf 88' lang='lat' dir='ltr'><strong>desistat.</strong></span> <span class='ocrx_word' id='word_1_229' title='bbox 1389 1676 1547 1720; x_wconf 87' lang='lat' dir='ltr'><strong>Nihilo</strong></span> 
     </span>
     <span class='ocr_line' id='line_1_27' title="bbox 75 1731 1548 1790; baseline 0.003 -19"><span class='ocrx_word' id='word_1_230' title='bbox 75 1731 219 1772; x_wconf 88' lang='lat' dir='ltr'><strong>secius</strong></span> <span class='ocrx_word' id='word_1_231' title='bbox 253 1733 317 1774; x_wconf 89' lang='lat' dir='ltr'><strong>rei</strong></span> <span class='ocrx_word' id='word_1_232' title='bbox 345 1733 710 1775; x_wconf 87' lang='lat' dir='ltr'><strong>accommodatum</strong></span> <span class='ocrx_word' id='word_1_233' title='bbox 741 1737 808 1776; x_wconf 91' lang='lat' dir='ltr'><strong>est</strong></span> <span class='ocrx_word' id='word_1_234' title='bbox 830 1733 944 1790; x_wconf 88' lang='lat' dir='ltr'><strong>quod</strong></span> <span class='ocrx_word' id='word_1_235' title='bbox 970 1732 1018 1776; x_wconf 90' lang='lat' dir='ltr'><strong>P.</strong></span> <span class='ocrx_word' id='word_1_236' title='bbox 1048 1735 1211 1790; x_wconf 86' lang='lat' dir='ltr'><strong>posuit.</strong></span> <span class='ocrx_word' id='word_1_237' title='bbox 1271 1733 1385 1776; x_wconf 90' lang='lat' dir='ltr'><strong>Nam</strong></span> <span class='ocrx_word' id='word_1_238' title='bbox 1409 1735 1548 1776; x_wconf 88' lang='lat' dir='ltr'><strong>nemi-</strong></span> 
     </span>
     <span class='ocr_line' id='line_1_28' title="bbox 76 1790 1548 1844; baseline 0.004 -17"><span class='ocrx_word' id='word_1_239' title='bbox 76 1800 170 1828; x_wconf 89' lang='lat' dir='ltr'><strong>nem</strong></span> <span class='ocrx_word' id='word_1_240' title='bbox 203 1792 290 1830; x_wconf 84' lang='lat' dir='ltr'><strong>tam</strong></span> <span class='ocrx_word' id='word_1_241' title='bbox 325 1804 496 1831; x_wconf 74' lang='lat' dir='ltr'><strong>saevum</strong></span> <span class='ocrx_word' id='word_1_242' title='bbox 528 1790 827 1832; x_wconf 78' lang='lat' dir='ltr'><strong>adversarium</strong></span> <span class='ocrx_word' id='word_1_243' title='bbox 858 1790 974 1832; x_wconf 76' lang='lat' dir='ltr'><strong>nobis</strong></span> <span class='ocrx_word' id='word_1_244' title='bbox 999 1791 1260 1832; x_wconf 80' lang='lat' dir='ltr'><strong>exstiturum</strong></span> <span class='ocrx_word' id='word_1_245' title='bbox 1294 1805 1394 1833; x_wconf 91' lang='lat' dir='ltr'><strong>esse</strong></span> <span class='ocrx_word' id='word_1_246' title='bbox 1422 1791 1548 1844; x_wconf 86' lang='lat' dir='ltr'><strong>dicit,</strong></span> 
     </span>
     <span class='ocr_line' id='line_1_29' title="bbox 77 1843 1548 1905; baseline 0.004 -22"><span class='ocrx_word' id='word_1_247' title='bbox 77 1844 153 1898; x_wconf 89' lang='lat' dir='ltr'><strong>qui</strong></span> <span class='ocrx_word' id='word_1_248' title='bbox 183 1843 348 1887; x_wconf 88' lang='lat' dir='ltr'><strong>Christi</strong></span> <span class='ocrx_word' id='word_1_249' title='bbox 379 1846 495 1899; x_wconf 88' lang='lat' dir='ltr'><strong>[Dei]</strong></span> <span class='ocrx_word' id='word_1_250' title='bbox 527 1860 714 1889; x_wconf 89' lang='lat' dir='ltr'><strong>amorem</strong></span> <span class='ocrx_word' id='word_1_251' title='bbox 755 1847 943 1901; x_wconf 83' lang='lat' dir='ltr'><strong>maligne</strong></span> <span class='ocrx_word' id='word_1_252' title='bbox 973 1848 1099 1888; x_wconf 87' lang='lat' dir='ltr'><strong>nohis</strong></span> <span class='ocrx_word' id='word_1_253' title='bbox 1132 1848 1309 1904; x_wconf 82' lang='lat' dir='ltr'><strong>eripiat.</strong></span> <span class='ocrx_word' id='word_1_254' title='bbox 1376 1848 1436 1890; x_wconf 84' lang='lat' dir='ltr'><strong>Et</strong></span> <span class='ocrx_word' id='word_1_255' title='bbox 1469 1862 1548 1905; x_wconf 87' lang='lat' dir='ltr'><strong>op-</strong></span> 
     </span>
     <span class='ocr_line' id='line_1_30' title="bbox 75 1903 1549 1961; baseline 0.004 -22"><span class='ocrx_word' id='word_1_256' title='bbox 75 1912 270 1954; x_wconf 84' lang='lat' dir='ltr'><strong>pugnant</strong></span> <span class='ocrx_word' id='word_1_257' title='bbox 300 1917 375 1943; x_wconf 78' lang='lat' dir='ltr'><strong>nos</strong></span> <span class='ocrx_word' id='word_1_258' title='bbox 404 1905 710 1958; x_wconf 74' lang='lat' dir='ltr'><strong>persequutio,</strong></span> <span class='ocrx_word' id='word_1_259' title='bbox 750 1904 885 1944; x_wconf 79' lang='lat' dir='ltr'><strong>fames</strong></span> <span class='ocrx_word' id='word_1_260' title='bbox 916 1911 960 1946; x_wconf 90' lang='lat' dir='ltr'><strong>et</strong></span> <span class='ocrx_word' id='word_1_261' title='bbox 989 1908 1131 1944; x_wconf 88' lang='lat' dir='ltr'><strong>cetera</strong></span> <span class='ocrx_word' id='word_1_262' title='bbox 1155 1919 1266 1961; x_wconf 85' lang='lat' dir='ltr'><strong>quae</strong></span> <span class='ocrx_word' id='word_1_263' title='bbox 1288 1903 1337 1947; x_wconf 87' lang='grc' dir='ltr'><strong>Ρ.</strong></span> <span class='ocrx_word' id='word_1_264' title='bbox 1359 1919 1549 1945; x_wconf 86' lang='lat' dir='ltr'><strong>comme-</strong></span> 
     </span>
     <span class='ocr_line' id='line_1_31' title="bbox 76 1958 1549 2016; baseline 0.004 -20"><span class='ocrx_word' id='word_1_265' title='bbox 76 1963 214 1997; x_wconf 85' lang='lat' dir='ltr'><strong>morat</strong></span> <span class='ocrx_word' id='word_1_266' title='bbox 241 1959 368 2001; x_wconf 89' lang='lat' dir='ltr'><strong>mala.</strong></span> <span class='ocrx_word' id='word_1_267' title='bbox 429 1959 599 2013; x_wconf 64' lang='lat' dir='ltr'><strong>Quodsi</strong></span> <span class='ocrx_word' id='word_1_268' title='bbox 622 1958 688 2008; x_wconf 77' lang='grc' dir='ltr'><strong>τίς</strong></span> <span class='ocrx_word' id='word_1_269' title='bbox 714 1958 788 2000; x_wconf 72' lang='grc' dir='ltr'><strong>τὸν</strong></span> <span class='ocrx_word' id='word_1_270' title='bbox 812 1959 1005 2013; x_wconf 74' lang='grc' dir='ltr'><strong><em>Χριστὸν</em></strong></span> <span class='ocrx_word' id='word_1_271' title='bbox 1020 1960 1200 2015; x_wconf 78' lang='grc' dir='ltr'><em>χωρίσει</em></span> <span class='ocrx_word' id='word_1_272' title='bbox 1220 1958 1313 2002; x_wconf 58' lang='lat' dir='ltr'><strong>cino*</strong></span> <span class='ocrx_word' id='word_1_273' title='bbox 1334 1962 1414 2016; x_wconf 70' lang='grc' dir='ltr'><strong>τῆς</strong></span> <span class='ocrx_word' id='word_1_274' title='bbox 1436 1958 1549 2016; x_wconf 69' lang='grc' dir='ltr'><strong>ἀγά-</strong></span> 
     </span>
     <span class='ocr_line' id='line_1_32' title="bbox 76 2009 1549 2072; baseline 0.005 -20"><span class='ocrx_word' id='word_1_275' title='bbox 76 2027 164 2067; x_wconf 67' lang='grc' dir='ltr'><strong>πης</strong></span> <span class='ocrx_word' id='word_1_276' title='bbox 196 2009 336 2068; x_wconf 54' lang='grc' dir='ltr'><em>ἦμιῦω</em></span> <span class='ocrx_word' id='word_1_277' title='bbox 387 2016 664 2071; x_wconf 83' lang='lat' dir='ltr'><strong>scripsisset,</strong></span> <span class='ocrx_word' id='word_1_278' title='bbox 712 2016 920 2056; x_wconf 87' lang='lat' dir='ltr'><strong>neminem</strong></span> <span class='ocrx_word' id='word_1_279' title='bbox 960 2021 1081 2057; x_wconf 86' lang='lat' dir='ltr'><strong>tanto</strong></span> <span class='ocrx_word' id='word_1_280' title='bbox 1127 2017 1289 2072; x_wconf 83' lang='lat' dir='ltr'><strong>impetu</strong></span> <span class='ocrx_word' id='word_1_281' title='bbox 1331 2018 1549 2059; x_wconf 71' lang='lat' dir='ltr'><strong>Christum</strong></span> 
     </span>
     <span class='ocr_line' id='line_1_33' title="bbox 75 2072 1549 2130; baseline 0.003 -20"><span class='ocrx_word' id='word_1_282' title='bbox 75 2078 424 2127; x_wconf 87' lang='lat' dir='ltr'><strong>oppugnaturum</strong></span> <span class='ocrx_word' id='word_1_283' title='bbox 451 2086 571 2123; x_wconf 85' lang='lat' dir='ltr'><strong>esse,</strong></span> <span class='ocrx_word' id='word_1_284' title='bbox 612 2080 657 2112; x_wconf 92' lang='lat' dir='ltr'><strong>ut</strong></span> <span class='ocrx_word' id='word_1_285' title='bbox 679 2087 865 2113; x_wconf 88' lang='lat' dir='ltr'><strong>amorem</strong></span> <span class='ocrx_word' id='word_1_286' title='bbox 889 2087 992 2126; x_wconf 86' lang='lat' dir='ltr'><strong>erga</strong></span> <span class='ocrx_word' id='word_1_287' title='bbox 1016 2087 1094 2113; x_wconf 88' lang='lat' dir='ltr'><strong>nos</strong></span> <span class='ocrx_word' id='word_1_288' title='bbox 1115 2072 1327 2130; x_wconf 85' lang='lat' dir='ltr'><strong>deponat,</strong></span> <span class='ocrx_word' id='word_1_289' title='bbox 1357 2074 1549 2115; x_wconf 88' lang='lat' dir='ltr'><strong>sentire-</strong></span> 
     </span>
     <span class='ocr_line' id='line_1_34' title="bbox 78 2126 1550 2186; baseline 0.005 -19"><span class='ocrx_word' id='word_1_290' title='bbox 78 2141 188 2170; x_wconf 81' lang='lat' dir='ltr'><strong>mus.</strong></span> <span class='ocrx_word' id='word_1_291' title='bbox 256 2128 370 2170; x_wconf 88' lang='lat' dir='ltr'><strong>Tum</strong></span> <span class='ocrx_word' id='word_1_292' title='bbox 412 2129 522 2169; x_wconf 87' lang='lat' dir='ltr'><strong>male</strong></span> <span class='ocrx_word' id='word_1_293' title='bbox 561 2127 614 2168; x_wconf 89' lang='lat' dir='ltr'><strong>ad</strong></span> <span class='ocrx_word' id='word_1_294' title='bbox 647 2126 947 2181; x_wconf 72' lang='grc' dir='ltr'><em>ὑπερνικῶμεν</em></span> <span class='ocrx_word' id='word_1_295' title='bbox 985 2143 1023 2172; x_wconf 79' lang='lat' dir='ltr'><strong>v.</strong></span> <span class='ocrx_word' id='word_1_296' title='bbox 1052 2129 1122 2173; x_wconf 89' lang='grc'><strong>37.</strong></span> <span class='ocrx_word' id='word_1_297' title='bbox 1150 2135 1430 2186; x_wconf 80' lang='lat' dir='ltr'><strong>provocatum</strong></span> <span class='ocrx_word' id='word_1_298' title='bbox 1463 2135 1550 2175; x_wconf 83' lang='lat' dir='ltr'><strong>est.</strong></span> 
     </span>
     <span class='ocr_line' id='line_1_35' title="bbox 77 2181 1550 2241; baseline 0.003 -17"><span class='ocrx_word' id='word_1_299' title='bbox 77 2181 192 2224; x_wconf 79' lang='lat' dir='ltr'><strong>Nam</strong></span> <span class='ocrx_word' id='word_1_300' title='bbox 222 2198 273 2225; x_wconf 75' lang='lat' dir='ltr'><strong>ex</strong></span> <span class='ocrx_word' id='word_1_301' title='bbox 302 2199 375 2236; x_wconf 90' lang='lat' dir='ltr'><strong>eo,</strong></span> <span class='ocrx_word' id='word_1_302' title='bbox 416 2184 529 2241; x_wconf 89' lang='lat' dir='ltr'><strong>quod</strong></span> <span class='ocrx_word' id='word_1_303' title='bbox 567 2199 660 2227; x_wconf 78' lang='lat' dir='ltr'><strong>nos</strong></span> <span class='ocrx_word' id='word_1_304' title='bbox 697 2185 815 2239; x_wconf 78' lang='grc'>101190</span> <span class='ocrx_word' id='word_1_305' title='bbox 842 2185 1078 2240; x_wconf 78' lang='lat' dir='ltr'><strong>superiores</strong></span> <span class='ocrx_word' id='word_1_306' title='bbox 1107 2187 1356 2228; x_wconf 72' lang='lat' dir='ltr'><strong>discedimus</strong></span> <span class='ocrx_word' id='word_1_307' title='bbox 1394 2187 1456 2228; x_wconf 88' lang='lat' dir='ltr'><strong>ibi</strong></span> <span class='ocrx_word' id='word_1_308' title='bbox 1493 2185 1550 2233; x_wconf 88' lang='lat' dir='ltr'><strong>P.</strong></span> 
     </span>
     <span class='ocr_line' id='line_1_36' title="bbox 77 2239 1552 2293; baseline 0.003 -13"><span class='ocrx_word' id='word_1_309' title='bbox 77 2239 261 2293; x_wconf 88' lang='lat' dir='ltr'><strong>dixerit,</strong></span> <span class='ocrx_word' id='word_1_310' title='bbox 294 2242 566 2283; x_wconf 84' lang='lat' dir='ltr'><strong>metuendum</strong></span> <span class='ocrx_word' id='word_1_311' title='bbox 598 2256 694 2284; x_wconf 81' lang='lat' dir='ltr'><strong>esse</strong></span> <span class='ocrx_word' id='word_1_312' title='bbox 727 2256 777 2282; x_wconf 92' lang='lat' dir='ltr'><strong>ne</strong></span> <span class='ocrx_word' id='word_1_313' title='bbox 809 2255 882 2282; x_wconf 81' lang='lat' dir='ltr'><strong>nos</strong></span> <span class='ocrx_word' id='word_1_314' title='bbox 910 2255 933 2282; x_wconf 92' lang='lat' dir='ltr'><strong>a</strong></span> <span class='ocrx_word' id='word_1_315' title='bbox 964 2242 1142 2284; x_wconf 87' lang='lat' dir='ltr'><strong>Christo</strong></span> <span class='ocrx_word' id='word_1_316' title='bbox 1173 2242 1427 2285; x_wconf 77' lang='lat' dir='ltr'><strong>deficiamus</strong></span> <span class='ocrx_word' id='word_1_317' title='bbox 1452 2245 1493 2287; x_wconf 89' lang='lat' dir='ltr'><strong>h.</strong></span> <span class='ocrx_word' id='word_1_318' title='bbox 1516 2244 1552 2289; x_wconf 87' lang='grc'><strong>1.</strong></span> 
     </span>
     <span class='ocr_line' id='line_1_37' title="bbox 77 2295 1553 2355; baseline 0.004 -19"><span class='ocrx_word' id='word_1_319' title='bbox 77 2295 237 2338; x_wconf 89' lang='lat' dir='ltr'><strong>dictum</strong></span> <span class='ocrx_word' id='word_1_320' title='bbox 254 2313 349 2340; x_wconf 89' lang='lat' dir='ltr'><strong>esse</strong></span> <span class='ocrx_word' id='word_1_321' title='bbox 363 2299 549 2350; x_wconf 78' lang='lat' dir='ltr'><strong>intelligi</strong></span> <span class='ocrx_word' id='word_1_322' title='bbox 563 2298 790 2353; x_wconf 56' lang='lat' dir='ltr'><strong>(Koestlin).</strong></span> <span class='ocrx_word' id='word_1_323' title='bbox 829 2297 1002 2340; x_wconf 87' lang='lat' dir='ltr'><strong>Nititur</strong></span> <span class='ocrx_word' id='word_1_324' title='bbox 1017 2299 1095 2340; x_wconf 90' lang='grc' dir='ltr'><strong>11οο</strong></span> <span class='ocrx_word' id='word_1_325' title='bbox 1111 2306 1415 2355; x_wconf 86' lang='lat' dir='ltr'><strong>argumentum</strong></span> <span class='ocrx_word' id='word_1_326' title='bbox 1437 2301 1553 2343; x_wconf 66' lang='lat' dir='ltr'><strong>salsa</strong></span> 
     </span>
     <span class='ocr_line' id='line_1_38' title="bbox 77 2354 1550 2413; baseline 0.003 -19"><span class='ocrx_word' id='word_1_327' title='bbox 77 2354 287 2407; x_wconf 85' lang='lat' dir='ltr'><strong>rationis,</strong></span> <span class='ocrx_word' id='word_1_328' title='bbox 320 2357 401 2411; x_wconf 68' lang='lat' dir='ltr'><strong>qua</strong></span> <span class='ocrx_word' id='word_1_329' title='bbox 427 2371 465 2398; x_wconf 78' lang='lat' dir='ltr'><strong>v.</strong></span> <span class='ocrx_word' id='word_1_330' title='bbox 485 2357 555 2397; x_wconf 83' lang='lat'><strong>37.</strong></span> <span class='ocrx_word' id='word_1_331' title='bbox 576 2370 670 2396; x_wconf 89' lang='grc'>011111</span> <span class='ocrx_word' id='word_1_332' title='bbox 705 2369 742 2397; x_wconf 81' lang='lat' dir='ltr'><strong>v.</strong></span> <span class='ocrx_word' id='word_1_333' title='bbox 760 2355 832 2397; x_wconf 83' lang='lat'><strong>35.</strong></span> <span class='ocrx_word' id='word_1_334' title='bbox 860 2356 1131 2406; x_wconf 81' lang='lat' dir='ltr'><strong>continetur,</strong></span> <span class='ocrx_word' id='word_1_335' title='bbox 1172 2358 1464 2411; x_wconf 77' lang='lat' dir='ltr'><strong>explicatione</strong></span> <span class='ocrx_word' id='word_1_336' title='bbox 1486 2358 1550 2413; x_wconf 78' lang='lat' dir='ltr'><strong>(v.</strong></span> 
     </span>
     <span class='ocr_line' id='line_1_39' title="bbox 78 2412 1551 2471; baseline 0.003 -20"><span class='ocrx_word' id='word_1_337' title='bbox 78 2414 249 2467; x_wconf 84' lang='lat' dir='ltr'><strong>supra).</strong></span> <span class='ocrx_word' id='word_1_338' title='bbox 310 2412 431 2453; x_wconf 85' lang='lat' dir='ltr'><strong>ldem</strong></span> <span class='ocrx_word' id='word_1_339' title='bbox 464 2413 581 2453; x_wconf 77' lang='lat' dir='ltr'><strong>valet</strong></span> <span class='ocrx_word' id='word_1_340' title='bbox 603 2412 654 2453; x_wconf 86' lang='lat' dir='ltr'><strong>de</strong></span> <span class='ocrx_word' id='word_1_341' title='bbox 685 2412 761 2453; x_wconf 72' lang='lat' dir='ltr'><strong>hac</strong></span> <span class='ocrx_word' id='word_1_342' title='bbox 779 2412 1079 2455; x_wconf 83' lang='lat' dir='ltr'><strong>conclusione:</strong></span> <span class='ocrx_word' id='word_1_343' title='bbox 1109 2413 1292 2454; x_wconf 88' lang='lat' dir='ltr'><strong>dicimur</strong></span> <span class='ocrx_word' id='word_1_344' title='bbox 1316 2428 1356 2455; x_wconf 75' lang='lat' dir='ltr'><strong>v.</strong></span> <span class='ocrx_word' id='word_1_345' title='bbox 1375 2416 1447 2458; x_wconf 90' lang='grc'><strong>37.</strong></span> <span class='ocrx_word' id='word_1_346' title='bbox 1470 2428 1551 2471; x_wconf 89' lang='lat' dir='ltr'><strong>per</strong></span> 
     </span>
     <span class='ocr_line' id='line_1_40' title="bbox 59 2469 1550 2524; baseline 0.005 -18"><span class='ocrx_word' id='word_1_347' title='bbox 59 2481 291 2520; x_wconf 79' lang='lat' dir='ltr'><strong>¹amorem,</strong></span> <span class='ocrx_word' id='word_1_348' title='bbox 341 2484 424 2524; x_wconf 89' lang='lat' dir='ltr'><strong>quo</strong></span> <span class='ocrx_word' id='word_1_349' title='bbox 457 2484 533 2510; x_wconf 86' lang='lat' dir='ltr'><strong>nos</strong></span> <span class='ocrx_word' id='word_1_350' title='bbox 566 2469 686 2510; x_wconf 87' lang='lat' dir='ltr'><strong>Deus</strong></span> <span class='ocrx_word' id='word_1_351' title='bbox 728 2469 1029 2524; x_wconf 82' lang='lat' dir='ltr'><strong>amplectitur,</strong></span> <span class='ocrx_word' id='word_1_352' title='bbox 1067 2471 1287 2523; x_wconf 82' lang='lat' dir='ltr'><strong>egregiam</strong></span> <span class='ocrx_word' id='word_1_353' title='bbox 1318 2470 1550 2514; x_wconf 83' lang='lat' dir='ltr'><strong>victoriam</strong></span> 
     </span>
     <span class='ocr_line' id='line_1_41' title="bbox 76 2525 1550 2581; baseline 0.004 -17"><span class='ocrx_word' id='word_1_354' title='bbox 76 2531 325 2579; x_wconf 89' lang='lat' dir='ltr'><strong>reportare:</strong></span> <span class='ocrx_word' id='word_1_355' title='bbox 364 2526 479 2581; x_wconf 86' lang='lat' dir='ltr'><strong>quod</strong></span> <span class='ocrx_word' id='word_1_356' title='bbox 511 2541 640 2580; x_wconf 84' lang='lat' dir='ltr'><strong>quum</strong></span> <span class='ocrx_word' id='word_1_357' title='bbox 673 2526 781 2566; x_wconf 87' lang='lat' dir='ltr'><strong>hanc</strong></span> <span class='ocrx_word' id='word_1_358' title='bbox 811 2526 892 2566; x_wconf 78' lang='lat' dir='ltr'><strong>vini</strong></span> <span class='ocrx_word' id='word_1_359' title='bbox 923 2525 1101 2569; x_wconf 84' lang='lat' dir='ltr'><strong>habeat:</strong></span> <span class='ocrx_word' id='word_1_360' title='bbox 1138 2527 1417 2569; x_wconf 81' lang='grc' dir='ltr'>0111001·οΒοἰ</span> <span class='ocrx_word' id='word_1_361' title='bbox 1443 2542 1550 2581; x_wconf 81' lang='lat' dir='ltr'><strong>erga</strong></span> 
     </span>
     <span class='ocr_line' id='line_1_42' title="bbox 78 2581 1550 2639; baseline 0.005 -20"><span class='ocrx_word' id='word_1_362' title='bbox 78 2593 157 2621; x_wconf 90' lang='lat' dir='ltr'><strong>nos</strong></span> <span class='ocrx_word' id='word_1_363' title='bbox 188 2595 400 2634; x_wconf 85' lang='lat' dir='ltr'><strong>amorem,</strong></span> <span class='ocrx_word' id='word_1_364' title='bbox 449 2590 495 2623; x_wconf 87' lang='lat' dir='ltr'><strong>ut</strong></span> <span class='ocrx_word' id='word_1_365' title='bbox 528 2582 751 2624; x_wconf 86' lang='lat' dir='ltr'><strong>Christum</strong></span> <span class='ocrx_word' id='word_1_366' title='bbox 784 2581 970 2635; x_wconf 85' lang='lat' dir='ltr'><strong>diligere</strong></span> <span class='ocrx_word' id='word_1_367' title='bbox 1002 2584 1315 2639; x_wconf 84' lang='lat' dir='ltr'><strong>persistamus,</strong></span> <span class='ocrx_word' id='word_1_368' title='bbox 1352 2585 1397 2627; x_wconf 87' lang='grc'><strong>11.</strong></span> <span class='ocrx_word' id='word_1_369' title='bbox 1430 2585 1462 2627; x_wconf 91' lang='grc'><strong>1.</strong></span> <span class='ocrx_word' id='word_1_370' title='bbox 1493 2585 1550 2627; x_wconf 81' lang='lat' dir='ltr'><strong>de</strong></span> 
     </span>
     <span class='ocr_line' id='line_1_43' title="bbox 75 2637 1551 2698; baseline 0.005 -22"><span class='ocrx_word' id='word_1_371' title='bbox 75 2643 228 2678; x_wconf 88' lang='lat' dir='ltr'><strong>nostro</strong></span> <span class='ocrx_word' id='word_1_372' title='bbox 275 2653 379 2692; x_wconf 84' lang='lat' dir='ltr'><strong>erga</strong></span> <span class='ocrx_word' id='word_1_373' title='bbox 430 2638 654 2682; x_wconf 87' lang='lat' dir='ltr'><strong>Christum</strong></span> <span class='ocrx_word' id='word_1_374' title='bbox 705 2653 852 2679; x_wconf 92' lang='lat' dir='ltr'><strong>amore</strong></span> <span class='ocrx_word' id='word_1_375' title='bbox 908 2637 1125 2695; x_wconf 84' lang='lat' dir='ltr'><strong>disputari</strong></span> <span class='ocrx_word' id='word_1_376' title='bbox 1173 2641 1215 2681; x_wconf 92' lang='lat' dir='ltr'><strong>in</strong></span> <span class='ocrx_word' id='word_1_377' title='bbox 1258 2647 1432 2698; x_wconf 88' lang='lat' dir='ltr'><strong>promtu</strong></span> <span class='ocrx_word' id='word_1_378' title='bbox 1480 2646 1551 2684; x_wconf 86' lang='lat' dir='ltr'><strong>est</strong></span> 
     </span>
     <span class='ocr_line' id='line_1_44' title="bbox 78 2693 1550 2754; baseline 0.006 -23"><span class='ocrx_word' id='word_1_379' title='bbox 78 2693 306 2745; x_wconf 64' lang='lat' dir='ltr'><strong>(Isaeum).</strong></span> <span class='ocrx_word' id='word_1_380' title='bbox 371 2694 597 2738; x_wconf 84' lang='lat' dir='ltr'><strong>Postremo</strong></span> <span class='ocrx_word' id='word_1_381' title='bbox 631 2710 889 2751; x_wconf 84' lang='lat' dir='ltr'><strong>quamquam</strong></span> <span class='ocrx_word' id='word_1_382' title='bbox 922 2710 961 2738; x_wconf 87' lang='lat' dir='ltr'><strong>v.</strong></span> <span class='ocrx_word' id='word_1_383' title='bbox 990 2696 1062 2739; x_wconf 85' lang='grc'><strong>36.</strong></span> <span class='ocrx_word' id='word_1_384' title='bbox 1103 2703 1327 2751; x_wconf 78' lang='lat' dir='ltr'><strong>propter</strong></span> <span class='ocrx_word' id='word_1_385' title='bbox 1366 2703 1419 2740; x_wconf 78' lang='lat' dir='ltr'><strong>te</strong></span> <span class='ocrx_word' id='word_1_386' title='bbox 1448 2713 1550 2754; x_wconf 78' lang='lat' dir='ltr'><strong>snp-</strong></span> 
     </span>
     <span class='ocr_line' id='line_1_45' title="bbox 79 2750 1552 2810; baseline 0.006 -23"><span class='ocrx_word' id='word_1_387' title='bbox 79 2750 202 2800; x_wconf 76' lang='lat' dir='ltr'><strong>plicio</strong></span> <span class='ocrx_word' id='word_1_388' title='bbox 222 2750 440 2806; x_wconf 73' lang='lat' dir='ltr'><strong>afficimur</strong></span> <span class='ocrx_word' id='word_1_389' title='bbox 463 2753 572 2793; x_wconf 70' lang='grc'>111101</span> <span class='ocrx_word' id='word_1_390' title='bbox 596 2753 798 2808; x_wconf 86' lang='lat' dir='ltr'><strong>quoniam</strong></span> <span class='ocrx_word' id='word_1_391' title='bbox 823 2758 864 2792; x_wconf 92' lang='lat' dir='ltr'><strong>te</strong></span> <span class='ocrx_word' id='word_1_392' title='bbox 886 2751 1135 2806; x_wconf 78' lang='lat' dir='ltr'><strong>diligimus,</strong></span> <span class='ocrx_word' id='word_1_393' title='bbox 1165 2768 1246 2795; x_wconf 91' lang='lat' dir='ltr'><strong>non</strong></span> <span class='ocrx_word' id='word_1_394' title='bbox 1270 2755 1374 2810; x_wconf 83' lang='lat' dir='ltr'><strong>quia</strong></span> <span class='ocrx_word' id='word_1_395' title='bbox 1396 2761 1442 2795; x_wconf 90' lang='lat' dir='ltr'><strong>tu</strong></span> <span class='ocrx_word' id='word_1_396' title='bbox 1469 2769 1552 2797; x_wconf 89' lang='lat' dir='ltr'><strong>nos</strong></span> 
     </span>
     <span class='ocr_line' id='line_1_46' title="bbox 78 2805 1550 2863; baseline 0.006 -19"><span class='ocrx_word' id='word_1_397' title='bbox 78 2805 255 2860; x_wconf 78' lang='lat' dir='ltr'><strong>diligis,</strong></span> <span class='ocrx_word' id='word_1_398' title='bbox 283 2814 424 2849; x_wconf 86' lang='lat' dir='ltr'><strong>tamen</strong></span> <span class='ocrx_word' id='word_1_399' title='bbox 452 2809 543 2852; x_wconf 89' lang='grc'>11.1.</span> <span class='ocrx_word' id='word_1_400' title='bbox 568 2808 618 2849; x_wconf 89' lang='lat' dir='ltr'><strong>de</strong></span> <span class='ocrx_word' id='word_1_401' title='bbox 640 2815 788 2850; x_wconf 83' lang='lat' dir='ltr'><strong>nostro</strong></span> <span class='ocrx_word' id='word_1_402' title='bbox 811 2823 913 2861; x_wconf 81' lang='lat' dir='ltr'><strong>erga</strong></span> <span class='ocrx_word' id='word_1_403' title='bbox 937 2809 1158 2851; x_wconf 88' lang='lat' dir='ltr'><strong>Christum</strong></span> <span class='ocrx_word' id='word_1_404' title='bbox 1181 2825 1329 2853; x_wconf 85' lang='lat' dir='ltr'><strong>amore</strong></span> <span class='ocrx_word' id='word_1_405' title='bbox 1353 2812 1426 2863; x_wconf 86' lang='lat' dir='ltr'><strong>agi</strong></span> <span class='ocrx_word' id='word_1_406' title='bbox 1449 2811 1550 2853; x_wconf 91' lang='lat' dir='ltr'><strong>inde</strong></span> 
     </span>
     <span class='ocr_line' id='line_1_47' title="bbox 82 2865 1550 2925; baseline 0.007 -24"><span class='ocrx_word' id='word_1_407' title='bbox 82 2874 165 2903; x_wconf 90' lang='lat' dir='ltr'><strong>non</strong></span> <span class='ocrx_word' id='word_1_408' title='bbox 186 2865 470 2921; x_wconf 83' lang='lat' dir='ltr'><strong>consequitur</strong></span> <span class='ocrx_word' id='word_1_409' title='bbox 498 2866 729 2920; x_wconf 52' lang='lat' dir='ltr'><strong>(Avelim).</strong></span> <span class='ocrx_word' id='word_1_410' title='bbox 774 2865 887 2908; x_wconf 89' lang='lat' dir='ltr'><strong>Nam</strong></span> <span class='ocrx_word' id='word_1_411' title='bbox 915 2867 1300 2925; x_wconf 82' lang='lat' dir='ltr'><strong>quomodocunque</strong></span> <span class='ocrx_word' id='word_1_412' title='bbox 1320 2870 1449 2914; x_wconf 76' lang='lat' dir='ltr'><strong>v.3(3.</strong></span> <span class='ocrx_word' id='word_1_413' title='bbox 1475 2883 1550 2912; x_wconf 81' lang='lat' dir='ltr'><strong>ex-</strong></span> 
     </span>
    </p>
   </div>
  </div>
 </body>
</html>
