1715 3115
440 252 599 299 CAP.
632 251 763 300 VII.
814 253 908 299 Vs,
943 254 1094 298 15.-
1119 255 1214 299 17..
1510 258 1563 300 51

86 362 183 406 volo
207 375 273 404 me
297 360 431 405 nolle.
489 361 656 403 τοῦτο
686 356 896 416 πράσσω]
929 361 1060 402 τοῦτο
1091 366 1208 404 recte
1237 361 1477 405 excludunt
1501 363 1561 408 D.

85 420 141 466 E.
171 418 235 463 F.‘
258 417 316 463 G.
351 417 409 462 lt.
438 415 562 462 Patr.
593 417 674 461 lat.
715 422 776 470 (v.
798 416 949 462 Riucls.
990 418 1182 462 Lucubr.
1211 420 1312 463 crit.
1357 435 1399 476 p.
1422 420 1560 476 118.).

86 476 157 520 Ne
194 474 380 525 uelenim
403 480 523 526 erat,
564 473 678 530 quod
703 471 755 519 P.
779 474 822 518 h.
847 474 878 517 l.
903 475 1091 530 pondere
1119 474 1289 533 adjecto
1316 478 1418 530 (non
1448 478 1559 518 enim

63 547 164 590 xquo
211 537 364 586 expeto
389 531 482 573 hoc
508 530 674 586 facio),
707 544 792 587 quo
815 544 897 571 non
921 545 1029 588 opus
1049 537 1145 574 erat
1166 537 1269 587 (non
1296 533 1410 574 enim
1443 533 1559 589 quod

87 593 246 647 expeto
267 588 412 643 facio),
434 602 492 627 το
509 589 600 628 ῦτο
624 587 813 643 πράσσω
837 588 1069 632 scriberet.
1121 587 1332 632 Convenit
1349 589 1427 631 boc
1451 604 1558 647 pon·

85 646 167 688 dus
195 650 286 687 tum
320 645 363 686 iu
396 649 649 700 sequentem
679 645 940 686 sententiani
972 649 1033 698 (v.
1062 647 1130 688 19.
1164 646 1323 690 Matth.
1346 644 1416 700 15,
1451 648 1558 700 11.),

84 708 177 745 tum
205 702 249 744 in
275 716 339 746 vs.
367 704 458 753 16„
498 699 572 742 ubi
597 702 689 759 Ap.
725 699 776 742 οὗ
805 701 886 755 γὰρ
915 695 938 742 ’ω’
968 702 1089 743 θέλω
1121 700 1334 759 πράσσω,
1375 706 1425 745 ut
1457 702 1558 746 inde

85 759 311 817 proiectus
332 757 633 811 ratiocinetur,
661 758 857 812 graviter
877 760 1038 815 repetit
1058 762 1121 815 (v.
1146 774 1184 802 v.
1203 760 1314 813 20.).
1349 758 1555 803 Ceterum

85 820 280 858 nostram
315 814 575 857 seutentiam
614 829 653 859 ν.
676 815 745 858 19.
777 815 1030 869 confirmat,
1076 816 1149 857 ubi
1187 830 1268 857 non
1308 816 1395 858 nisi
1423 819 1558 865 Arm.

84 872 222 926 Vulg.
246 871 434 914 Hieron.
462 877 505 914 et
537 871 638 916 Ruf.
661 873 793 913 τοῦτο
823 886 846 914 e
875 887 975 929 sqq.
1005 886 1046 916 v.
1077 873 1189 914 male
1218 873 1452 930 repetitum
1481 873 1558 916 ad·-

85 935 370 988 sperserunt:
402 926 454 969 οὗ
474 926 555 984 γὰρ
579 921 604 969 ’ὁ
634 928 758 969 θέλω
791 925 986 984 ἀγαθόν,
1036 930 1204 970 τοῦτο
1235 932 1368 972 ποιῶ.
1429 929 1557 974 Nova

86 999 217 1039 sane,
247 984 324 1028 sed
345 983 575 1027 admodum
600 984 778 1037 infelix,
815 984 981 1028 Reiclzie'
1009 985 1320 1042 interpretatio
1351 991 1436 1032 est.
1507 985 1558 1030 Is

84 1042 297 1094 Paulum,
330 1046 379 1083 ut
398 1042 540 1096 legem
565 1055 672 1084 mos.
698 1055 775 1083 eos
797 1040 851 1082 ad
906 1042 1079 1084 ietatem
1102 1042 1340 1095 adducere,
1372 1058 1558 1100 quorum

87 1099 260 1142 animus
281 1098 448 1156 probus
473 1097 556 1150 sit,
587 1097 792 1141 ostendat
821 1097 865 1153 (I
897 1130 908 1150 ,
932 1098 1052 1153 43.)‚
1089 1099 1131 1140 b.
1152 1100 1183 1143 l.
1206 1099 1444 1153 hominem,
1484 1115 1559 1143 eu-

87 1155 155 1198 'us
178 1169 410 1213 personam
433 1154 572 1207 serat,
599 1154 764 1209 fingere
784 1157 997 1197 nationem
1014 1155 1140 1209 jud„
1168 1161 1258 1198 tum
1281 1157 1426 1212 qualis
1445 1162 1560 1201 teste

117 1212 269 1255 istoria
291 1211 441 1270 paucis
468 1211 665 1268 exceptis
686 1210 871 1254 ,Iudaeis
904 1211 1066 1264 fuerit,
1104 1212 1274 1269 impura
1305 1218 1435 1269 atque
1467 1230 1561 1258 sce-

82 1270 195 1312 lesta
211 1302 222 1321 ‚
260 1275 351 1311 tum
380 1268 524 1325 qualis
541 1281 641 1309 esse
666 1268 731 1310 vel
755 1268 949 1325 potuerit
971 1269 1039 1310 vel
1061 1268 1288 1321 debuerit,
1328 1270 1463 1328 proba
1492 1271 1560 1314 di-

82 1326 368 1382 vinorumque
388 1329 719 1383 praeceptorum
739 1339 966 1376 reverens,
990 1324 1180 1383 judicat.
1242 1325 1355 1368 Hinc
1379 1341 1559 1371 necesse

83 1397 208 1437 esse,
238 1389 286 1425 ut
307 1383 383 1424 ille
402 1396 474 1437 eye
495 1381 571 1437 qui
600 1381 789 1437 loquens
820 1381 1053 1423 inducatur
1082 1386 1172 1425 tum
1201 1397 1253 1423 ex
1279 1383 1431 1440 probis
1467 1389 1559 1427 tum

84 1454 135 1482 ex
158 1439 371 1497 improbis
392 1438 575 1482 Judaeis
595 1442 825 1480 concretus
857 1438 916 1480 sit
946 1440 1006 1493 (v.
1027 1436 1093 1491 II,
1112 1440 1184 1481 43.
1207 1440 1279 1484 51.
1301 1440 1374 1486 54.
1395 1443 1465 1484 76.
1487 1442 1562 1487 81.

84 1496 185 1541 113.
208 1498 347 1553 sqq.).
407 1494 548 1552 Quam
574 1508 682 1538 vana
705 1495 810 1537 haec
829 1494 979 1552 opinio
1002 1496 1076 1548 sit,
1106 1502 1152 1538 ut
1172 1496 1349 1540 chartae
1367 1512 1562 1555 parcam,

82 1553 270 1610 exsequi
311 1552 429 1597 nolo,
503 1551 599 1594 Hoc
627 1565 760 1593 unum
790 1551 911 1605 dico,
958 1564 1043 1594 non
1071 1566 1200 1609 pesse
1229 1567 1323 1596 eam
1355 1555 1563 1610 obtineri,

83 1610 172 1652 nisi
207 1615 284 1652 aut
319 1608 371 1654 P.
391 1623 430 1653 v.
469 1607 794 1651 incredibiliter
829 1609 1122 1662 contorseris,
1173 1615 1249 1652 aut
1285 1612 1560 1668 Apostolum

84 1666 360 1726 ineptissime
379 1666 609 1723 loquutum
628 1679 725 1708 esse
745 1666 929 1708 finxeris
949 1667 1011 1719 (v.
1024 1665 1171 1710 Reiclz.
1201 1681 1246 1724 p.
1268 1668 1406 1723 HQ).
1463 1668 1559 1712 Ve-

84 1724 153 1766 lut
180 1724 292 1766 hunc
321 1738 386 1768 vs,
417 1724 461 1765 in
493 1723 604 1765 bunc
634 1721 806 1764 modum
838 1721 989 1765 Reich.
1018 1725 1255 1779 pervertit:
1303 1738 1402 1767 nam
1441 1726 1560 1782 quod

86 1782 215 1835 (ego,
243 1780 403 1835 probus
422 1779 640 1834 Judaeus)
659 1783 893 1837 perpetro,
934 1779 1062 1833 (ego,
1100 1779 1315 1834 improbus
1340 1780 1562 1838 Iudaeus)

88 1850 173 1878 non
204 1837 425 1893 approb03
474 1851 616 1893 neque
647 1837 763 1879 enim
798 1834 914 1893 quod
940 1839 1067 1892 (ego,
1094 1837 1192 1891 pius
1214 1835 1432 1894 Judaeus)
1460 1840 1563 1882 fieri

89 1893 212 1944 volo,
241 1897 366 1944 (ego,
395 1894 550 1946 impius
569 1891 783 1945 Iudaeus)
806 1893 944 1946 facio,
972 1891 1051 1935 sed
1075 1892 1190 1948 quod
1212 1895 1339 1949 (ego,
1367 1896 1463 1950 pius
1479 1895 1563 1940 Ju-

90 1947 246 2002 daeus)
265 1949 516 2000 abominor,
548 1950 628 1991 hoc
659 1964 740 2004 ego
770 1950 869 2006 (qui
898 1950 1053 2004 impius
1084 1964 1179 1991 sum
1211 1950 1428 2004 Iudaeus)
1459 1967 1561 2010 per-

90 2020 211 2059 ag0.·
270 2003 372 2046 Non
405 2005 545 2046 sensit
573 2004 750 2057 Reiclae„
794 2021 866 2058 se,
903 2019 1034 2061 quum
1057 2004 1309 2064 subjectum
1341 2007 1469 2054 v.15.
1499 2010 1561 2052 sit

88 2075 219 2104 unum
248 2061 473 2116 idemque,
504 2061 553 2101 est
582 2061 804 2113 machina,
844 2063 927 2117 quii
956 2061 1120 2102 nullam
1151 2063 1457 2106 necessitatem
1487 2066 1560 2109 lo-

88 2119 226 2174 gicam
246 2132 329 2159 non
354 2118 483 2159 facile
503 2116 681 2170 eludas,
709 2131 762 2159 ex
786 2131 870 2159 uno
891 2117 1063 2159 bomine
1085 2117 1242 2161 secisse
1261 2119 1388 2165 duos.

201 2174 262 2218 V.
287 2176 355 2217 16.
387 2173 591 2216 Resumit
613 2173 702 2231 Ap.
725 2175 1011 2232 posteriorem
1034 2188 1097 2217 vs,
1121 2175 1188 2218 15.
1211 2183 1405 2232 partem,
1433 2183 1482 2221 ut
1502 2193 1558 2222 ex

87 2232 138 2273 ea
159 2232 272 2287 legis
290 2245 399 2274 mOS.
418 2230 718 2282 sanctitatem,
749 2245 876 2286 quam
897 2230 938 2272 ei
957 2244 998 2275 v.
1015 2232 1082 2274 14.
1104 2232 1160 2276 cl.
1184 2246 1223 2275 v.
1240 2234 1306 2277 12.
1327 2234 1561 2289 tribuerat,

87 2287 271 2331 efficiat:
298 2287 337 2330 si
355 2291 499 2329 autem
513 2286 893 2343 (quemadmodum
913 2287 1140 2330 confessus
1160 2303 1255 2330 sum
1275 2303 1316 2333 v.
1330 2291 1421 2345 15.)
1443 2293 1561 2348 quod

90 2359 174 2387 non
195 2351 352 2402 expeto
379 2343 477 2400 (sed
500 2343 715 2398 detestor)
746 2345 824 2386 hoc
852 2358 1038 2401 perago,
1078 2343 1266 2387 concedo
1286 2345 1422 2403 Legi,
1464 2363 1560 2393 eam

89 2403 358 2460 praeclaram
395 2415 510 2445 esse.
596 2399 774 2458 Quippe
804 2406 947 2443 mente
988 2409 1137 2444 sancta
1184 2402 1297 2457 legis
1325 2411 1560 2464 praecepta

89 2458 251 2516 probo,
281 2473 373 2500 mea
396 2459 507 2499 male
526 2459 639 2499 sacta
660 2458 874 2515 improbo.
935 2453 1146 2515 Σύμφημι
1166 2473 1260 2500 cum
1274 2460 1436 2505 Dativo
1459 2478 1561 2520 per-

92 2529 226 2557 sonae
257 2521 323 2556 est
343 2515 577 2566 assentior,
617 2516 813 2566 concedo,
856 2516 1030 2568 lmssqior.
1059 2518 1122 2570 (v.
1153 2515 1299 2563 lt'etst.
1320 2515 1388 2571 II,
1406 2519 1479 2566 57.
1509 2525 1556 2562 et

91 2571 235 2615 Lexx.
258 2573 365 2625 gn).
425 2569 595 2627 Nempe
617 2568 639 2612 ὁ
665 2567 817 2621 Νόμος
839 2571 908 2612 bic
930 2586 1101 2627 quoque
1118 2586 1300 2625 persona
1319 2574 1519 2630 fingitur.

83 2668 87 2671 ,
204 2628 264 2673 V.
290 2630 358 2671 17.
390 2627 579 2670 Munivit
601 2629 691 2684 Ap.
715 2628 829 2683 quod
851 2642 889 2671 ν.
913 2629 981 2670 14.
1009 2629 1305 2673 affirmaverat
1327 2628 1396 2673 ὅτι
1415 2628 1438 2674 ὃ
1460 2629 1560 2674 Νό-

91 2699 174 2738 μος
195 2683 487 2737 πνευιιιατικός
511 2683 601 2725 ἐστι
619 2685 703 2736 ita,
737 2690 784 2726 ut
801 2691 889 2726 tum
913 2699 1027 2728 voce.
1049 2699 1086 2729 v.
1112 2684 1183 2727 14.
1211 2684 1295 2741 ἐγώ
1323 2688 1372 2730 δὲ
1402 2702 1558 2744 σαρκι-

93 2737 170 2791 κός
186 2738 303 2794 εἰμι,
336 2741 620 2794 πεπραμένος
649 2735 736 2782 ὑπὸ
761 2739 839 2795 τὴν
859 2736 1099 2797 ιΛμοιρτιόιν
1127 2743 1384 2786 corroboret
1412 2758 1450 2787 v.
1471 2745 1560 2798 15„

93 2802 183 2839 tum
204 2811 256 2839 ex
278 2797 335 2839 iis
358 2810 469 2853 quae
489 2795 679 2839 dixisset
704 2811 742 2840 ν.
767 2799 836 2842 13.
860 2798 975 2852 legis
1003 2812 1111 2841 mos.
1132 2799 1410 2842 sanctitatem
1439 2806 1559 2843 recte

93 2854 266 2907 colligi,
298 2859 494 2895 moneret
513 2869 552 2897 v,
578 2855 667 2905 16.;
697 2868 807 2896 nunc
828 2868 875 2896 se
896 2868 936 2897 v.
958 2854 1028 2899 14.
1050 2853 1133 2910 ἐγὼ
1154 2855 1201 2896 δὲ
1223 2853 1434 2912 σαρκικός
1453 2855 1560 2910 εἶμι,

94 2908 378 2967 πεπραμένος
408 2906 500 2952 find
526 2905 850 2967 vrjv‘Afcapu'av
871 2910 974 2969 jure
1003 2910 1282 2956 contendisse
1309 2914 1441 2956 nixus
1465 2928 1562 2956 sen-

1058 2969 1169 3012 D‘z
