1715 3115
117 175 202 219 296
400 171 777 215 EPISTULA
813 169 915 213 AD
948 168 1310 212 ROMANOS

122 280 165 321 in
186 277 247 322 N.
270 278 329 320 T.
355 276 391 330 Ι,
413 292 455 336 p.
475 279 547 321 99.
570 292 638 334 sq.
663 276 881 318 mirabilia
903 274 1110 331 quaedam
1136 275 1188 316 de
1211 276 1252 318 b.
1272 276 1303 318 Ι.
1324 281 1368 318 ο(
1392 275 1531 319 Hebr.
1549 277 1593 329 9,

121 338 164 379 8.
206 336 406 392 protulit.
477 328 617 375 Oi'ww
646 331 937 389 yevw’vp‘tae'twmv
969 334 1060 388 Ap.
1087 333 1279 372 scribere
1303 333 1499 389 potuisse
1521 347 1594 373 ne-

123 395 264 446 gavit,
296 391 396 446 quia
435 392 473 432 is
510 404 671 447 pueros
709 389 895 430 nondun·
930 395 1053 429 natos
1085 389 1244 438 fuisse,
1283 403 1412 444 (pium
1447 389 1592 430 divina

127 463 207 490 vox
228 447 456 500 ederetur,
494 447 725 490 scivisse
755 451 936 487 tamen
979 446 1166 496 Deum,
1205 445 1449 500 futurum
1478 460 1594 487 esse

127 510 182 546 ut
220 508 587 546 nascerentur
625 507 672 544 et
715 503 842 543 bene
882 506 972 542 aut
1004 502 1140 542 male
1170 503 1338 543 vitam
1367 506 1594 556 ayerent

124 561 294 617 ideoque
335 561 472 601 Deum
509 561 560 601 de
599 558 832 599 hominihus
856 558 1037 599 nondum
1079 557 1216 609 uatis,
1263 561 1468 612 uniquam
1502 557 1597 598 vaceti

124 620 286 669 essent,
316 618 529 659 decretum
550 615 708 668 cepisse
727 615 872 670 inepte
896 614 966 655 hic
987 613 1238 656 indicasset.
1297 611 1453 669 Itaque
1481 612 1593 654 Pau-

125 674 213 714 lum
241 672 378 729 μήπω
408 669 702 727 γεννηθέντων
729 684 964 723 exarasse,
1003 675 1051 710 ut
1081 669 1252 723 negatio
1281 670 1522 711 referretur
1539 667 1595 710 ad

125 729 434 784 cogitationem
461 729 602 786 ipsam
633 727 717 769 Dei
741 726 922 776 (dictum
958 730 1027 769 est
1057 725 1302 779 Rebeccae,
1342 726 1400 767 ita
1433 731 1482 768 ut
1500 725 1595 785 ejus

126 800 286 844 pueros
305 785 492 827 nondum
514 791 641 826 natos
663 797 801 840 neque
822 784 930 824 bene
963 783 1126 824 malove
1149 783 1328 824 meritos
1348 783 1468 825 Deus
1487 783 1596 837 coqi-

124 842 281 895 taren)
323 843 599 884 Tiumamms
619 840 823 897 opinatus
840 846 925 882 est.
982 838 1124 882 Hebr.
1145 840 1186 890 9,
1206 839 1249 883 8.
1269 863 1326 870 —-
1357 839 1490 880 τοῦτο
1513 829 1596 892 δη-

124 899 307 948 λοῦντος
332 899 412 940 τοῦ
429 895 677 950 πνεύματος
705 901 786 938 τοῦ
814 892 963 950 ἁγίου,
993 894 1130 950 μήπω
1154 896 1504 949 πεφανερῶσθαι
1520 893 1596 947 τὴν

124 956 211 997 τῶν
232 949 365 1011 ἆγίων
386 953 491 996 ὁδὸν
507 979 585 997 —-.
619 953 661 995 in
682 953 879 994 oratione
907 952 1085 1008 obliqua
1119 952 1244 1008 plane
1265 951 1507 1005 legitimum
1527 954 1598 992 est:

125 1011 263 1067 μήπω
294 1015 355 1067 (v.
383 1009 607 1065 Schaefer.
633 1008 687 1050 ad
718 1009 950 1051 Demostb.
970 1008 1009 1061 Ι,
1028 1008 1151 1060 455.)
1180 1022 1321 1064 neque
1357 1005 1600 1049 Tittmanni

123 1074 412 1110 commentum
448 1067 641 1108 refutare
677 1066 850 1108 attinet.
878 1064 1014 1119 μήπω
1045 1064 1126 1119 γὰρ
1153 1062 1463 1120 γεννηθέντων]
1496 1076 1597 1104 riam

124 1125 297 1167 etiamsi
315 1124 496 1166 nondum
516 1124 779 1174 naticsseut,
810 1137 883 1178 np.
909 1121 1128 1163 Rebeccae
1152 1121 1257 1172 lilii,
1284 1127 1330 1162 ut
1351 1134 1375 1161 e
1393 1118 1597 1161 contexta

126 1181 324 1223 oratione
353 1184 415 1234 (V.
437 1182 505 1223 10.
540 1180 607 1222 12.
644 1181 732 1231 13.)
762 1178 1068 1231 intelligimus.
1137 1176 1236 1219 Non
1277 1175 1455 1218 additur
1484 1175 1597 1217 Sub-

121 1238 284 1296 jectum
310 1236 587 1293 participiis,
619 1235 656 1277 si
677 1234 729 1276 de
755 1249 939 1292 quonam
958 1240 1203 1290 exponatur
1229 1234 1297 1275 vel
1319 1231 1596 1274 cohaerentia

126 1295 196 1337 vel
216 1310 285 1336 res
308 1296 401 1352 ipsa
426 1294 566 1336 docet..
625 1292 778 1348 Eur-ip.
810 1292 913 1333 Hel.
933 1305 974 1334 V.
993 1293 1065 1334 58.
1087 1316 1140 1322 -
1159 1290 1237 1332 σὺν
1257 1286 1404 1343 ἀνδρί,
1445 1285 1599 1344 γνόν-

124 1367 218 1401 τος
238 1376 315 1393 —-—.
370 1350 486 1393 Xen.
515 1349 664 1391 Anah.
701 1351 736 1399 Ι,
753 1349 796 1399 4,
819 1349 886 1392 12.
919 1372 976 1378 —
995 1349 1070 1388 καὶ
1095 1348 1232 1388 ταῦτα
1263 1341 1342 1387 οὐκ
1362 1344 1436 1388 ἐπὶ
1457 1343 1599 1399 μάχην

127 1406 329 1450 ἰόντων
349 1432 442 1456 —-.‚
473 1406 546 1448 ubi
567 1420 607 1448 v.
629 1405 839 1460 Kreteyer.
891 1403 1074 1446 Lucian.
1094 1403 1341 1445 Tox.c.61.
1360 1426 1413 1432 —
1432 1397 1600 1455 νύκτωρ
1659 1451 1662 1454 ὴ

127 1464 178 1506 δὲ
226 1459 622 1505 καθευδόντων
649 1486 704 1492 —-
751 1460 948 1516 πυρκαϊὰ
985 1457 1152 1516 μεγάλη
1205 1455 1486 1508 ἐξανίσταται
1509 1480 1600 1505 -.,

125 1519 204 1562 uhi
231 1535 274 1564 V.
302 1520 515 1562 Jacobitz.
545 1516 733 1560 Arrian.
757 1519 863 1573 Exp.
886 1517 1021 1561 Alex.
1048 1518 1087 1567 1,
1107 1519 1149 1565 6,
1172 1516 1237 1556 15.
1268 1511 1291 1554 ὃ
1316 1511 1390 1563 δέ,
1419 1511 1600 1554 πελα-

129 1575 253 1628 ζόντ
266 1592 333 1617 ων
360 1575 447 1632 ἤδη
462 1606 470 1622 ,
510 1570 644 1622 αὐτὸς
664 1569 791 1614 ἐκθεῖ
812 1572 892 1613 σὺν
913 1575 1007 1621 τοῖς
1028 1569 1137 1626 ἀμφ’
1158 1566 1294 1613 αὑτόν
1312 1594 1414 1620 -.,
1453 1568 1529 1610 ubi
1558 1581 1599 1610 v-

126 1632 315 1674 Ellendt.
352 1633 407 1674 cl.
438 1629 662 1673 Matthiae
691 1631 807 1681 Ἡιιῧῗ.
847 1641 902 1683 gt.
936 1629 1009 1673 ΘΥ.
1052 1629 1092 1680 §.
1112 1627 1211 1670 5133.
1250 1630 1295 1667 et
1330 1623 1504 1679 Selenes.
1543 1623 1599 1664 ad

126 1688 233 1732 Bos.
252 1688 400 1744 ellipS.
421 1702 464 1744 p.
482 1687 552 1729 50.
573 1691 615 1727 et
636 1687 752 1728 855..
812 1684 1075 1741 Hujusmocli
1103 1684 1145 1725 in
1176 1685 1208 1726 l.
1229 1689 1273 1724 et
1303 1681 1477 1723 librarii
1498 1693 1600 1736 pro-

125 1759 282 1787 nomen
313 1751 475 1786 temere
505 1741 671 1783 addunt
702 1741 787 1794 (sie
808 1741 849 1783 h.
875 1742 906 1783 Ι.
935 1741 1001 1782 10.
1021 1741 1077 1781 31
1104 1738 1397 1795 γεννηθέντων
1426 1734 1602 1778 αὐτῶν

127 1808 173 1844 et
204 1801 345 1858 Syrus
376 1797 671 1856 γεννηθέντων
703 1800 806 1838 τῶν
835 1793 968 1837 υἱῶν
998 1792 1184 1850 αὐτῆς.
1221 1795 1277 1837 cf.
1310 1793 1419 1836 Luc.
1445 1793 1511 1842 12,
1528 1793 1602 1835 36.

126 1871 243 1900 varr.
264 1857 387 1911 lect.)
416 1862 459 1898 et
478 1854 676 1896 nonnulli
698 1853 803 1896 VV.
827 1852 932 1895 DD.
955 1851 1201 1909 conjectus-«¹⁸1
1235 1851 1345 1892 male
1376 1848 1604 1906 adjiciunt,

128 1920 178 1956 ut
195 1914 489 1958 Schmiederus
516 1912 557 1952 in
581 1910 780 1953 Arriano
810 1909 916 1966 Exp.
939 1910 1019 1951 ΑΙ.
1040 1909 1081 1960 2,
1102 1909 1144 1960 7,
1171 1908 1255 1950 Ι4..
1315 1904 1602 1948 portendisse

125 1971 270 2014 Deum
313 1969 534 2010 Rebeccae
572 1969 761 2008 suturam
789 1965 979 2007 filiorum
1019 1969 1180 2006 sortem
1211 1962 1384 2005 etiamsi
1413 1960 1600 2003 nondum

126 2028 171 2070 in
200 2028 338 2069 lucem
372 2025 480 2066 editi
501 2030 646 2067 essent
678 2030 725 2064 ut
751 2037 839 2064 rem
873 2036 1045 2075 gravem
1075 2020 1123 2064 Ρ.
1148 2024 1374 2062 memorat.
1432 2016 1601 2072 Nempe

127 2098 215 2126 non
253 2083 463 2124 natalium
511 2079 744 2137 splendore
784 2086 1005 2120 aeternam
1044 2077 1299 2119 felicitatem
1342 2073 1602 2130 comparari,

128 2154 241 2197 quae
270 2139 537 2184 Judaeorum
573 2151 679 2178 vana
712 2135 861 2191 opinio
901 2135 1010 2185 suit,
1056 2134 1166 2186 sibi,
1215 2132 1317 2188 quia
1356 2128 1602 2173 Abrabami

128 2197 297 2254 posteri
335 2201 508 2246 essent,
555 2193 860 2249 sempiternam
903 2190 1155 2232 beatitatem
1196 2187 1327 2229 adimi
1358 2201 1440 2227 non
1471 2199 1601 2243 posse

128 2253 442 2294 arbitratorum
471 2265 511 2292 v.
531 2251 600 2303 7.,
638 2249 738 2291 inde
769 2247 879 2288 disci
900 2247 1072 2289 statuit.
1109 2246 1241 2299 μηδὲ]
1266 2243 1314 2286 F.
1339 2242 1394 2286 G.
1418 2239 1460 2298 ἢ.
1518 2241 1601 2284 ln-

128 2309 362 2350 tolerabile
394 2308 570 2357 vitium,
611 2305 724 2362 quod
749 2304 896 2346 It'eicle.
925 2302 1112 2359 probare
1139 2315 1221 2341 non
1244 2300 1447 2342 debebat.
1505 2301 1601 2340 Au't

129 2365 243 2421 quod
265 2364 460 2421 proxime
481 2362 683 2418 sequitur
705 2361 732 2416 ἢ
753 2359 947 2401 fraudem
968 2359 1070 2400 fecit
1092 2357 1313 2407 librariis,
1354 2360 1430 2398 aut
1457 2359 1602 2394 trans-

130 2423 311 2462 lationis
339 2422 504 2461 latinae
524 2418 811 2459 Latinismns.
869 2413 1016 2466 κακὸν]
1059 2414 1230 2469 φαῦλον
1261 2415 1319 2454 Λ.
1350 2411 1400 2453 Β.
1428 2411 1500 2452 23.
1528 2410 1602 2453 37.

128 2479 202 2521 47.
231 2480 301 2520 57.
332 2480 385 2531 (c.
417 2479 473 2517 al.
503 2476 568 2528 2.)
599 2474 741 2516 67.Μ
777 2474 848 2515 80.
885 2471 966 2513 Mt.
997 2471 1048 2512 E.
1076 2469 1203 2521 Orig.
1229 2469 1269 2509 in
1291 2466 1514 2511 Job.ton=.
1539 2464 1601 2509 ΙΙ.

129 2534 256 2588 (Vol.
284 2533 335 2573 Π
354 2564 363 2573 .
389 2548 429 2587 p.
450 2534 544 2583 84.)
572 2539 615 2572 et.
643 2531 696 2571 de
726 2530 925 2571 oratione
947 2542 984 2569 c.
1003 2530 1045 2568 5.
1067 2526 1191 2580 (Vol.
1218 2523 1253 2576 l,
1276 2539 1317 2580 p.
1339 2524 1485 2578 205.),
1515 2521 1602 2577 Cy-

129 2591 220 2632 rill.
250 2588 335 2637 ΙΙΙ,
356 2590 454 2629 8210.
478 2594 521 2628 et
545 2587 861 2627 Damascenus.
920 2580 1243 2626 Commendavit
1269 2580 1438 2634 φαῦλον
1457 2579 1601 2622 Gre'es-

131 2646 325 2696 buclu'us,
366 2646 542 2699 :wi-ipsit
568 2643 885 2684 Laelimumms.
944 2638 1147 2691 Meyerus
1174 2636 1443 2678 Lachmanni
1457 2634 1599 2676 consi-

129 2705 234 2744 lium
267 2699 445 2757 probat,
487 2700 603 2739 sacili
644 2712 794 2738 errore
823 2694 992 2736 scribas
1024 2708 1100 2750 pro
1132 2693 1324 2745 φαῦλον,
1375 2691 1601 2742 vocabulo,

131 2757 245 2814 quod
277 2759 337 2811 τῷ
373 2754 530 2808 ἀγα-(κῇ
570 2770 650 2794 nou
701 2755 759 2794 ita
807 2753 1061 2806 frequenter
1102 2752 1423 2805 opponeretur,
1469 2742 1602 2788 κακόν

129 2828 357 2863 exarasse,
399 2824 540 2850 vocem
572 2812 631 2863 τῷ
668 2809 823 2863 ἀγαθῷ
868 2808 996 2861 vulgo
1035 2807 1305 2861 oppositam,
1343 2803 1601 2850 arbitratus.
