1715 3115
467 189 558 234 CA
575 187 626 235 P.
661 187 756 233 XI.
787 187 880 234 Vs.
909 189 989 232 21.
1011 188 1178 234 -23..
1483 189 1567 232 507

95 299 178 342 σοῦ’
198 297 403 354 φείσεται
422 301 651 340 contentos
674 296 811 338 fuisse
829 299 874 338 et
895 296 969 351 qni
992 295 1206 337 Futurum
1235 293 1440 351 φείσεται
1467 301 1569 350 post

92 355 254 412 μήπως
283 369 365 396 non
397 356 701 395 concoxissent
723 352 933 410 φείσήται
954 354 1191 409 scripsisse
1217 355 1278 407 (v.
1302 352 1422 396 Mill.
1443 353 1567 397 Prol.

96 414 139 465 §.
161 411 286 464 882„
317 411 462 454 Reich.
477 444 488 463 ,
520 410 689 465 fileyer.
704 442 716 462 ‚
743 408 841 453 (HV.
864 414 908 450 et
930 410 970 452 b.
992 410 1154 452 Schott.
1176 409 1218 450 in
1243 409 1300 452 N.
1320 409 1379 453 T.
1399 423 1421 449 a
1442 408 1490 451 S.
1506 409 1565 454 V.

93 468 587 522 Baumqurtvn-Grusio
620 473 823 524 quartum
853 465 972 507 edito
999 467 1053 506 ad
1082 467 1217 519 h.1.).
1278 466 1366 521 Qui
1390 467 1568 508 stultio-

92 537 167 567 res
189 526 359 566 scribas
382 526 601 566 linxerunt
619 538 745 578 quam
766 523 957 566 suerunt.
1008 522 1116 565 Post
1138 525 1384 577 φοβοῦμαι,
1412 522 1568 576 βλέπω

92 580 189 637 μὴ,
226 578 444 638 μήποτε
474 586 519 623 et
545 581 710 622 similia
736 579 815 621 alii
844 579 1202 637 Conjunctivum,
1240 581 1321 621 alii
1350 580 1569 622 Futurum

93 637 259 680 idcirco
289 642 548 687 exararunt,
597 637 701 694 quia
741 643 974 693 utrumque
1009 636 1220 693 loquendi
1255 637 1569 679 consuetudini

93 700 433 736 consentaneum
475 708 575 736 esse
613 695 852 737 sciverunt.
933 693 1228 749 Quamobrem
1270 707 1384 736 nunc
1423 694 1570 737 literis

93 752 308 793 oculorum
337 765 482 794 errore
507 751 703 792 confusis
733 764 784 792 ex
816 750 1105 808 Conjunctivo
1127 751 1340 793 Futurum
1371 752 1570 793 feceruut:

98 809 160 861 (v.
181 808 339 850 Matth.
359 808 429 860 25,
440 809 480 848 9.
512 808 652 851 Hebr.
678 808 744 860 12,
758 808 830 850 25.
851 822 969 852 varr.
992 809 1139 860 lect.),
1170 821 1282 850 nunc
1306 822 1431 864 quum
1452 809 1572 851 allud

96 869 272 920 czyerent
300 864 515 907 Futurum
555 879 636 921 pro
668 863 958 921 Conjiinctivo
998 865 1274 920 scripserunt
1308 870 1370 919 (ν.
1405 866 1569 912 (ienes.

94 921 170 974 24,
187 923 294 973 39.).
354 920 448 964 lmo
468 923 687 978 scriptura
714 913 818 963 οὐδὲ
840 923 922 963 σοῦ
943 920 1150 976 φείσεται
1173 928 1392 963 vetustum
1418 923 1571 977 vulga-

94 983 165 1019 tae
201 977 406 1020 lectionis
441 977 602 1035 μήπως
641 977 744 1020 οὐδὲ
777 981 857 1020 σοῦ
885 977 1098 1034 φείσηται
1128 978 1570 1035 interpretamentum

96 1040 182 1078 est.
260 1035 570 1078 observarunt
608 1035 905 1092 interpretes,
955 1036 1202 1077 sententiae
1232 1036 1379 1077 verbis
1407 1034 1571 1092 μήπως

96 1087 202 1134 οὐδὲ
227 1094 309 1133 σοῦ
338 1091 549 1149 φείσήται
578 1093 920 1149 comprehensae
941 1106 1153 1134 summam
1174 1092 1282 1134 banc
1303 1107 1427 1136 esse:
1465 1089 1569 1135 οὐδὲ

96 1148 178 1189 σοῦ
210 1147 437 1204 φείσεται,
483 1150 616 1192 sicuti
646 1150 870 1206 Aethiops
898 1163 992 1191 eam
1026 1150 1095 1190 his
1124 1163 1164 1192 v,
1193 1152 1448 1208 complexus
1476 1156 1570 1193 est:

93 1203 156 1260 μὴ
179 1207 262 1246 σοῦ
286 1203 514 1260 φείσεται;
559 1207 793 1249 Lectiones
818 1210 963 1248 autem
983 1201 1089 1248 οὐδὲ
1109 1206 1191 1248 σοῦ
1214 1206 1441 1264 φείσηται
1464 1208 1570 1264 (sic)

95 1268 141 1302 et
178 1258 374 1318 μήπως
414 1261 517 1306 οὐδὲ
549 1264 630 1305 σοῦ
663 1260 926 1319 φείσεται
957 1277 980 1304 e
1011 1263 1188 1317 vulgata
1220 1265 1439 1320 scriptura
1470 1261 1570 1318 μή-

96 1332 209 1367 πως
239 1317 343 1361 οὖὸἑ
374 1320 454 1360 σοῦ
483 1318 710 1376 φείσηται
738 1320 923 1377 ejusque
945 1321 1337 1377 interpretamento
1359 1320 1463 1363 οὐδὲ
1487 1321 1570 1363 σοῦ

97 1374 304 1430 φείσεται
325 1384 487 1417 temere
505 1378 832 1429 conglutinatae
857 1384 975 1420 sunt.
1034 1377 1105 1418 Ne
1133 1378 1237 1433 quid
1266 1384 1408 1419 tamen
1436 1378 1570 1419 dissi-

99 1432 284 1483 mulem,
324 1439 470 1489 potest
499 1435 631 1475 etiam
657 1432 818 1488 μήπως
841 1432 942 1475 01265-
966 1435 1048 1475 σοῦ
1071 1435 1274 1488 φείσεται
1295 1435 1482 1489 genuina
1507 1436 1569 1476 le-

95 1489 183 1530 ctio
211 1489 369 1534 videri.
429 1490 578 1532 Facile
609 1505 633 1531 a
665 1491 978 1532 festinantibus
1008 1491 1209 1532 librariis
1234 1489 1395 1547 μήπως
1420 1493 1571 1545 negle-

96 1549 213 1586 ctum
233 1555 275 1587 et
296 1548 596 1589 tantummodo
619 1545 720 1589 οὐδὲ
741 1548 821 1588 σοῦ
844 1546 1049 1601 φείσεται
1070 1549 1281 1604 scriptum
1310 1564 1408 1590 esse
1432 1555 1570 1606 patet.

96 1601 214 1644 Tum
242 1604 355 1645 alios
383 1604 458 1660 qui
484 1603 644 1660 μήπως
674 1603 964 1645 retinuissent
985 1604 1146 1659 μήπως
1167 1601 1269 1647 οὐδὲ
1289 1608 1372 1647 σοῦ
1397 1605 1569 1661 φείση-

95 1673 171 1700 ται
195 1661 400 1716 posuisse
422 1675 503 1702 non
525 1661 680 1702 mirum
700 1667 783 1704 est.
846 1659 1074 1703 Postremo
1095 1663 1310 1713 nonnulli,
1339 1669 1387 1705 ut
1408 1663 1472 1715 fit,
1503 1664 1571 1704 di·-

95 1719 240 1757 versis
271 1717 533 1759 lectionibus
561 1724 726 1759 temere
755 1718 954 1759 conflatis
987 1716 1089 1760 οὐδὲ
1115 1721 1197 1760 σοῦ
1219 1717 1445 1776 φείσηται
1465 1734 1571 1761 exa-

98 1779 273 1815 rarunt.
334 1774 498 1815 Fateor
518 1779 663 1815 tamen
683 1775 943 1816 sententiam
963 1775 1112 1830 priore
1133 1777 1228 1817 loco
1249 1780 1436 1831 positam
1463 1777 1571 1818 mihi

98 1829 454 1870 verisimiliorem
483 1830 641 1873 videri.
710 1830 829 1872 lllud
851 1832 996 1886 quivis
1016 1833 1252 1874 concedere
1272 1832 1423 1885 debet,
1455 1832 1571 1875 Pau-

97 1885 187 1925 lum
228 1891 302 1927 aut
340 1885 536 1940 μήπως
576 1884 678 1928 οὔδε]
709 1888 793 1928 σοῦ
824 1886 1078 1942 φείσήται,
1132 1894 1209 1930 ant
1238 1886 1434 1944 μήπως
1465 1887 1570 1932 οὐδὲ

99 1940 182 1983 σοῦ
215 1939 478 1996 φείσεται
510 1957 719 1984 exarasse
750 1948 793 1984 et
822 1944 1051 1985 lectionem
1083 1960 1106 1986 a
1137 1945 1416 1988 Lachmamm
1450 1961 1570 1989 rece-

98 2005 216 2053 ptam
238 1995 339 2039 oi’de‘
359 2000 441 2040 σοῦ
461 1998 666 2053 φείσεται
683 2002 974 2054 corruptelam
996 2015 1106 2042 esse.
1149 2003 1240 2059 Ap.
1264 2003 1327 2043 sic
1347 2002 1571 2059 disputat:

98 2055 142 2096 in
171 2060 285 2096 metu
311 2056 452 2109 potius
473 2057 560 2097 vive
580 2071 630 2097 ne
649 2071 774 2112 quum
790 2056 893 2110 fidei
913 2057 1191 2114 meufruyt'um
1213 2058 1372 2114 seceris
1392 2061 1478 2102 Dei
1494 2060 1569 2115 fcl-

98 2126 195 2153 vore
221 2111 405 2165 pria-eris
432 2110 564 2165 (ἀλλὰ
592 2115 739 2167 φοβοῦ
769 2128 807 2156 v.
827 2114 935 2165 20.).
1003 2115 1121 2157 Num
1149 2116 1188 2157 εἰ
1210 2116 1332 2157 Dens
1359 2118 1494 2158 ramis
1522 2119 1568 2158 in

99 2168 211 2209 olim?
233 2169 348 2209 natis
367 2182 447 2209 non
464 2170 678 2223 pepercit,
707 2185 851 2212 vereor
871 2186 922 2212 ne
944 2171 1023 2213 tibi
1042 2186 1199 2228 quoqne
1219 2174 1424 2227 (oleastri
1447 2189 1567 2215 ramo

97 2224 145 2265 in
185 2225 325 2265 oleam
366 2225 582 2281 immisso)
620 2241 701 2267 mm
736 2232 906 2280 parcat.
984 2227 1129 2270 Citius
1160 2231 1273 2270 enim
1307 2231 1569 2272 hortulanus

98 2289 317 2335 agrestem
355 2283 600 2334 surculum,
645 2298 771 2339 quein
810 2284 946 2325 bonae
977 2286 1125 2327 arbori
1159 2286 1388 2338 inseverit,
1437 2302 1568 2344 quum

98 2338 297 2379 inutilem
321 2353 417 2379 eum
437 2353 535 2380 esse
556 2340 809 2393 cognoverit
829 2342 1074 2393 defringat,
1113 2357 1240 2398 quam
1269 2344 1464 2384 sterilem
1492 2359 1569 2386 no-

99 2394 206 2436 bilis
245 2396 419 2436 arboris
458 2410 624 2436 ramum
666 2397 877 2439 exciderit
914 2398 1135 2454 citiusque
1174 2398 1298 2440 Deus
1337 2400 1568 2458 adoptivos

96 2451 241 2504 filios,
292 2453 366 2508 qui
398 2451 693 2494 deterioribus
725 2454 924 2496 inclinati
955 2456 1143 2507 fuerint,
1195 2455 1391 2509 abdicet,
1439 2473 1566 2513 quani

100 2509 327 2550 naturales
367 2509 506 2561 filios,
551 2510 627 2565 qui
663 2511 858 2552 homines
897 2525 1081 2568 nequam
1114 2516 1158 2553 et
1188 2512 1373 2569 improbi
1403 2520 1568 2568 essent,

101 2562 227 2606 domo
248 2568 506 2608 extruserit.
553 2567 621 2610 Cf.
646 2567 832 2622 DionyS.
855 2567 958 2609 Hal.
978 2570 1109 2619 4‚46.
1134 2569 1202 2612 15.
1224 2571 1395 2625 πολλῆς
1412 2587 1459 2612 τε
1475 2587 1568 2624 μω-

101 2618 200 2675 ρίας
231 2621 285 2676 ἴφ
295 2639 319 2678 ι]
349 2623 574 2678 (Turnus)
604 2626 676 2665 καὶ
704 2622 1002 2677 θεοβλαβείας
1021 2619 1134 2667 εἶναι
1155 2652 1207 2658 -
1227 2651 1279 2658 -
1299 2651 1354 2657 ———
1376 2629 1569 2679 νομίζειν

102 2673 162 2725 ὥς
192 2675 216 2719 ὃ
243 2678 328 2720 τῶν
356 2676 704 2735 συγγενεστάτων
731 2682 804 2722 καί
830 2678 1186 2732 ἀναγκαιοτάτων
1211 2682 1272 2739 μ’)
1300 2681 1569 2739 φεισάμενος

100 2733 234 2788 (Tart
253 2735 420 2790 uinius)
440 2740 522 2776 τῶν
543 2733 786 2790 ἀλλοτρίων
803 2734 1021 2790 φείσεται.

262 2823 273 2834 .
293 2792 365 2835 22.
387 2797 432 2834 et
450 2793 522 2835 23.
563 2791 690 2833 Nunc
716 2792 764 2837 l'.
785 2800 828 2834 et
849 2800 1010 2849 quanta
1035 2794 1077 2836 in
1105 2795 1356 2837 incredulos
1373 2796 1568 2840 Iudaeos

103 2845 192 2890 Dei
219 2849 433 2893 severitas
462 2850 522 2892 sit
548 2855 592 2891 et
621 2855 783 2904 quanta
815 2851 858 2893 iu
889 2851 1032 2908 ipsum
1065 2853 1167 2908 quia
1201 2853 1327 2895 tidem
1364 2854 1567 2898 habuerit
