1715 3115
152 233 236 276 116
433 230 810 279 EPISTOLA
841 231 942 275 Au
974 231 1330 276 ROMANOS

149 337 350 381 stabilem
374 338 413 377 in
436 337 558 380 vobis
578 336 724 378 sedem
747 337 1080 389 concesseritis3
1108 338 1176 380 sin
1196 339 1296 395 quis
1317 338 1486 383 Christi
1516 342 1608 399 spi-

150 395 282 437 ritum
306 410 384 435 non
407 394 560 436 habeat
581 395 672 442 -).
732 393 904 435 Deinde
930 399 976 436 nt
1000 396 1092 450 Ap.
1124 394 1303 451 pictatis
1331 401 1376 437 et
1403 403 1608 439 constan-

147 453 237 494 tiae
256 466 375 508 sps-m
400 452 440 490 iu
469 450 676 491 Romanis
698 451 894 506 posuerit
926 451 1083 503 (1,8.)‚
1125 457 1241 493 recte
1274 459 1416 494 tamen
1448 450 1608 510 εἴπερ

147 523 218 549 πν.
241 510 286 547 ι’).
310 505 421 548 οἰκεῖ
439 505 484 547 ὲν
505 505 605 559 ὑμῖν
625 507 828 563 scripsit,
858 514 905 548 ut
924 522 998 548 eos
1019 508 1069 548 de
1091 508 1233 548 ol'licio
1255 510 1483 564 relligioso
1513 525 1608 553 ser-

146 563 286 605 vando
306 569 395 604 tum
419 562 595 618 oblique
615 569 705 604 tum
732 563 923 605 modeste
947 563 1198 604 admoneret
1226 565 1284 619 (si
1315 567 1504 621 quidem,
1539 566 1608 622 of.

141 617 234 674 ficii
259 619 387 661 vestri
414 633 641 672 memores,
687 618 834 661 divino
863 620 1042 676 spiritui
1072 619 1275 662 stabilem
1307 621 1351 663 in
1380 621 1502 665 vobis
1534 637 1607 665 se-

145 677 242 718 dem
272 675 513 731 parabitis:
551 689 591 719 v.
618 675 777 717 librum
800 675 1099 728 ς»ι’ἕιῑῐιηὶηαϊῐεεη
1126 676 1158 719 1.
1189 680 1264 726 0.).
1324 674 1454 731 οἰκεῖ]
1482 679 1605 722 habt*-

145 737 212 773 tat
232 732 273 774 h.
292 746 330 773 e.
349 731 504 774 stabile
524 731 782 774 domicilium
801 733 1040 785 constitnit3
1079 732 1136 776 ci.
1159 733 1182 773 l
1202 732 1305 778 Cor.
1331 733 1456 785 3,16.
1476 736 1603 787 6,19.

144 788 173 829 2
193 787 311 831 Tim.
342 789 382 839 1,
397 787 466 830 14.
493 787 572 831 Ev.
601 787 798 830 Thomae
829 803 866 831 c.
899 791 981 831 10..
1043 787 1260 831 Similiter
1290 789 1480 833 Rabbini
1511 792 1604 850 spi·

140 844 274 886 ritum
295 859 333 888 s.
353 837 552 897 dicunt&
571 843 622 899 '23
637 849 734 906 53³2·
764 845 816 899 (i.
848 860 890 901 q.
919 848 999 901 3:3ss
1026 860 1093 901 sq.
1122 845 1192 900 ἒξ)
1221 846 1422 889 incubare
1451 848 1604 898 alienia

141 914 183 944 v.
204 900 417 954 Schoettq.
439 899 494 942 ad
518 900 667 946 v211..
733 901 880 943 Datur
911 901 999 944 div.
1030 901 1217 958 spiritus
1248 903 1495 946 hominibus
1527 906 1603 960 qui

141 956 322 999 Christo
358 955 485 998 fidem
514 956 793 1016 adjunxerint
824 958 924 1003 Gal.
952 958 993 1009 3,
1007 958 1049 1002 2.
1083 959 1152 1002 14.
1181 959 1361 1015 pietatis
1391 960 1603 1014 magister

142 1013 244 1057 Gal.
264 1012 306 1066 5,
317 1013 387 1056 22.
407 1013 852 1071 pulcerrimorumque
872 1021 1221 1056 ornamentorum
1243 1015 1432 1069 largitor
1454 1019 1474 1058 1
1496 1017 1601 1062 Cor.

139 1070 264 1123 12,4.
291 1085 359 1126 sq.
392 1073 454 1125 (ν.
482 1068 678 1125 Ι,260.),
718 1073 793 1127 qui
822 1071 1101 1128 hospitaliter
1129 1079 1336 1129 exceptus
1365 1072 1524 1115 stabile
1553 1073 1600 1116 in

136 1127 196 1169 iis
218 1125 484 1168 domicilium
509 1126 762 1179 constituit,
793 1128 1040 1181 impietate,
1073 1128 1156 1183 qna
1176 1127 1364 1170 Satanae
1385 1130 1604 1186 obsequa-

137 1183 203 1225 ris
231 1183 367 1240 (Eph.
386 1182 510 1233 4,30.
529 1183 586 1227 cl.
607 1197 648 1226 v.
670 1183 788 1237 27.),
819 1185 1008 1225 offensus
1035 1185 1386 1242 contumeliaque
1415 1185 1599 1229 affectus

136 1238 279 1284 Hebr.
303 1241 372 1290 10,
383 1240 455 1282 29.
478 1252 531 1281 ex
554 1239 747 1296 hospitio
770 1240 969 1284 discedit.
1030 1239 1322 1295 Quamobrem
1347 1240 1475 1283 Pauli
1500 1256 1599 1285 ver-

133 1295 206 1338 bis
228 1297 334 1338 haec
354 1295 571 1338 sententia
595 1295 791 1354 subjecta
814 1301 907 1340 est:
936 1296 1153 1352 siquidem
1182 1297 1270 1341 div.
1297 1298 1476 1355 spiritui
1503 1304 1598 1341 sta-

134 1352 226 1394 bile
245 1352 514 1394 domicilium
535 1352 580 1394 in
605 1353 729 1394 vobis
758 1353 1035 1410 paraveritis,
1095 1352 1298 1396 Ceterum
1325 1351 1375 1395 τὸ
1409 1349 1521 1397 εἶναι
1552 1354 1598 1398 ἒν

133 1405 353 1463 πνεύματι
383 1423 468 1466 que
501 1407 556 1454 Ρ.
587 1423 719 1451 sensu
746 1411 896 1466 posuit
924 1408 972 1453 ἐκ
998 1408 1079 1451 τοῦ
1108 1406 1242 1452 οἰκεῖν
1271 1409 1321 1453 τὸ
1349 1416 1521 1464 πνεῦμα
1550 1407 1599 1453 ἔν

133 1479 220 1507 τινι
250 1466 531 1522 consequitur.
610 1464 725 1507 Nam
770 1480 911 1523 neque
941 1480 989 1508 es
1018 1465 1314 1519 πνευματικός
1342 1480 1481 1523 neque
1507 1473 1597 1510 τῶν

132 1526 439 1575 πνευματικῶν
463 1527 716 1564 ornamenta
745 1521 790 1564 iu
818 1529 862 1565 te
893 1523 1199 1574 conferuntur,
1238 1523 1324 1566 nisi
1354 1523 1596 1578 habitandi,

131 1590 220 1620 non
267 1577 587 1630 commorandi,
644 1578 946 1621 deversorium
986 1578 1166 1635 spiritui
1208 1593 1246 1623 s,
1298 1578 1489 1623 dederim
1538 1605 1595 1613 —

130 1636 316 1688 Πνεῦμα
338 1636 542 1689 Χριστοῦ
563 1647 648 1675 non
678 1634 857 1676 differre
883 1649 908 1676 a
937 1636 1126 1677 formula
1157 1634 1330 1688 πνεῦμα
1358 1635 1471 1677 θεοῦ
1500 1640 1593 1678 tum

129 1706 186 1734 ex
211 1706 262 1734 eo
291 1691 500 1745 emergit,
537 1688 654 1746 quod
681 1692 902 1747 posterius
934 1689 1066 1748 hujus
1092 1705 1157 1733 vs.
1187 1691 1423 1733 membrum
1453 1692 1595 1749 priori

129 1748 323 1790 membro
345 1746 604 1804 opponitur,
629 1752 720 1788 tum
740 1748 861 1790 locus
886 1747 988 1791 Gal.
1008 1747 1104 1799 4,6.
1135 1744 1276 1802 [Phil.
1297 1748 1439 1802 1,17.]
1467 1748 1594 1792 docet

128 1818 225 1847 cum
254 1804 382 1848 Rom.
405 1804 532 1856 8,14.
564 1817 634 1859 sq.
663 1804 868 1848 collatus.
935 1804 1135 1846 Vocatur
1161 1808 1306 1845 autem
1335 1804 1521 1861 spiritus
1551 1819 1593 1852 s.

128 1862 217 1905 Dei
234 1863 434 1917 spiritus,
465 1859 563 1916 quia
588 1873 612 1900 a
635 1858 733 1901 Deo
755 1860 1001 1902 hominibus
1034 1859 1166 1902 datur
1188 1859 1290 1904 Gal.
1309 1860 1432 1914 4‚6.,
1471 1860 1592 1903 Chri-

127 1917 186 1961 sti
203 1919 404 1972 spiritus,
436 1916 638 1971 quoniam
657 1916 861 1959 Christus
883 1917 1064 1974 spiritus
1084 1930 1121 1962 S.
1142 1914 1320 1959 dotibus
1339 1916 1590 1972 largissime

126 1975 372 2017 instructus
412 1978 507 2015 erat
535 1971 636 2016 Joh.
664 1973 704 2024 3,
717 1974 790 2017 34.
828 1973 988 2017 matth.
1018 1973 1114 2025 4,1.
1151 1973 1302 2025 12,28.
1329 1971 1459 2017 Rom.
1490 1974 1588 2026 1‚4.

127 2032 154 2073 1
177 2030 297 2075 Tim.
317 2031 358 2083 3,
373 2031 441 2072 16.
463 2030 540 2074 al..
598 2029 717 2070 Male
735 2030 786 2071 de
815 2029 991 2073 Wettius
1012 2028 1217 2086 spiritum
1237 2044 1275 2074 8.
1297 2027 1467 2073 Christi
1494 2029 1588 2087 spi-

124 2087 258 2129 ritum
280 2086 497 2144 appellari
515 2090 641 2142 putat
660 2100 739 2140 pro
774 2091 916 2138 terea,
947 2085 1063 2142 quod
1082 2084 1286 2128 Christus
1314 2085 1519 2142 spiritum
1545 2099 1587 2133 s.

124 2144 376 2186 hominibus
411 2142 652 2199 impertiat.
767 2157 833 2184 am
862 2145 1003 2185 Deum
1031 2140 1281 2184 hominibus
1309 2141 1512 2199 spiritum
1545 2156 1586 2187 s.

123 2200 336 2258 praebere
361 2199 412 2243 Ρ.
431 2199 557 2241 docet
586 2199 611 2240 l
633 2198 735 2243 Cor.
755 2199 878 2252 2‚12.
906 2200 1031 2251 6,19.
1064 2198 1165 2241 Gal.
1199 2198 1296 2248 4‚6.
1324 2200 1349 2240 1
1375 2196 1465 2241 Th.
1488 2197 1586 2250 ⁴‚8.

124 2257 285 2313 quibus
307 2257 415 2299 locis
435 2256 531 2298 Tit.
551 2255 593 2306 3,
603 2257 646 2299 6.
671 2256 845 2297 minime
865 2258 1097 2312 repugnat.
1151 2252 1287 2296 Redit
1308 2253 1421 2296 enim
1450 2252 1584 2312 hujus

123 2314 157 2357 1.
178 2314 394 2355 sententia
416 2312 472 2353 ad
504 2311 766 2354 sententiam
792 2313 894 2356 Gal.
912 2312 1007 2364 3‚2.
1037 2309 1352 2366 perscriptam,
1380 2315 1583 2367 acceptas

123 2370 289 2411 referre
311 2370 507 2411 homines
539 2368 694 2410 christ.
716 2367 910 2425 Spiritus
940 2383 978 2411 s.
1006 2365 1132 2407 dotes
1158 2364 1212 2422 τῇ
1240 2365 1415 2415 πίστει,
1455 2365 1581 2423 cujus

123 2430 275 2467 auctor
305 2425 509 2468 Christus
539 2424 779 2467 exstiterit.
849 2422 949 2466 Non
980 2426 1146 2464 temere
1184 2428 1326 2464 autem
1367 2420 1422 2466 P.
1460 2422 1505 2466 h.
1543 2422 1580 2469 1.

123 2482 295 2534 πνεῦμα
321 2481 524 2536 Χριστοῦ
550 2495 630 2538 pro
659 2481 832 2530 πνεῦμα
862 2477 976 2521 θεοῦ
1001 2477 1175 2535 posuit,
1220 2478 1297 2520 sed
1327 2481 1377 2520 ut
1403 2482 1579 2520 senten-

122 2538 227 2579 tiam
245 2538 451 2578 hominem
474 2537 629 2591 spiritu
646 2550 683 2580 s.
714 2536 961 2577 destitutum
988 2549 1070 2576 non
1098 2549 1189 2578 esse
1210 2533 1367 2577 Christi
1392 2533 1578 2589 discipu-

121 2593 210 2637 lum
231 2593 403 2650 planius
424 2600 465 2634 et
486 2593 657 2634 acutius
681 2592 964 2648 exprimeret.
1024 2590 1104 2633 Sin
1134 2590 1260 2647 quis,
1287 2588 1453 2645 inquit,
1484 2589 1577 2646 spi-

119 2649 235 2701 ritu,
264 2663 340 2704 quo
361 2648 608 2690 Christus
638 2647 862 2690 instinctus
888 2651 980 2699 est,
1015 2650 1168 2704 (quum
1201 2646 1322 2699 illum
1351 2646 1471 2687 foras
1500 2659 1576 2686 ex-

117 2704 382 2755 turbaverit)
403 2703 681 2756 destituitur,
711 2704 750 2745 is
769 2707 837 2759 (ut
857 2703 1044 2745 hominis
1075 2703 1227 2745 christ.
1249 2714 1401 2743 nomen
1426 2703 1575 2757 gerat)

115 2775 195 2802 non
211 2761 463 2813 [tamen]c1d
484 2759 763 2801 Christum
781 2761 965 2812 pertinet
977 2761 1038 2813 (V.
1051 2759 1172 2812 3,28.
1184 2757 1291 2800 Eur.
1313 2755 1574 2801 Heracl.68.

114 2829 254 2871 neque
271 2849 280 2866 ‚
313 2830 439 2871 quum
463 2816 554 2861 τοῖς
575 2813 619 2854 ἐν
644 2817 868 2870 Χριστῷ
891 2813 934 2857 Ἰ.
961 2812 1089 2857 οὐδὲν
1107 2815 1354 2868 κατάκριμα
1375 2820 1571 2856 metuen-

111 2871 210 2913 dum
234 2873 314 2923 sit,
345 2872 432 2912 vita
454 2871 715 2926 sempiterna
739 2871 958 2926 potietur:
984 2885 1024 2915 v.
1048 2873 1218 2928 supra).
