1715 3115
146 215 231 260 118
428 212 802 258 EPJSTOLA
837 211 1328 260 ADROMANOS

157 321 304 371 ciunt,
331 323 420 361 tum
444 318 549 361 illud
571 332 664 361 eam
686 319 854 371 firmat,
885 319 999 376 quod
1022 319 1060 361 si
1090 332 1130 365 v.
1163 321 1230 365 ll.
1260 320 1613 378 ζωοποιήσει

159 379 250 422 καὶ
286 374 347 417 τὰ
388 375 560 434 θνητὰ
601 371 826 426 σώματα
863 371 1013 428 ὑμῶν
1051 378 1235 429 figurate
1263 378 1538 420 intellexeris
1567 383 1613 419 et

157 433 287 476 verba
311 439 472 472 temere
494 438 782 488 contorqueas
803 437 846 472 et
861 433 1163 474 vocabulorum
1180 431 1202 470 ὅ
1218 432 1388 487 ἐγείρας
1402 433 1477 475 τὸν
1490 437 1612 488 Χρι-

160 489 262 533 (nav
288 488 333 531 ἐκ
361 488 520 541 νεκρῶν
545 489 682 530 Deum
706 488 874 532 Christi
904 490 945 530 in
977 489 1106 529 vitam
1135 489 1355 544 physicam
1387 491 1614 532 restituto-

158 561 246 590 rem
271 547 520 587 facientium
547 559 700 585 nervos
727 545 883 587 elidas.
940 544 1028 600 Qui
1053 551 1251 597 mortem,
1289 546 1420 588 vitam
1449 552 1494 588 et
1521 560 1614 589 cor-

157 616 307 662 porum
330 603 369 642 in
393 601 521 642 vitam
541 602 850 643 restitutionem
879 602 1064 654 figurate
1093 608 1353 643 enarrarunt
1379 603 1615 658 (Piscator,

161 659 339 706 Ilvam„
370 656 464 699 chr.
489 658 560 699 Fr.
590 657 798 708 selemia„
838 658 1035 710 Boehm.‚
1074 659 1297 710 Ammon„
1334 657 1501 702 Koelln.
1530 659 1614 711 al.)

161 722 204 756 et
229 714 353 754 Pauli
375 713 502 753 verba
523 713 629 756 mire
651 719 978 769 perverterunt,
1009 728 1147 771 neque
1171 719 1397 755 contextae
1423 714 1615 756 orationi

161 771 466 812 satisfecerunt
491 772 551 824 (v.
574 769 721 822 infra).
781 770 869 825 Qui
894 770 1075 811 mediam
1098 771 1232 820 viam,
1268 784 1381 826 quae
1405 770 1478 812 hio
1506 784 1615 827 quo-

162 842 244 885 qne
264 827 381 868 nulla
404 833 494 877 cst,
523 827 714 879 ingressi
739 827 883 868 versui
913 829 978 869 10.
1001 828 1245 879 figuratam,
1268 826 1493 868 undecimo
1510 840 1614 884 pro-

159 883 301 939 priam
344 882 745 938 interpretationem
795 882 1087 924 adhibuerunt
1131 883 1322 935 (Chrysa,
1374 881 1617 937 Tlteophyl„

162 940 308 990 Grot.,
357 937 499 991 fi‘opp.
537 939 618 993 al.)
657 939 870 980 orationis
912 938 1245 996 perpetuitatem
1280 943 1324 979 et
1351 938 1482 980 verba
1515 939 1615 996 ipsa

160 1010 200 1038 v.
223 997 289 1038 ll.
313 995 560 1051 postulare,
590 1001 634 1035 ut
653 1009 692 1038 v,
716 997 783 1038 11.
804 995 857 1035 de
877 995 1024 1037 eadem
1047 1009 1118 1046 re,
1144 994 1197 1036 de
1219 996 1301 1051 quei
1323 1008 1364 1039 v,
1387 997 1455 1038 10.
1483 1009 1616 1052 expo-

160 1053 304 1102 nitur,
334 1051 403 1103 agi
426 1050 652 1092 credamus
671 1065 753 1093 non
774 1057 1048 1108 reputarunt.
1107 1050 1219 1092 Nam
1248 1065 1374 1107 quam
1407 1051 1538 1093 vitam
1563 1050 1615 1095 P.

160 1108 316 1149 animis
337 1107 634 1148 tantummodo
655 1110 915 1164 promissam
937 1123 959 1148 a
985 1107 1245 1164 corporibus
1274 1122 1314 1150 ν.
1346 1109 1413 1151 10.
1443 1107 1617 1164 abjudi-

161 1166 298 1215 cavit,
326 1177 418 1204 eam
440 1164 695 1218 corporibus
727 1178 923 1220 quoque,
961 1178 1041 1205 non
1074 1164 1212 1205 solum
1246 1163 1427 1214 animis,
1465 1178 1616 1206 eorum

160 1219 396 1276 aliqnando
421 1219 565 1265 (latum
590 1220 646 1261 iri
677 1227 844 1269 monet,
885 1221 929 1262 in
956 1221 1115 1274 quihus
1143 1220 1290 1262 vitalis
1309 1219 1398 1261 Dei
1429 1221 1620 1277 spiritus

159 1277 426 1318 domicilium
448 1277 727 1318 collocaverit
748 1292 786 1320 v.
811 1279 897 1320 11..
956 1275 1187 1318 Postremo
1206 1276 1304 1319 dW.
1328 1277 1482 1329 vitam,
1503 1291 1617 1318 mor·

162 1340 249 1377 tem
267 1341 308 1374 et
332 1347 559 1392 corporum
584 1334 626 1374 in
652 1333 780 1374 vitam
807 1334 1124 1375 revocationem
1156 1333 1289 1375 simul
1318 1333 1523 1374 moralem
1551 1333 1618 1375 si·-

161 1391 253 1431 mnl
284 1389 506 1446 physicam
536 1394 796 1447 potestatem
825 1389 984 1431 habere
1011 1390 1159 1446 inepte
1191 1389 1392 1446 opinatus
1423 1404 1518 1431 earn
1547 1389 1616 1432 his

160 1461 249 1489 VSS.
271 1446 530 1487 sententiam
552 1445 770 1497 subdidit,
800 1460 926 1502 quam
947 1447 1118 1504 peritus
1136 1445 1353 1502 interpres
1371 1460 1423 1487 ex
1451 1446 1507 1488 iis
1535 1445 1618 1487 eli-

143 1517 260 1543 -ccre
284 1511 486 1558 nequeat.
545 1499 582 1544 εἷ
606 1503 653 1544 δὲ
671 1501 870 1559 Χριστὸς
893 1499 938 1545 ἐν
957 1498 1075 1557 ὑμῖν]
1106 1507 1253 1544 contra
1273 1501 1479 1544 sicta-isti
1499 1516 1617 1544 mens

162 1559 278 1600 vobis
316 1559 483 1601 insidet.
554 1557 678 1614 Quae
719 1573 848 1614 quum
889 1558 1065 1601 nonnisi
1092 1559 1210 1600 veris
1240 1557 1506 1601 Christianis
1541 1560 1617 1611 sit,

164 1629 273 1672 quos
295 1613 380 1656 div.
399 1616 582 1671 spiritns
605 1615 838 1668 gubernet,
873 1612 927 1656 P.
950 1615 1152 1670 loquutio
1171 1615 1278 1655 hanc
1307 1628 1412 1655 sane
1440 1619 1616 1656 senten-

163 1673 269 1712 tiam
288 1671 504 1714 continct:
544 1669 582 1712 εἰ
609 1671 657 1712 δὲ
686 1671 857 1722 πνεῦμα
879 1671 1081 1725 Χριστοῦ
1110 1674 1166 1721 (s,
1192 1672 1328 1718 θεοῦ)
1357 1669 1401 1712 ἕν
1425 1669 1528 1723 ὑμῖν
1547 1696 1614 1713 —-.

163 1726 452 1779 Pei-vulgata,
485 1726 560 1769 sed
582 1741 708 1783 quam
726 1726 938 1780 impurum
961 1726 1209 1768 Tholuccius
1228 1725 1282 1766 ad
1296 1725 1434 1770 Hebr.
1458 1727 1616 1782 p.448.

165 1783 332 1825 vocavit
352 1783 428 1838 (.'),
459 1782 718 1844 metonymia
743 1782 932 1824 christus
951 1796 1031 1837 pro
1051 1787 1190 1824 mente
1220 1786 1304 1837 qm?
1325 1783 1514 1825 Christus
1539 1784 1616 1825 du-

165 1845 257 1882 ctus
278 1843 340 1881 est
371 1840 413 1883 h.
443 1840 473 1882 l.
503 1846 793 1890 memorat-ur,
832 1844 880 1880 ut
909 1839 1020 1879 alias
1049 1852 1129 1895 pro
1155 1839 1384 1880 verborum
1414 1844 1616 1881 contextu

163 1892 364 1950 ,Χριστός
385 1897 452 1937 vel
471 1901 649 1938 mentem
673 1895 891 1946 declarat,
933 1909 1058 1952 quam
1079 1894 1269 1936 Christus
1295 1895 1483 1949 postulat
1510 1893 1616 1949 (huo

166 1952 265 1994 eal.
286 1953 530 2008 pertinent,
569 1953 613 1993 in
648 1952 805 2007 quibus
836 1951 1059 1994 Christum
1088 1950 1132 1992 in
1161 1951 1310 2006 aliquo
1338 1951 1536 1994 babitare
1566 1951 1617 1998 Ρ.

164 2007 350 2060 indicat,
398 2023 526 2064 quum
557 2008 684 2049 iidem
715 2009 859 2048 animo
897 2007 1145 2064 conceperit
1171 2006 1283 2064 Eph.
1309 2007 1434 2059 3,17.
1461 2008 1491 2048 2
1512 2008 1616 2053 Cor.

166 2064 331 2115 1:5‚5.),
360 2065 428 2105 xci
449 2065 606 2107 Christi
622 2069 854 2119 praecepta
873 2065 994 2117 (Gai.
1016 2068 1058 2115 4,
1075 2064 1142 2107 19.
1160 2063 1305 2116 2,20.)
1324 2063 1523 2116 denotat,
1546 2066 1617 2107 vel

166 2120 323 2163 Christi
348 2121 586 2162 doctrinam
616 2119 763 2175 (Phil.
797 2121 948 2174 1,18.)
974 2119 1210 2175 significat.
1287 2119 1360 2162 Sic
1390 2120 1618 2174 Euripides

164 2190 246 2233 pro
266 2176 483 2230 Euripidis
507 2177 736 2231 trceqoediis
764 2177 1022 2232 (Aristoph.
1048 2176 1244 2219 Acharn.
1271 2190 1312 2218 V.
1337 2175 1440 2219 484.
1471 2173 1549 2217 οὐκ
1577 2170 1618 2219 εἷ

163 2229 389 2274 καταπιών
406 2229 699 2289 Εὐριπίδηη)
721 2238 766 2274 et
793 2239 992 2275 sexcenta
1026 2231 1155 2298 hujus
1181 2231 1355 2286 gener-is
1383 2232 1470 2273 alia
1499 2246 1617 2274 oom-

165 2288 284 2329 muni
305 2288 493 2329 omnium
519 2303 601 2330 usu
618 2290 725 2330 trita
746 2294 862 2334 sunt.
920 2288 1091 2331 Novitii
1111 2288 1410 2340 tenebriones‚
1444 2287 1523 2344 qui
1547 2289 1618 2331 in-

159 2349 204 2387 te
217 2345 526 2401 rpretationem
547 2359 569 2386 a
590 2345 712 2386 nobis
733 2345 882 2386 initam
899 2344 1105 2400 jejunam
1133 2357 1230 2385 esse
1257 2343 1424 2401 opinati
1450 2345 1544 2386 illis
1569 2345 1618 2388 in

161 2401 198 2443 1.
235 2401 459 2455 mysticam
491 2401 625 2455 ipsius
654 2401 822 2444 Christi
853 2415 946 2441 cum
975 2399 1241 2443 Christianis
1270 2400 1616 2461 conjunctione-

167 2455 313 2497 doceri
336 2458 678 2515 perhibuerunt,
709 2470 848 2512 neque
867 2456 971 2512 quid
997 2470 1105 2497 usus
1134 2457 1342 2511 loquendi
1371 2458 1618 2514 postularet

166 2512 498 2554 considerarunt
526 2518 569 2554 et
597 2528 688 2555 rem
719 2511 949 2555 absurdam
976 2513 1298 2566 confinxerunt,
1342 2512 1616 2570 quandoqui-

165 2567 261 2609 dem
282 2568 558 2612 Substantiae
581 2576 625 2611 et
650 2569 997 2611 Substantiarum
1024 2569 1254 2626 qualitates
1279 2582 1363 2611 uon
1392 2573 1617 2616 transeunt

165 2631 236 2676 (v.
261 2623 453 2677 Rei‹·l1.).
516 2626 686 2680 νεκρόν]
728 2624 899 2681 Corpus
926 2630 974 2666 ut
1002 2630 1120 2668 certo
1148 2626 1391 2681 periturum
1421 2623 1477 2669 Ρ.
1505 2639 1618 2669 mor-
1674 2674 1676 2676 ,

166 2686 284 2722 tactem
312 2679 421 2720 dixit
449 2672 765 2734 ὑπερβολικῶς.
823 2680 898 2724 Sic
921 2680 1155 2723 identidem
1177 2681 1401 2724 Arrianus
1419 2681 1618 2727 Dissert.

165 2735 310 2791 Epict.
332 2737 374 2785 3,
390 2737 456 2788 10,
473 2736 539 2777 15.
558 2761 612 2767 --
630 2742 735 2794 περὶ
753 2736 802 2779 τὸ
827 2737 1069 2789 σωμάτιον,
1099 2737 1150 2778 τι)
1180 2737 1260 2779 οὐκ
1288 2736 1417 2791 ἐμόν,
1444 2736 1497 2780 τὸ
1525 2737 1618 2793 φύ-

165 2805 233 2832 σει
253 2791 430 2844 νεκρόνς
458 2792 660 2843 3,222‚41.
681 2795 776 2842 πῶς
796 2789 872 2835 οὖν
891 2792 954 2834 ὲίι
976 2790 1296 2844 ἀνεμπόδιστον
1320 2787 1431 2835 εἶναί
1459 2809 1505 2835 τι
1533 2790 1616 2835 δύ-

164 2861 289 2888 ναται
311 2848 396 2888 τῶν
412 2848 491 2889 τοῦ
511 2844 711 2901 σώματος
721 2868 734 2902 ,·
764 2848 861 2899 πῶς
879 2850 926 2893 de*
945 2848 1057 2903 μέγα
1083 2849 1109 2906 ἢ
1141 2846 1371 2904 ἀξιόλογον
1399 2846 1452 2891 τὸ
1482 2844 1618 2906 φύσει
