1715 3115
422 196 773 244 CAP.V111.
836 198 926 243 vs.
958 199 1040 244 29.
1081 204 1133 242 et
1163 201 1260 244 30..
1503 166 1584 242 loo

110 305 184 348 sed
214 320 236 346 a
272 304 413 346 libera
446 305 670 361 nullisque
702 304 874 358 legibus
896 305 1228 364 circumscripta
1248 305 1335 346 Dei
1360 305 1582 346 voluntate

108 362 289 419 repetiit
317 365 378 416 (ν.
401 363 444 413 9,
480 363 547 405 11.
581 364 647 404 19.
669 362 740 406 22.
762 362 840 405 23.
863 361 977 418 Eph.
1004 365 1040 415 1,
1059 363 1104 406 4.
1125 378 1194 419 sq.
1219 365 1285 403 11.
1309 363 1363 403 cl.
1388 364 1490 405 Act.
1512 363 1579 414 13,

107 420 180 462 ⁴8.
215 421 236 460 1
265 417 382 460 Petr.
402 420 443 470 2,
463 419 543 472 8.).
605 418 731 474 Quod
766 425 1067 471 argumentum
1097 434 1179 461 non
1201 434 1252 461 eo
1275 418 1580 470 labefactatur,

106 475 221 533 quod
248 474 296 518 P.
316 475 428 516 alias
457 482 622 516 tantum
656 476 697 516 in
731 475 980 516 hominihus
1003 477 1135 518 situm
1166 491 1264 518 esse
1295 475 1500 531 scripsit,
1532 482 1580 516 ut

103 533 266 587 possint
295 531 473 575 Christo
501 537 544 573 et
574 531 699 573 tidem
730 531 891 573 habere
912 538 954 573 et
977 533 1193 588 denegare
1211 535 1274 588 (9,
1295 533 1366 574 32.
1400 533 1465 581 10,
1487 533 1578 585 16.)

105 589 317 630 habitam(
337 604 387 630 ue
417 589 545 630 tidem
578 594 620 631 et
643 589 870 629 illustrare
893 590 1052 631 virtute
1087 597 1130 632 et
1151 590 1374 647 impietate
1395 588 1575 644 protun-

104 645 208 688 dere
228 647 276 700 (1
344 646 416 688 im.
443 648 478 695 1,
500 648 606 696 19.).
648 644 716 688 Cf.
739 645 888 688 Ree'ch.
951 646 1062 687 Nam
1096 653 1329 703 utrumque
1354 644 1402 688 P.
1428 644 1576 686 desen-

104 701 197 753 dit,
233 702 378 743 omnia
397 717 420 743 a
443 703 530 744 Dei
551 707 656 744 nutu
681 702 989 758 voluntateque
1014 704 1123 745 nulli
1143 703 1383 744 conditioni
1412 701 1576 742 adstri-

104 759 174 801 ets·
209 758 422 815 pendere,
462 766 504 800 et
536 774 632 801 esse
665 759 908 800 honestatis
937 765 979 801 et
1010 760 1298 802 tur)itudinis
1318 759 1573 800 electionem

104 815 386 872 studiumque
417 818 458 857 in
489 816 710 857 hominum
739 820 973 872 potestate.
1045 816 1079 858 fil
1106 816 1161 858 ud
1192 818 1232 858 ei
1263 831 1392 873 quum
1425 815 1466 856 iu
1489 814 1573 856 Dei

74 896 83 902 ·
103 873 374 931 maJ'estatem
400 874 595 914 intuetur
619 873 772 929 placet,
806 873 882 914 hoc
903 874 976 914 ubi
1001 879 1207 929 quantum
1235 872 1497 923 hominibus,
1527 875 1575 912 ut

103 937 220 972 recte
279 930 457 971 raemiis
487 932 725 986 poenisque
752 929 1022 981 afficiantur,
1065 931 1341 972 tribuendum
1373 930 1432 970 sit
1455 928 1574 982 cogi-

103 992 184 1030 tat.
275 1001 343 1028 am
372 986 471 1027 boni
505 987 759 1041 interpretis
788 993 877 1037 est,
920 993 1062 1028 utrum
1096 1002 1266 1044 quoque
1290 988 1320 1029 l.
1340 986 1432 1041 Ap.
1453 984 1574 1026 dixe-

101 1044 163 1085 rit
193 1043 362 1095 videre,
405 1044 532 1095 mali,
572 1051 805 1098 utrumque
835 1045 892 1084 ita
924 1045 1212 1096 confundere,
1254 1050 1299 1086 ut
1334 1050 1407 1084 aut
1439 1041 1574 1083 liber-

101 1104 234 1142 tatem
273 1100 520 1141 hominihus
561 1101 776 1142 ademisse
811 1101 930 1141 nulia
974 1115 1020 1141 re
1062 1115 1143 1142 non
1173 1101 1227 1141 ad
1260 1103 1398 1141 Deum
1433 1098 1575 1140 relata

100 1155 288 1199 Paulum
319 1156 575 1207 contendat,
617 1163 691 1198 aut
719 1172 814 1198 eum
846 1158 1054 1199 libertate
1085 1158 1281 1200 homines
1310 1170 1506 1206 ornasse,
1545 1169 1571 1196 a

101 1214 202 1256 Deo
229 1217 313 1256 vim
341 1215 695 1269 voluntatemque
723 1214 857 1255 nullis
898 1214 1071 1266 legibus
1099 1216 1373 1255 terminatam
1404 1211 1574 1268 abjudi-

100 1285 226 1313 casse
262 1271 508 1328 perhibeat.
569 1270 627 1312 H.
667 1271 839 1326 quidem
879 1271 910 1313 l.
952 1273 1044 1327 Ap.
1081 1270 1134 1311 de
1182 1272 1268 1313 Dei
1314 1270 1573 1311 efficacitate

101 1327 314 1385 disputat.
375 1327 524 1383 Quare
556 1327 631 1368 ilia
662 1328 969 1384 interpretatio
1010 1327 1183 1369 admitti
1213 1329 1386 1384 nequit,
1441 1339 1572 1381 quum

100 1386 360 1442 praesertim
394 1400 432 1426 v.
465 1380 540 1433 οὓς
569 1383 768 1438 προέγνω
799 1384 1018 1426 notionem
1044 1384 1190 1426 verbis
1220 1383 1328 1425 καιὰ
1350 1379 1574 1438 πρόθεσιν

102 1456 142 1484 v.
167 1442 237 1485 28.
265 1441 502 1500 subjectarit
523 1441 746 1481 continere
767 1442 1045 1482 manifestum
1070 1441 1129 1482 sit
1152 1445 1210 1493 (v.
1234 1443 1404 1498 supra).
1455 1439 1573 1480 Tum

103 1499 197 1541 Jac.
227 1498 477 1553 Guppellus,
530 1497 806 1549 'seo-retinns,
856 1498 953 1540 Chr.
996 1499 1069 1540 Fr.
1110 1498 1300 1540 Sclzmid.
1339 1498 1398 1540 al.
1432 1495 1573 1551 expli-

101 1562 286 1597 cuerunt
305 1569 406 1596 nam
425 1569 524 1609 qnos
546 1558 674 1595 antea
695 1554 850 1596 dilea‘e‘t
872 1555 1033 1607 (Gret.,
1066 1560 1112 1595 ut
1134 1554 1411 1603 sententiam,
1443 1566 1572 1609 quam

101 1611 410 1668 interpretatio
445 1625 467 1651 a
502 1611 626 1651 nobis
658 1610 782 1652 modo
815 1610 1045 1667 repudiata
1076 1611 1241 1661 fundit,
1289 1611 1574 1667 indipiscere-

101 1673 176 1710 tur
196 1674 238 1710 ut
258 1666 350 1722 filio
370 1681 443 1709 suo
461 1668 677 1709 credentes
698 1666 882 1723 adjecit:
921 1682 1063 1723 „quos
1083 1668 1195 1709 enim
1219 1673 1263 1709 ut
1278 1667 1369 1721 Ῐῖίὶο
1390 1680 1464 1708 suo
1483 1679 1573 1707 cre-

101 1726 247 1767 dentes
281 1724 531 1779 approbacit
556 1724 647 1780 jam
679 1725 844 1775 ante'’).
920 1723 1033 1766 Usui
1062 1724 1271 1780 loquendi
1301 1725 1404 1764 haec
1436 1721 1571 1763 inter-

117 1782 292 1822 )retatio
319 1787 610 1821 consentanea
645 1787 727 1824 est.
799 1780 912 1822 Nam
943 1782 1000 1821 ita
1034 1795 1341 1837 nonuunquam
1374 1780 1498 1822 Deus
1527 1777 1573 1818 in

100 1795 164 1880 Rs.
184 1837 241 1878 T.
264 1837 436 1892 aliquos
460 1838 655 1877 homiues
677 1837 837 1878 novisse
858 1839 975 1894 (2⁰72)
1000 1837 1187 1890 divitur,
1219 1847 1260 1878 ut
1287 1851 1436 1877 eorum
1459 1834 1574 1875 noti-

101 1894 186 1945 tia,
219 1908 345 1948 quam
368 1894 490 1933 Deus
511 1894 736 1944 habuerit,
772 1908 850 1949 pro
881 1894 1171 1936 emolumento
1195 1909 1288 1935 cum
1311 1894 1386 1934 iim
1417 1889 1576 1933 notitia

100 1949 328 2006 conjuncto
356 1949 396 1989 b.
423 1964 462 1990 e.
494 1963 571 2004 pro
601 1949 749 1991 favore
771 1956 1153 2002 commemoretur,
1184 1965 1268 2006 quo
1291 1951 1414 1991 Deus
1447 1953 1574 1988 notos

101 2007 325 2062 amplexus
347 2005 481 2046 suerit
503 2005 722 2055 Ex0d.33,
747 2007 813 2048 12.
830 2007 896 2048 17.
920 2008 1078 2050 Amos.
1098 2008 1138 2058 3,
1156 2009 1196 2048 2.
1222 2008 1381 2049 Genes.
1407 2005 1472 2054 18,
1489 2004 1573 2046 19..

100 2064 277 2118 Quippe
308 2062 502 2103 homines
534 2062 702 2101 nobiles
730 2076 779 2101 ac
801 2066 1000 2118 potentes
1021 2076 1096 2103 eos
1120 2064 1288 2115 fovent,
1329 2063 1402 2118 qui
1426 2060 1511 2101 sibi
1530 2061 1574 2100 in

101 2122 300 2161 notitiam
345 2119 642 2174 pervenerint,
690 2126 859 2158 eeteros
905 2120 1155 2172 negligunt,
1208 2126 1251 2160 ut
1286 2118 1473 2173 principi
1506 2117 1572 2158 in-

101 2177 287 2218 notuisse
323 2176 423 2232 poni
469 2175 605 2231 possit
648 2190 725 2230 pro
768 2175 807 2214 e'n
840 2176 1049 2228 principis
1085 2175 1274 2231 savorem
1315 2174 1572 2229 percem'sse.

99 2233 220 2274 Haec
247 2246 318 2272 res
359 2232 399 2271 iu
425 2231 480 2273 V.
501 2231 559 2273 T.
594 2232 633 2271 in
658 2232 798 2272 Deum
821 2232 1034 2272 translata
1061 2237 1143 2275 est.
1205 2232 1342 2272 Etiam
1366 2232 1406 2271 iu
1434 2228 1491 2272 N.
1511 2229 1571 2272 Τ.

99 2289 299 2345 loquutio
332 2289 424 2329 Deo
455 2288 684 2328 innotuis-³12
707 2287 844 2328 dixini
865 2288 1052 2338 favoris,
1091 2289 1133 2329 in
1155 2303 1278 2343 quem
1303 2288 1498 2338 veneris,
1527 2289 1572 2326 et

100 2346 355 2395 clientelae,
405 2345 446 2384 in
480 2358 606 2399 qnam
642 2344 762 2385 Deus
793 2350 834 2384 te
866 2346 1104 2401 recepe-rit,
1146 2344 1569 2397 adsigniticutionem

99 2402 292 2443 continet
325 2403 346 2442 l
378 2400 479 2443 Cor.
509 2403 550 2449 8,
580 2401 622 2442 3.
669 2402 768 2442 Gai.
804 2400 846 2451 4,
878 2404 920 2443 9.
964 2405 991 2441 ἑ.)-
1012 2401 1129 2443 Tim.
1150 2406 1191 2452 ⁴..',
1229 2405 1309 2443 19..
1380 2400 1572 2442 Possunt

50 2511 54 2514 .
101 2459 238 2512 igitur
276 2472 314 2500 v.
345 2451 419 2506 οὓς
441 2456 639 2511 nvnc-'ymo
673 2457 817 2498 valere
838 2457 985 2512 quibus
1009 2464 1137 2500 antea
1170 2463 1290 2511 (ante
1311 2458 1455 2499 mundi
1479 2456 1570 2514 pri-

101 2514 288 2566 mordia)
310 2513 420 2569 favit
454 2513 579 2555 Rom.
601 2514 738 2564 11,2..
797 2514 884 2568 Qui
909 2514 1020 2554 hunc
1040 2529 1162 2555 usum
1187 2529 1323 2571 nuper
1342 2519 1570 2567 negarunt,

100 2572 158 2612 iis
188 2570 272 2613 duo
301 2569 442 2611 fraudi
475 2570 668 2612 suerunt.
736 2568 850 2610 ,Nam
882 2585 1011 2625 quum
1043 2572 1202 2612 multos
1229 2571 1395 2612 adeum
1423 2571 1568 2611 alieno

100 2633 295 2685 tempore
327 2626 506 2679 (Matth.
526 2627 567 2676 7,
587 2626 659 2668 23.
695 2625 818 2668 Rom.
840 2627 882 2678 7,
906 2627 970 2668 15.
1008 2629 1029 2668 l
1050 2626 1150 2670 Joh.
1173 2630 1215 2679 2,
1234 2629 1276 2671 3.
1297 2629 1375 2680 al.)
1416 2641 1570 2683 Provo-

100 2699 200 2725 care
232 2683 470 2733 vidissent,
507 2689 596 2723 tota
632 2682 687 2725 iis
720 2698 792 2724 res
819 2689 1023 2739 suspecta
1055 2685 1146 2725 visa
1178 2690 1260 2728 est.
1330 2684 1570 2726 Praeterea

99 2739 391 2782 confuderunt
426 2740 640 2780 formulae
674 2739 964 2793 significatum
1004 2755 1097 2781 cum
1130 2756 1278 2783 seusu.
1346 2741 1461 2783 Sane
1493 2740 1570 2780 illa

100 2810 318 2851 nunquam
352 2810 434 2836 nou
470 2810 588 2837 nosse
607 2794 789 2850 aliquem
823 2797 1068 2849 siguificat,
1105 2797 1182 2838 sed
1206 2798 1345 2839 Deum
1363 2797 1570 2838 hominem

103 2866 222 2895 nosse
259 2852 303 2894 in
337 2853 568 2910 perspicuo
597 2853 912 2896 sententiarum
946 2868 1055 2896 nexu
1088 2868 1166 2911 pro
1191 2855 1330 2897 Deum
1354 2851 1569 2908 ulie-uisa-
