1715 3115
561 147 652 192 CA
671 146 721 193 P.
755 146 853 193 xl.
895 146 989 191 Vs.
1018 146 1082 193 7..
1468 148 1556 192 ⁴49

70 255 361 316 acquirendae
385 255 656 309 integritatis
675 254 879 310 vitaeque
898 253 1193 311 sempiternae
1215 253 1434 307 studium,
1464 269 1550 312 quo

59 314 307 357 lan-uetitas
337 313 504 355 incensi
536 317 707 364 essent,
751 313 1059 353 inhonoratum
1091 311 1277 364 fuisset,
1331 311 1384 358 P.
1416 313 1550 354 inira-

70 371 245 414 nundus
268 371 560 424 interrogaret
582 372 679 424 (cur
702 369 840 423 igitur
867 382 995 423 quam
1026 382 1116 409 rem
1146 368 1344 410 studiose
1370 367 1550 411 israeli-

72 436 145 470 tae
165 428 423 485 persequuti
446 433 571 478 sunt,
602 441 696 468 eam
719 440 799 466 nou
819 425 1049 479 assequnti
1075 430 1175 466 sunt
1189 420 1254 477 ἲ),
1292 425 1451 468 deinde
1482 440 1551 468 re-

73 484 335 542 sponderet,
365 491 411 525 at
436 484 670 525 nonnullos
700 489 844 524 tamen
869 479 1105 522 israelitas
1131 481 1427 524 desideratam
1457 497 1549 524 rem

75 541 260 598 adeptos
291 555 414 592 esse,
452 554 628 582 causam
659 542 829 589 autem,
867 551 945 578 cur
977 538 1104 579 mnlti
1137 543 1236 580 voto
1269 539 1554 593 excidissent,

76 599 186 640 hane
210 612 328 650 esse,
359 597 474 653 quod
496 612 578 639 non
600 601 718 638 recte
741 594 793 635 ad
826 595 1123 648 integritatem
1156 596 1378 652 vitamque
1408 602 1553 639 aeter·

77 669 175 696 nam
202 656 554 705 contendissent,
602 653 677 695 sed
708 653 1022 694 contumaciam
1052 665 1203 693 eorum
1233 654 1392 695 animis
1426 653 1553 696 Deus

79 712 313 754 insevisset
335 717 398 765 (at
420 711 578 752 delecti
601 711 756 751 saitem
782 707 1015 750 israelitae
1037 711 1299 764 consequuti
1321 717 1447 764 sunt,
1482 726 1555 752 ce-

74 769 162 811 teri
182 775 325 810 autem
347 772 449 824 [uon
473 775 589 808 recte
609 765 953 816 contenderunt,
991 765 1089 820 sed]
1108 771 1384 809 contumaces
1414 783 1436 809 a
1457 768 1557 810 Deo

77 825 241 868 redditi
264 828 403 879 sunt).
462 824 576 866 Nam
597 822 636 866 I.
656 823 761 864 talis
781 822 999 864 dubitatio
1020 838 1098 865 cur
1116 824 1290 865 tandem
1310 825 1432 867 Deus
1449 839 1556 879 ope-

78 896 176 926 ram
205 881 259 924 ab
283 880 496 923 Israelitis
523 881 567 922 in
594 880 802 935 potiundi?
833 879 1084 933 inteyritale
1110 880 1294 933 positam
1326 882 1442 924 nullo
1473 883 1554 923 ho·-

78 953 181 981 ποι-ε
200 933 379 995 affecit?
409 952 460 979 eo
479 938 574 979 loco
598 936 722 979 nasci
741 951 824 978 non
844 936 1013 992 potuit,
1045 950 1130 992 quo
1150 942 1194 978 et
1212 951 1388 994 operam
1415 939 1457 980 in
1491 939 1558 980 in-

81 995 305 1051 tegritatis
326 995 602 1052 adeptionem
623 994 822 1036 conferre
843 993 926 1034 tide
947 992 1126 1036 Christo
1144 993 1350 1052 adjuncta}
1372 995 1559 1038 Israeli·-

84 1057 156 1096 tas
174 1066 201 1094 a
223 1052 315 1093 Deo
333 1052 514 1093 delectos
532 1057 577 1092 et
594 1057 777 1108 propter
795 1055 1066 1092 consumtum
1088 1064 1264 1106 operam
1286 1054 1467 1094 aeterna
1496 1053 1560 1094 fe-

85 1109 255 1151 licitate
275 1122 298 1149 a
320 1107 416 1149 Deo
441 1108 620 1161 donari,
649 1106 885 1150 Israelitas
906 1107 951 1148 in
968 1107 1134 1150 delectu
1151 1110 1412 1160 praeteritos
1430 1110 1560 1151 nul-

85 1166 193 1209 lam
223 1166 398 1207 omnino
427 1165 496 1206 ilii
525 1165 590 1206 rei
616 1179 794 1222 operam
823 1164 1044 1216 tribuere,
1090 1165 1167 1206 sed
1197 1165 1324 1207 fidem
1356 1179 1566 1208 recusare

86 1224 182 1279 Ap.
204 1221 443 1263 indicasset
470 1227 532 1275 (v.
551 1222 600 1265 4.
626 1228 671 1264 et
699 1222 780 1276 5.).
848 1220 964 1263 Nam
996 1226 1089 1263 toto
1121 1221 1163 1265 h.
1192 1222 1223 1265 1.
1254 1221 1563 1265 israelitarum

87 1280 297 1336 pietatem
320 1285 364 1321 et
384 1279 650 1336 impietatem
675 1293 759 1320 non
781 1277 837 1319 ab
858 1279 1053 1336 ipsorum
1076 1279 1185 1320 bona
1216 1281 1383 1322 malave
1411 1281 1565 1323 volun·

88 1343 206 1390 tate,
235 1343 284 1378 ut
303 1335 660 1388 9,30.—10‚2l.
680 1337 774 1392 Ap.
808 1335 1013 1392 repetiit,
1054 1334 1131 1378 sed
1162 1350 1184 1377 a
1215 1337 1340 1379 fatali
1373 1339 1567 1379 necessi-

89 1398 182 1436 tate
205 1408 227 1434 a
252 1394 349 1435 Deo
371 1393 428 1434 iis
452 1393 684 1450 imposita,
726 1397 776 1433 ut
802 1393 898 1444 9,6.
928 1406 1044 1448 sqq..
1110 1392 1285 1435 Deinde
1316 1393 1381 1438 ΙΙ.
1412 1394 1471 1438 V.
1504 1395 1567 1440 D.

92 1449 316 1505 ἐπιζητεῖν
335 1465 400 1493 τι,
433 1448 550 1505 quod
572 1449 692 1491 valde
711 1449 955 1491 desiderare
974 1454 1096 1491 notat
1115 1448 1257 1505 (Phil.
1278 1451 1323 1503 4,
1336 1453 1405 1496 17.
1425 1451 1567 1496 Hebr.

94 1508 248 1560 11‚14.
272 1508 340 1558 13,
355 1507 423 1550 14.
445 1521 484 1550 v·
506 1511 596 1549 not.
622 1505 676 1547 ad
696 1505 855 1549 Matth.
876 1519 920 1561 p.
940 1506 1087 1560 443.),
1108 1521 1203 1547 cum
1225 1506 1400 1549 διώκειν
1417 1523 1461 1550 τι
1480 1509 1570 1563 [rei

94 1564 290 1620 studere)
307 1566 349 1614 9,
361 1564 432 1608 30.
453 1563 666 1606 confudit.
725 1562 841 1604 Tum
866 1562 958 1606 ΙΙΙ.
984 1568 1030 1605 at
1053 1564 1209 1605 saltem
1233 1561 1347 1605 ἀλλά
1373 1580 1421 1618 γε
1452 1568 1573 1608 valet

99 1622 125 1662 1
148 1619 252 1664 Cor.
276 1622 399 1674 9‚2.,
440 1634 524 1662 non
555 1618 616 1662 δέ.
687 1617 918 1662 Postremo
946 1618 1032 1663 IV.
1065 1620 1170 1661 haee
1197 1623 1417 1663 sententia
1449 1623 1571 1665 nulia

96 1683 189 1721 est:
215 1678 371 1721 idcirco
394 1677 539 1719 Deum
565 1674 758 1719 studium
786 1677 841 1717 ab
863 1677 1090 1719 Israelitis
1111 1677 1155 1719 in
1175 1677 1449 1730 integritatis
1469 1680 1573 1721 ade-

95 1735 247 1792 ptione
274 1735 533 1776 collocatum
564 1734 688 1776 nullo
721 1734 916 1792 praemio
938 1734 1155 1787 affecisse,
1179 1736 1288 1792 quod
1303 1749 1447 1777 eorum
1469 1739 1572 1779 uni·-

99 1791 183 1832 mis
204 1792 514 1833 contumaciam
532 1792 826 1833 inseminasset
849 1792 890 1833 h.
912 1805 949 1834 e.
972 1791 1081 1848 ‹litod
1100 1805 1178 1847 pro
1200 1792 1279 1833 susi
1300 1793 1575 1850 omnipoten-

100 1847 164 1888 tici
184 1847 492 1899 impedit-isset,
523 1849 744 1903 qrcominus
761 1848 990 1901 potiundae
1012 1848 1254 1902 ireteqritieti
1282 1863 1457 1901 operum
1484 1865 1572 1892 na·-

100 1908 251 1945 vurent
279 1906 322 1943 et
341 1901 521 1946 Christo
553 1903 678 1944 iidem
711 1903 965 1946 haberentl!
1026 1904 1247 1960 ἐπιζητεῖ]
1287 1906 1409 1948 valde
1441 1908 1574 1961 cupit.

99 1959 215 2002 Nam
237 1964 326 2000 tuin
348 1974 543 2016 quoque,
574 1974 705 2015 quum
731 1959 780 2002 P.
815 1961 922 2001 hanc
952 1961 1184 2016 epistolam
1215 1963 1453 2015 scriberet,
1493 1977 1577 2020 po-

101 2017 234 2076 puius
255 2016 525 2057 israeliticus
548 2016 844 2071 integritatem
857 2024 900 2058 et
913 2018 1171 2059 messianam
1186 2019 1438 2061 felicitatem
1452 2019 1578 2062 valde

104 2073 293 2131 appetiit
319 2075 442 2125 9‚30.
475 2075 571 2124 31„
619 2087 761 2130 neque
802 2075 938 2115 ullum
969 2080 1139 2131 tempus
1167 2075 1329 2128 fuerit,
1376 2091 1462 2132 quo
1492 2091 1579 2118 non

104 2144 262 2185 magno
283 2130 380 2187 ejus
405 2129 624 2171 desiderio
650 2130 876 2184 flagraret.
935 2131 1052 2173 Hinc
1073 2130 1382 2189 Imperfectum
1415 2131 1582 2189 ἐπεζή-

105 2202 197 2236 τει,
231 2186 348 2243 quod
368 2186 420 2229 F.
446 2188 501 2231 Gr.
522 2187 564 2230 5.
585 2187 655 2230 52.
685 2187 766 2232 Mt.
791 2187 842 2230 Ε.
869 2203 926 2232 m.
954 2187 1118 2244 ChryS.
1150 2187 1371 2242 Vlll,53.
1398 2204 1439 2234 a.
1460 2189 1583 2247 Syr„

107 2246 244 2296 Arr.,
274 2242 358 2296 lt.‚
389 2243 551 2297 Vulg„
584 2242 690 2287 Ruf.
710 2245 850 2287 etalii
872 2244 973 2288 Lat.
997 2245 1231 2302 praebent,
1260 2246 1429 2305 rejicio,
1449 2262 1582 2303 quum

107 2301 369 2358 praesertim
392 2301 609 2343 Aoristus
631 2299 897 2359 ἐπεζήτησεν
912 2304 1058 2360 aptior
1079 2303 1122 2346 h.
1152 2304 1185 2346 Ι.
1211 2303 1388 2348 fuisset.
1444 2302 1583 2346 voi»—

108 2371 205 2399 του
233 2354 312 2399 οὐκ
336 2356 564 2411 ἐπέτυχεν]
595 2356 717 2399 Haec
740 2366 942 2416 receptae
969 2360 1332 2402 conformationis
1361 2361 1447 2404 scri
1482 2365 1585 2402 tura

111 2413 318 2455 usitatam
339 2421 603 2456 structuram
624 2412 926 2470 ἐπιτυγχάνειν
941 2432 990 2458 τι
1004 2414 1060 2457 νό
1074 2430 1096 2464 ς
1123 2417 1318 2473 consequi
1335 2431 1424 2459 rem
1442 2422 1480 2473 (⁴
1498 2418 1583 2461 en.

107 2469 246 2514 Mem.
265 2472 360 2524 4,2‚
372 2472 443 2515 28.
467 2470 682 2513 Philostr.
707 2471 816 2515 Her.
844 2473 945 2516 743.
977 2475 1053 2516 fin.
1083 2473 1225 2515 Hebr.
1253 2475 1404 2528 ϋ,15.)
1431 2475 1586 2526 refert,

113 2527 246 2568 lectio
284 2530 451 2571 τοῦτο
484 2526 562 2569 οἰκ
595 2525 820 2580 ἐπέτυχεν,
870 2543 997 2585 quam
1028 2531 1089 2573 A.
1112 2529 1163 2573 C.
1196 2529 1256 2572 D.
1279 2530 1330 2573 E.
1351 2530 1403 2574 F.
1426 2532 1483 2575 G.
1514 2533 1585 2575 17.

114 2584 187 2627 37.
205 2582 276 2628 39.
292 2585 366 2629 47.
388 2585 459 2629 72.
482 2590 527 2626 et
550 2584 675 2626 multi
695 2586 773 2626 aiii
800 2587 1045 2638 continent,
1075 2587 1226 2643 paullo
1255 2587 1587 2630 insolentiorem

116 2637 416 2693 ἐπιτυγχάνειν
442 2657 499 2683 τι.
559 2641 664 2683 Eam
686 2640 831 2684 Miltia
861 2641 982 2685 Prol.
1014 2645 1052 2696 §.
1078 2644 1178 2687 986.
1209 2643 1398 2701 aliisque
1459 2644 1588 2686 roba·

118 2700 206 2736 tam
231 2697 552 2753 Griesbachius‚
590 2696 866 2741 Matthaeius
895 2699 962 2742 ed.
992 2700 1122 2752 mim,
1162 2700 1369 2754 Kmqtp„
1451 2701 1589 2745 achm.

117 2757 163 2795 et
192 2752 270 2794 alii
297 2753 340 2794 in
371 2744 599 2798 ssrborum
641 2754 838 2795 ordinem
876 2762 1154 2813 receperunt.
1221 2756 1376 2802 Recte.
1445 2756 1590 2812 Quum

116 2809 262 2854 Attici
280 2808 502 2865 τυγχάνειν
520 2827 562 2854 τι
583 2825 671 2853 rem
694 2813 887 2868 consequi
906 2813 1020 2855 haud
1046 2826 1146 2855 raro
1159 2811 1354 2857 dixerint
1366 2816 1426 2871 (v.
1439 2810 1587 2857 Herm.

161 2876 350 2912 Fritzsche
369 2878 436 2924 Ep.
457 2879 499 2914 ad
519 2880 624 2914 lioin.
654 2878 692 2914 P.
716 2878 759 2911 ΙΙ.
1135 2868 1202 2912 Ff
