1715 3115
94 176 182 219 ⁵⁴8
380 171 760 218 EPISTOLA
790 172 891 216 AD
923 170 1284 215 ROMANOS

98 280 304 323 dacorum
324 283 493 336 partem
513 277 570 320 ced
590 282 756 333 tempus
775 282 1070 320 contumacem
1089 276 1355 322 reddidisse.
1397 275 1568 336 Nempe

99 337 234 379 animi
255 336 594 377 obstinationem
612 335 751 376 Deum
767 334 950 378 Judaeis
969 334 1202 388 indidisse,
1229 341 1279 377 ut
1298 347 1448 377 eorum
1466 348 1571 377 con-

99 394 286 437 tumacia
308 394 578 434 ethnicorum
599 392 885 449 pervicaciam
911 397 1111 444 sanaret,
1143 392 1228 447 qua
1255 405 1440 448 prorsus
1467 391 1570 435 sub-

101 451 218 502 lata,
261 450 307 493 h.
326 464 366 493 e.
397 464 528 505 quum
557 463 828 505 paganorum
855 454 1028 492 caterva
1060 449 1114 489 ad
1145 448 1316 492 Christi
1344 463 1468 490 sacra
1500 449 1572 506 pie

102 506 380 558 transiisset,
416 520 514 547 eum
534 520 803 562 paganorum
825 505 1038 562 obsequio
1057 505 1326 549 Judaeorum
1348 509 1574 547 contuma-

103 564 214 606 ciam
254 569 511 604 sanaturum
548 576 649 604 esse
688 565 758 615 11,
780 565 821 606 1.
840 588 895 594 -
914 564 1004 606 32..
1079 562 1177 604 Hoc
1205 562 1239 608 l.
1271 559 1457 604 Paulum
1484 576 1573 604 non

103 619 232 663 modo
262 634 346 662 non
375 619 655 662 cohaerentia
685 620 802 662 inter
830 633 876 661 se
903 620 1099 673 dixisse,
1136 618 1212 661 sed
1235 618 1367 660 etiam
1387 619 1574 661 maxime

102 676 325 720 contraria
353 682 519 719 certum
546 681 630 720 est.
698 675 814 719 Nam
842 676 1030 719 secunda
1059 675 1278 718 sententia
1309 674 1478 732 primae
1506 688 1576 717 re-

105 739 295 793 pugnat,
336 735 468 776 tertia
497 734 678 791 primam
709 739 753 776 et
783 735 1015 777 secundam
1047 734 1187 779 tollit.
1252 731 1480 776 SiJudaei
1499 731 1577 774 be-

105 792 236 845 nigne
256 806 281 833 a
301 790 399 833 Deo
419 791 579 833 delecti
600 791 810 844 beantur,
845 793 1036 844 maligne
1057 791 1112 832 ab
1135 805 1185 832 eo
1207 789 1440 846 praeteriti
1462 802 1579 832 sem-

139 850 282 890 iterno
312 847 462 890 miseri
489 847 731 889 redduntur
758 849 800 901 9,
821 848 1045 900 l.-29.‚
1096 848 1165 888 his
1192 847 1375 888 exitium
1401 847 1577 903 peperit

104 863 196 947 ibet
218 905 495 959 malignitas,
531 918 618 946 non
646 905 841 961 ipsorum
871 904 1142 962 perversitas
1171 906 1214 956 9,
1231 904 1378 947 30.—-
1397 905 1466 956 10,
1486 904 1578 950 21..

105 961 222 1005 Nam
260 977 311 1003 ne
345 963 389 1002 in
423 961 596 1003 delectu
626 962 859 1019 praeteriti
886 977 977 1004 rem
1008 977 1031 1003 a
1063 961 1162 1003 Deo
1193 964 1397 1015 negatam
1423 973 1578 1002 conse-

105 1023 299 1075 quantur
333 1019 518 1060 libcrtas
556 1019 611 1060 iis
646 1018 875 1060 adimenda
907 1024 950 1060 et
979 1018 1148 1059 malitia
1176 1016 1478 1059 inseminanda
1507 1020 1578 1060 est

105 1079 169 1130 (9,
189 1077 302 1130 18.),
330 1076 537 1117 libertate
557 1079 701 1117 autem
722 1076 902 1132 spoliati
922 1077 994 1132 pie
1013 1076 1158 1118 vivere
1180 1078 1224 1116 et
1243 1074 1423 1118 Christo
1445 1072 1577 1116 fidem

107 1133 267 1175 habere
296 1137 533 1189 nequeunt.
605 1132 810 1174 Tertiam
841 1133 1104 1174 sententiam
1138 1145 1236 1172 cum
1272 1130 1465 1173 secunda
1496 1145 1580 1188 pu·

106 1204 243 1245 gnare
272 1204 358 1231 non
386 1189 531 1231 minus
558 1189 719 1233 elucet.
793 1188 846 1232 Si
872 1189 1237 1245 Deus-populum
1264 1187 1490 1246 judaicum
1519 1185 1580 1229 ad

107 1251 273 1288 certum
302 1251 475 1303 tempus
502 1251 800 1288 contumacem
836 1260 934 1288 esse
963 1245 1099 1302 jussit
1126 1247 1194 1297 ll,
1216 1245 1442 1297 1.-32.‚
1491 1257 1578 1287 non

105 1304 232 1361 prius
265 1303 444 1346 Christo
480 1303 663 1359 obsequi
695 1304 866 1359 potuit,
913 1294 1043 1358 quam
1074 1316 1209 1359 quum
1238 1300 1336 1343 dies
1367 1301 1580 1353 venisset,

107 1374 193 1417 quo
224 1374 320 1402 eum
354 1361 481 1401 Deus
509 1360 783 1401 contumacia
812 1360 1065 1403 liberasset.
1124 1358 1226 1401 Non
1254 1358 1392 1413 igitur
1418 1357 1580 1402 Judaei

108 1431 194 1473 quo
218 1422 415 1474 tempore
439 1417 668 1470 gentilium
689 1422 862 1458 caterva
883 1416 938 1458 ad
959 1415 1131 1459 Christi
1152 1429 1275 1456 sacra
1298 1413 1485 1456 nondum
1506 1427 1580 1456 ac-

105 1474 316 1516 cessisset
345 1488 396 1515 eo
426 1474 597 1529 culpam
626 1478 966 1525 contraxerunt,
1006 1472 1121 1528 quod
1143 1471 1323 1515 Christo
1347 1471 1476 1514 fidem
1495 1469 1579 1513 'de-

107 1535 325 1583 negarunt
349 1533 411 1586 (V.
431 1532 473 1582 9,
490 1532 628 1573 30.—
642 1532 710 1581 10,
729 1531 800 1574 21.
830 1531 886 1572 cl.
909 1532 978 1580 11,
995 1531 1068 1574 25.
1087 1530 1198 1582 26.).
1256 1527 1414 1583 Neque
1436 1526 1581 1582 magis

106 1601 203 1629 cum
225 1587 365 1644 prima
389 1587 604 1628 sententia
626 1587 756 1628 tertia
776 1585 1027 1627 concordat.
1093 1584 1375 1626 immutabile
1395 1583 1510 1625 enim
1533 1586 1579 1624 et

110 1649 334 1685 aeternum
355 1644 442 1685 Dei
463 1641 516 1684 de
536 1643 744 1684 beatitate
767 1657 850 1684 non
871 1642 958 1684 nisi
979 1641 1160 1682 delectis
1184 1639 1408 1681 Israelitis
1433 1638 1578 1681 danda

109 1700 331 1742 decretum
353 1714 450 1741 esse
474 1697 525 1742 P.
544 1698 656 1740 dixit
676 1700 718 1750 9,
733 1700 775 1741 6.
797 1713 865 1754 sq.
896 1698 952 1739 cf.
976 1713 1015 1740 v.
1035 1698 1103 1751 3.,
1131 1702 1282 1738 contra
1304 1710 1453 1737 omnes
1473 1709 1579 1753 pro·

109 1757 273 1799 miscue
295 1755 530 1798 Israelitas
555 1757 864 1811 sempiternam
886 1754 1142 1796 felicitatem
1166 1752 1402 1808 aliquando
1427 1766 1580 1794 conse·-

111 1820 328 1870 quuturos
356 1827 453 1854 esse
483 1814 552 1864 ll,
572 1815 639 1854 ll.
658 1812 878 1854 ’Λᾶ-32.
907 1810 1158 1853 affirmavit.
1228 1809 1476 1850 Reformati
1503 1809 1579 1862 iis,

112 1885 223 1926 quae
252 1868 306 1915 P.
332 1872 375 1921 9,
391 1870 608 1920 30.--11,
627 1869 701 1912 32.
729 1868 997 1923 disputavit,
1037 1867 1108 1909 vel
1139 1866 1353 1920 neglectis
1379 1865 1451 1907 rel
1476 1879 1579 1922 per-

111 1940 237 1969 verse
260 1926 517 1984 explicatiS,
554 1939 608 1967 ex
636 1925 678 1975 8,
697 1926 767 1968 29.
787 1926 856 1966 30.
877 1928 921 1965 et
940 1925 981 1974 9,
1003 1923 1188 1966 1.—23.
1215 1923 1296 1964 hoc
1326 1922 1479 1976 dogma
1509 1935 1580 1964 re-

112 1985 359 2040 petierunt:
395 1983 538 2024 Deum
571 1982 766 2023 homines
790 1995 872 2038 pro
900 1980 1084 2021 arbitrio
1104 1978 1321 2031 delectos,
1350 1979 1393 2019 in
1418 1978 1579 2034 quibus

112 2040 321 2082 ornandis
345 2054 448 2080 suae
470 2039 759 2091 benignitatis
777 2038 1044 2094 opulentiam
1068 2036 1342 2088 manifestet,
1371 2039 1414 2076 et
1434 2049 1579 2076 emen-

111 2096 218 2139 dare
247 2102 292 2138 et
321 2096 475 2147 beare,
513 2102 709 2147 ceteros,
750 2095 794 2135 in
826 2094 984 2150 quibus
1006 2092 1210 2149 justitiae
1231 2106 1336 2134 suae
1358 2091 1579 2133 acerbita-

114 2158 200 2195 tem
231 2153 523 2204 demonstret,
571 2152 612 2193 in
641 2151 934 2207 turpitudinis
963 2149 1171 2191 sordibus
1200 2149 1491 2203 rellinquere,
1529 2150 1579 2189 ut

114 2211 379 2266 sempiterno
402 2209 551 2249 miseri
575 2208 813 2249 reddantur
832 2207 968 2262 (conf.
983 2206 1102 2249 Gall.
1124 2210 1209 2246 art.
1226 2207 1294 2247 ll.
1325 2205 1438 2247 conf.
1452 2203 1577 2255 Belg.

115 2273 198 2310 art.
218 2269 320 2316 16.).
365 2266 432 2307 At
448 2266 532 2306 Dei
553 2265 777 2306 sanctitati
797 2264 1104 2318 hominumque
1123 2261 1322 2303 libertati
1341 2265 1431 2302 tota
1446 2259 1578 2304 Ν.Τ.

113 2323 346 2379 disciplina
377 2322 597 2366 innititur.
662 2321 902 2362 Lutleeram'
923 2320 978 2361 iis
999 2319 1234 2372 neglectis,
1275 2331 1384 2373 quae
1404 2315 1458 2361 Ρ.
1480 2329 1517 2359 c.
1535 2316 1580 2368 9,

115 2380 304 2422 1.-20.
328 2378 462 2430 dixit,
501 2393 550 2418 ex
573 2393 609 2421 c.
633 2379 698 2419 10.
723 2381 765 2417 et
787 2379 855 2418 11.
877 2377 955 2417 hoc
977 2375 1130 2429 dogma
1152 2374 1392 2416 duxerunt:
1425 2385 1577 2415 omnes

115 2437 312 2477 homines
333 2441 375 2476 et
394 2435 448 2474 ad
472 2436 658 2476 salutem
681 2449 703 2474 a
723 2433 821 2474 Deo
840 2433 1028 2483 benigne
1048 2431 1227 2474 invitari
1248 2436 1291 2472 et
1315 2444 1444 2487 posse
1467 2442 1579 2482 eam,

117 2493 319 2548 quoniam
343 2492 383 2531 in
414 2491 619 2532 libertate
650 2491 761 2541 sint,
800 2504 879 2546 per
907 2488 1033 2529 fidem
1060 2487 1295 2542 consequi:
1333 2484 1579 2542 praedesti-

117 2550 334 2590 nationem
357 2554 498 2588 autem
520 2562 595 2588 seu
616 2553 837 2587 aeternam
855 2545 943 2586 Dei
963 2546 1218 2586 electionem
1238 2548 1406 2584 tantum
1427 2540 1480 2582 ad
1501 2541 1579 2582 ho-

118 2619 197 2646 nos
230 2615 274 2645 et
300 2604 482 2644 dilectos
514 2604 630 2645 filios
658 2603 747 2644 Dei
781 2602 1001 2658 pertinere
1038 2614 1218 2656 eamque
1254 2599 1298 2640 in
1333 2600 1413 2639 hoc
1442 2597 1580 2650 cerni,

118 2660 232 2717 quod
254 2661 376 2702 Deus
399 2675 544 2701 eorum
565 2660 788 2715 pietatem,
819 2659 893 2714 qui
912 2658 1117 2700 libertate
1136 2657 1213 2698 sua
1234 2655 1341 2696 bene
1361 2653 1430 2695 usi
1450 2653 1580 2696 Chri-

119 2724 187 2760 sto
216 2716 635 2773 obtemperaverint,
675 2715 883 2773 adjuvare
913 2715 1197 2769 hominesque
1230 2711 1306 2767 qui
1334 2710 1378 2752 in
1398 2710 1580 2766 pietatis

120 2773 267 2816 studio
297 2772 674 2830 perseveraverint
702 2771 969 2827 sempiterno
999 2771 1128 2812 beare
1160 2781 1304 2810 secum
1335 2765 1581 2811 decreverit

120 2830 292 2886 (Form.
313 2829 449 2874 Cone.
467 2844 512 2887 p.
531 2829 632 2871 617.
651 2842 747 2884 sqq.
775 2834 820 2870 et
843 2827 947 2874 808.
972 2830 1081 2884 sq.).
1147 2824 1213 2868 Ut
1240 2823 1316 2882 pia
1344 2824 1453 2868 haec
1479 2836 1579 2867 sen·
