1715 3115
121 231 207 273 214
402 221 775 268 EPlSTOLA
816 222 916 265 AD
954 221 1311 268 ROMANOS

130 349 223 377 nem
254 333 442 391 pertinet
473 326 541 382 (ὃς
572 328 669 371 scil.
699 323 722 367 ὅ
753 327 950 383 ἐγερθεὶς
978 326 1210 384 Χριστός).
1270 327 1451 370 Scilicet
1474 332 1590 369 recte

135 392 183 435 P,
205 406 242 432 v.
263 391 333 432 554.
354 386 629 444 scripsisset:
669 383 866 439 Χριστὸς
895 381 1115 430 ἀπέθανε,
1145 384 1313 437 μᾶλλον
1338 384 1386 426 δὲ
1408 380 1589 439 ἠγέρθη,

129 445 180 494 ’ὃς
208 448 324 489 ἔστιν
354 444 385 486 ἕ.
416 445 453 484 ὁ.
484 447 530 483 ἑ).
562 441 666 483 κτλ..
739 441 852 482 Bene
883 440 1017 493 igitur
1045 441 1173 481 etiam
1205 446 1498 496 comparatum
1522 445 1592 481 est

133 492 246 561 quod
269 501 426 558 posuit,
456 512 586 554 quum
607 497 660 537 ab
683 496 758 538 illo
781 511 863 537 nou
887 497 970 537 nisi
990 497 1204 549 gravitate
1226 496 1414 539 differat.
1473 496 1591 538 Tum

133 568 223 601 tota
265 558 348 599 loci
381 554 664 611 compositio,
703 559 893 594 nostram
923 552 1252 609 explicationem
1285 567 1451 605 veram,
1500 545 1596 593 Arc-⁴

131 616 288 672 yuste'm'
327 611 714 668 interpunctionem
750 609 904 650 falsam
943 623 1040 649 esse
1077 608 1217 651 docet.
1297 608 1593 665 Unaquaeque

135 673 246 714 euim
309 667 548 710 ercontatio
583 665 852 719 negationem
881 664 1107 706 continens
1139 665 1342 707 continuo
1365 664 1594 718 confirma-

135 733 222 771 tur.
309 732 349 766 ta
381 738 490 780 quae
522 737 558 764 v.
586 722 657 764 31.
678 723 840 777 legitur
861 735 923 763 vs.
949 722 1019 762 32.
1053 721 1246 761 munitur
1266 726 1310 762 et
1333 734 1442 778 quae
1463 735 1501 762 v·
1520 720 1595 766 35.

137 783 381 826 continetur
399 793 525 821 versu
546 777 615 820 37.
636 778 958 820 corroboratur.
1017 776 1134 818 Hinc
1153 791 1192 819 v.
1218 775 1285 826 τίς
1303 775 1389 831 eyn.
1410 792 1448 818 κ.
1469 772 1506 818 ἐ.
1523 778 1596 829 3„-

137 839 282 881 verbis
317 835 430 885 Θεὸς
464 831 485 876 ὃ
517 835 708 875 δικαιῶν.
741 841 781 874 et
811 848 925 875 voce.
954 831 1022 880 τίς
1056 831 1078 873 ὁ
1110 830 1401 888 κατακρίνωνς
1451 832 1598 875 verbis

137 893 335 951 Χριστὸς
365 888 386 934 ὃ
418 888 661 933 ἀποθανὼν
689 915 742 921 -
770 883 881 944 ὑπὲρ
923 886 1055 944 ἡμῶν.
1092 889 1238 930 fulciri
1275 888 1486 930 credibile
1514 895 1599 932 est.

139 951 341 1005 Denique
371 962 421 990 ex
449 961 523 998 eo,
563 944 677 1002 quod
701 960 738 987 v.
759 946 828 988 32.
857 943 1114 986 antecedens
1136 945 1351 987 sententia
1371 960 1450 1000 per
1469 945 1600 988 inter-

136 1007 395 1062 roycttionem
424 1003 639 1054 munitur,
679 1003 806 1044 verba
839 1016 876 1045 v.
895 1002 967 1043 33.
989 1006 1031 1042 et
1050 1002 1123 1043 34.
1138 1033 1149 1054 ,
1187 1002 1240 1042 de
1263 1002 1420 1057 quibus
1440 1001 1495 1042 lis
1517 1006 1600 1052 est,

138 1062 509 1120 percontationem
545 1059 772 1114 complecti
810 1072 889 1099 nou
933 1058 1147 1112 sequitur.
1217 1057 1341 1100 Licet
1370 1057 1482 1099 enim
1518 1058 1602 1099 tibi

141 1134 230 1162 rem
269 1117 524 1158 confirmare
553 1121 642 1156 tum
672 1115 964 1169 interrogando
1002 1119 1087 1154 tum
1122 1112 1399 1169 affirmanda
1461 1113 1601 1156 Multo

141 1177 284 1217 minus
313 1188 382 1214 res
411 1186 432 1212 e
463 1186 526 1213 vs.
553 1171 647 1222 35.,
686 1170 758 1211 ubi
790 1170 1270 1225 perinterrogationem
1299 1171 1605 1223 respondeatur

141 1230 359 1285 (Meyer),
406 1227 648 1269 conficitur.
714 1225 870 1281 Neque
898 1226 1010 1268 enim
1041 1240 1079 1268 v.
1107 1227 1176 1269 35.
1206 1227 1259 1267 ad
1292 1227 1605 1281 interrogatum

141 1285 451 1342 respondetur,
492 1282 568 1324 sed
589 1282 732 1325 verbis
753 1279 940 1337 θλίψις,
982 1282 1006 1338 ἢ
1031 1280 1294 1337 στενοχωρία
1312 1307 1367 1313 —-
1398 1282 1422 1338 ἢ
1441 1281 1607 1335 μάχαι-

143 1358 224 1398 ρας
255 1340 516 1399 praecedens
540 1341 826 1391 interrogatio
850 1338 1134 1381 continuatur.
1195 1338 1484 1395 Responsum,
1514 1339 1607 1380 sive

142 1399 290 1456 potius
313 1397 535 1446 negativae
558 1396 823 1446 sententiae,
855 1408 965 1450 quae
993 1395 1393 1451 percontationibus
1414 1395 1609 1436 contine-

143 1462 240 1506 tur,
269 1452 538 1496 confirmatio
566 1453 708 1493 versui
730 1453 799 1493 37.
836 1451 967 1493 inest.
1031 1449 1264 1506 Perperam
1287 1451 1404 1506 Θήρ.
1435 1451 1489 1492 ad
1510 1452 1553 1494 h.
1576 1451 1609 1494 l.

146 1517 189 1552 ct
232 1510 323 1552 Sel.
353 1510 393 1550 in
431 1508 505 1550 Ps.
537 1506 740 1559 11,724.,
778 1507 945 1559 Chrys„
986 1506 1181 1558 Erasm.,
1224 1508 1393 1550 Tur-ret.
1421 1508 1462 1548 al
1493 1521 1608 1549 voce.

152 1567 265 1616 Θεὸς
305 1562 327 1607 ὁ
369 1566 549 1606 δικαιῶν
584 1565 702 1617 (scil.
735 1561 870 1612 ἐστι),
912 1559 979 1611 τίς
1008 1561 1030 1602 ὁ
1064 1563 1353 1616 κατακρίνων;
1392 1565 1611 1620 copulant,

148 1637 229 1663 non
253 1622 364 1678 quod
387 1621 448 1661 sic
474 1619 758 1673 interrogatio
781 1617 847 1666 τίς
866 1614 1092 1672 ἐγκαλέσει
1112 1634 1149 1658 κ.
1171 1616 1204 1660 ε’.
1223 1622 1297 1668 θη·
1328 1620 1490 1661 nullam
1508 1619 1610 1661 sub-

143 1678 301 1736 jectam
333 1677 487 1717 habeat
514 1676 820 1729 responsionem
847 1674 1036 1727 (Rem),
1068 1673 1142 1714 sed
1166 1675 1266 1730 qnia
1288 1676 1424 1717 totius
1445 1676 1477 1718 l.
1499 1676 1612 1717 ratio

150 1735 290 1783 docet,
313 1728 610 1780 vex-bisoeogo
626 1731 818 1772 δικαιῶν.
840 1730 1477 1786 percontationemnegativam,
1503 1746 1613 1788 quae

149 1786 590 1848 proximepraecedit‚
612 1786 776 1828 firmari
791 1790 844 1839 (v.
858 1786 1029 1842 supra),
1047 1791 1089 1826 et
1101 1787 1199 1842 quia
1216 1788 1500 1830 membrorum
1514 1803 1613 1829 con-

151 1847 337 1888 cinnitas
360 1859 399 1886 v.
411 1846 480 1885 33.
495 1851 536 1884 et
547 1844 617 1885 34.
631 1842 913 1899 perturbatur
928 1856 1065 1897 neque
1083 1857 1120 1884 v.
1135 1838 1363 1898 Χριστὸςὸ
1377 1839 1617 1885 ἀποθανών

152 1910 235 1945 etc.
250 1902 501 1956 habentque
515 1902 775 1955 referantur.
804 1896 944 1938 Nemo
956 1898 1067 1938 enim
1083 1913 1161 1940 non
1179 1906 1273 1954 post
1285 1895 1396 1954 ὑπὲρ
1409 1896 1617 1954 ἧμῶνὴοο

186 1965 278 2000 acto
301 1957 543 2012 requireret
556 1955 621 2004 τίς
634 1956 707 1997 οὐν
722 1951 1044 2007 ἕγκαλὲσεικατ’
1060 1951 1223 2007 αὐτῶνς
1255 1957 1481 1997 autsimile
1495 1956 1617 2011 quid.

153 1974 242 2058 Eed
283 2013 481 2055 videntur
527 2012 616 2060 illi,
673 2012 771 2066 quia
817 2011 899 2051 Dei
937 2010 1154 2051 absolutio
1193 2011 1535 2054 condemnationi
1575 2016 1620 2053 et

156 2071 324 2113 Christi
347 2068 632 2126 patrocinium
665 2066 929 2108 accusationi
960 2066 1245 2123 respondeat,
1285 2068 1396 2110 hune
1422 2068 1620 2124 disputa-

155 2128 290 2168 tionis
312 2126 504 2167 ordinem
530 2130 834 2180 exspectasse:
870 2121 937 2172 τίς
956 2121 1180 2177 ἐγκαλέσει
1197 2141 1232 2165 κ.
1253 2121 1286 2166 ε’.
1308 2125 1381 2175 θ.,·
1423 2122 1621 2178 Χριστὸς

159 2181 181 2224 ὃ
203 2179 463 2236 ἐντυγχάνων
484 2175 596 2233 ὑπὲρ
617 2177 767 2222 αὐτῶν.
790 2178 856 2227 τίς
876 2174 899 2220 ὃ
922 2178 1212 2234 κατακρίνων;
1247 2178 1359 2228 Θεὸς
1377 2174 1400 2221 ὅ
1423 2180 1619 2221 δικαιῶν.

158 2238 209 2280 ln
235 2240 311 2279 haic
334 2237 534 2294 opinione
558 2236 641 2276 suit
662 2235 884 2288 Calvinus,
914 2235 988 2290 qui
1010 2233 1191 2276 Paulum
1212 2240 1476 2291 purgaturus
1497 2249 1619 2277 accu-

159 2295 319 2337 sationi
341 2292 657 2335 absolutiouem
679 2292 864 2348 opponi,
906 2298 951 2332 ut
976 2306 1025 2331 ne
1048 2291 1184 2332 locum
1203 2290 1373 2346 quidem
1395 2297 1543 2348 patere
1564 2292 1621 2332 iis

159 2350 429 2400 accusandis,
459 2364 566 2405 quos
590 2348 712 2389 Deus
734 2347 962 2405 projustis
987 2347 1163 2398 haheat,
1195 2346 1346 2388 nedum
1369 2355 1415 2388 ut
1434 2348 1499 2389 rei
1523 2362 1623 2405 per-

161 2415 370 2460 agantur,
420 2405 688 2456 declaretur,
736 2411 825 2444 tum
867 2402 1211 2444 condemnationi
1239 2403 1407 2446 Christi
1434 2404 1623 2461 patroci-

162 2464 279 2505 nium
303 2477 354 2503 οἳ
377 2461 558 2502 adverso
577 2460 807 2510 collocari,
844 2465 889 2500 ut
911 2459 1076 2501 Christi
1107 2459 1390 2515 expiationem
1419 2458 1624 2518 praever-

163 2519 272 2560 tisse
304 2518 538 2576 judicium,
587 2522 634 2558 ut
681 2531 732 2557 ue
768 2517 809 2557 in
847 2515 1198 2571 disquisitionem
1239 2514 1409 2570 quidem
1450 2515 1625 2558 veniant

167 2580 314 2616 nostra
340 2581 527 2630 peccata,
560 2571 830 2623 ostendatur,
863 2573 1069 2627 probante
1091 2572 1212 2613 Beza
1233 2572 1494 2616 observavit.
1558 2573 1626 2614 At

166 2631 319 2672 nititur
360 2631 460 2670 haee
499 2629 716 2685 expositio
754 2629 863 2670 salsa
908 2629 1133 2668 verborum
1177 2641 1217 2669 v.
1248 2627 1319 2669 34.
1369 2628 1564 2684 Χριστὸς
1602 2622 1625 2668 ὃ

167 2684 422 2736 ἀποθανών,
452 2685 616 2735 μᾶλλον
638 2685 685 2727 δὲ
706 2685 812 2738 [καί]
836 2681 1033 2737 ἐγερθείς
1054 2684 1169 2725 inter
1204 2683 1430 2727 retatione.
1485 2683 1626 2725 Multo

168 2741 412 2798 simplicius
435 2754 521 2780 rem
544 2741 601 2780 ita
627 2741 848 2796 expediam.
909 2740 1029 2781 Dicit
1053 2740 1145 2782 h.1.
1199 2771 1234 2791 .,
1263 2739 1348 2796 piis
1362 2739 1629 2782 Christianis

170 2798 300 2839 vitam
337 2797 636 2847 sempiternam
671 2811 693 2835 a
734 2797 902 2837 nemine
939 2795 1050 2851 eripi
1079 2810 1222 2851 posse.
1291 2795 1386 2837 Hac
1412 2810 1513 2838 vero
1543 2809 1626 2836 non

170 2855 378 2911 potietur,
409 2852 490 2892 nisi
512 2851 583 2906 qui
607 2857 650 2892 et
666 2849 745 2907 τήν
765 2850 1044 2906 δικαιοσύνην
1060 2867 1100 2894 τ.
1118 2856 1164 2894 θ.
1181 2851 1364 2909 adeptus
1385 2853 1444 2894 sit
1464 2852 1630 2908 (5,21.)
