1715 3115
469 203 630 249 GAt'.
662 202 758 249 lx.
808 203 900 248 Va.
930 205 974 248 3.
1005 230 1058 236 --
1085 205 1148 248 5..
1463 204 1548 248 251

62 312 184 367 Quin
204 310 338 354 etiam
372 311 452 354 boc
483 309 828 353 additamentum
850 304 961 352 ὑπὸ
990 311 1088 352 τοῦ
1117 310 1259 352 θεοῦ
1291 308 1447 352 idonea
1476 323 1550 352 ra-

62 372 182 412 tione
210 368 546 413 destitueretur.
610 366 726 410 Nam
756 367 821 409 rei
850 367 982 409 cardo
1013 368 1056 410 in
1086 368 1165 409 hoc
1190 369 1470 418 vertebatur,
1500 370 1552 409 ut

64 427 116 470 P.
141 426 235 467 suis
254 426 544 492 popularibus
566 425 825 482 profuturus
848 420 1054 477 ἀνάθεμα
1071 424 1219 478 ficret:
1250 428 1396 466 utrum
1423 425 1552 466 Deus

62 499 119 526 an
151 484 350 524 homines
382 497 480 525 eum
510 480 716 535 ἀνάθεμα
745 495 844 523 esse
867 481 1228 538 pronuntiarent,
1261 483 1304 525 h.
1329 482 1359 524 l.
1382 481 1438 523 ad
1457 494 1552 522 rem

64 539 177 583 nihil
195 539 398 583 faciebat.
466 538 622 581 Lectio
660 533 766 582 ὑπὸ
806 552 844 579 τ.
876 540 964 594 Χρ.
1002 538 1086 594 (D.
1118 538 1169 581 E.
1203 538 1281 592 G.)
1310 539 1425 580 nihil
1462 537 1554 580 nisi

63 597 274 641 librarios
297 594 390 640 ἀπό
413 601 460 639 et
484 592 574 639 ὑπό
602 595 867 638 confundere
895 595 1040 638 solere
1059 597 1306 638 confirmat.
1367 593 1554 639 Paciani

65 668 209 706 autem
239 663 460 729 scriptura
488 664 580 719 (ep.
600 663 643 705 2.
673 676 717 720 p.
737 662 838 705 309.
860 666 905 703 et
923 661 966 706 3.
988 676 1031 718 p.
1050 663 1171 715 313.)
1199 664 1244 706 in
1265 664 1461 717 Christo,
1499 655 1554 703 ἓν

63 719 136 776 τῷ
168 722 353 777 Χριστῳ
385 720 589 763 correctio
615 727 709 771 est,
748 733 880 775 quum
911 719 1089 774 vulgata
1129 721 1259 763 lectio
1290 726 1368 763 aut
1395 733 1554 778 parum

65 784 273 836 percepta
310 781 452 831 esset,
500 783 579 818 aut
618 777 891 834 asperiorem
932 777 1193 819 sententiam
1237 778 1422 821 sundere
1457 778 1556 820 visa

68 839 204 877 esset.
271 831 430 891 Itaque
473 833 718 876 sententiae
755 833 1040 890 asperitatem
1069 835 1147 875 alii
1178 836 1385 892 perversa
1415 835 1557 877 inter-

68 891 319 949 pretatione
347 895 408 946 (v.
439 890 599 943 infra),
641 889 719 932 alii
757 889 964 932 lectionis
1004 891 1243 933 mutatione
1279 892 1557 948 mitigarunt.

68 951 137 992 At
157 948 290 990 simul
308 942 422 990 εἶναι
442 946 487 990 ἐν
511 948 696 1003 Χριστῷ
714 952 759 989 et
780 940 893 989 εἶναι
916 943 1120 1000 ἀνάθεμα
1137 963 1218 990 non
1274 956 1384 992 otes.
1416 946 1557 1004 Ὑπὲρ

69 1006 166 1048 sine
205 1005 299 1047 ulls·
339 1003 617 1047 dubitatione
656 1004 771 1057 Ioco,
817 1003 906 1047 vice
957 1009 1082 1047 notat
1119 965 1355 1050 Ruecl-'erto
1386 1005 1558 1064 judice.

71 1062 184 1104 Mihi
201 1068 353 1104 contra
375 1076 460 1103 non
475 1060 653 1103 dubium
673 1067 757 1113 est,
792 1060 898 1117 quin
921 1060 966 1102 in
986 1062 1314 1105 emolumentum
1333 1063 1558 1118 designet.

71 1119 191 1163 Num
223 1133 354 1176 quum
378 1117 428 1161 P.
448 1132 528 1176 per
548 1123 688 1160 totum
711 1118 823 1159 hunc
842 1118 873 1160 Ι.
894 1131 933 1161 c.
952 1118 994 1160 9.
1013 1142 1070 1150 —-
1089 1120 1159 1162 11.
1190 1119 1460 1163 Judaeorum
1480 1118 1560 1176 qui

72 1177 298 1220 Christum
344 1175 683 1234 repudiaverant
720 1188 918 1216 errorem
971 1174 1199 1218 lenissime
1238 1177 1561 1234 interpretetur

72 1235 136 1306 (Ἂν.
165 1248 204 1277 c.
231 1234 273 1283 9,
293 1233 366 1277 31.
384 1234 456 1276 32.
475 1233 554 1290 -10,
572 1232 614 1275 2.
636 1232 678 1275 3.
713 1233 780 1284 ll,
800 1232 844 1276 7.
868 1231 939 1274 14.
965 1233 1083 1285 17.)‚
1122 1234 1260 1276 semel
1291 1239 1460 1276 tantum
1480 1231 1562 1290 τὴν

73 1289 305 1344 αποβολὴν
334 1287 477 1331 αὐτῶν
507 1289 652 1331 obiter
679 1295 989 1332 commemoret
1016 1292 1110 1344 (11,
1137 1290 1229 1347 15.)
1267 1304 1562 1347 magnumque

75 1347 132 1390 iis
164 1348 372 1390 honorem
405 1347 565 1388 habeat
593 1346 766 1404 (11‚12.
789 1345 856 1388 15.
879 1361 978 1403 sqq.
998 1348 1072 1392 24.
1090 1347 1211 1403 28.)‚
1243 1361 1398 1403 parum
1419 1347 1565 1389 credi-

75 1405 165 1447 bile
200 1410 293 1454 est,
333 1417 431 1446 eum
459 1405 503 1445 in
538 1403 635 1460 ipso
655 1403 972 1460 disputationis
1001 1419 1108 1447 suae
1127 1405 1309 1448 exordio
1332 1420 1434 1448 esse
1457 1405 1564 1448 illos

76 1462 176 1504 Deo
198 1461 365 1504 invisos
386 1461 446 1502 ita
467 1460 792 1518 pronuntiasse,
824 1464 873 1502 ut
895 1460 1156 1504 tristissima
1170 1469 1214 1505 et
1228 1477 1340 1519 quae
1355 1461 1564 1536 judaicae

77 1529 235 1587 stirpis
264 1528 431 1571 homini
460 1528 686 1570 horrorem
709 1528 928 1570 incuteret
946 1543 1048 1571 voce
1069 1543 1177 1571 usus
1197 1544 1274 1572 eos
1296 1545 1410 1573 nunc
1441 1522 1567 1570 ἅνα-

79 1595 215 1650 ὓεμα
255 1612 354 1640 esse
385 1597 651 1638 enuntiaret.
719 1594 818 1638 Hoc
845 1596 986 1650 igitur
1014 1595 1070 1640 P.
1094 1596 1225 1642 dicit:
1264 1613 1418 1655 nempe
1439 1602 1567 1656 opta-

80 1669 197 1708 rem,
225 1669 292 1697 me
314 1654 454 1710 ipsum
482 1656 585 1709 (non
601 1652 735 1695 solum
757 1653 891 1696 alium
911 1653 1152 1710 quempiam
1178 1655 1439 1699 Jmlaeorum
1456 1655 1570 1698 ami-

81 1726 200 1764 cum,
239 1726 324 1768 quo
352 1715 451 1753 voto
480 1725 564 1753 non
589 1724 803 1752 summum
833 1725 937 1765 erga
971 1710 1167 1755 Judaeos
1198 1726 1389 1755 amorem
1421 1711 1570 1754 decla-

81 1769 248 1821 rarem)
279 1768 496 1809 hominem
526 1781 625 1809 esse
655 1766 830 1809 divinae
859 1768 952 1809 irae
983 1767 1228 1827 subjectum
1261 1774 1304 1812 et
1333 1785 1357 1812 a
1386 1769 1568 1813 Christo

85 1826 285 1867 avulsum
327 1824 372 1865 in
407 1824 621 1866 homimem
650 1824 721 1880 (μιὶ
750 1824 855 1865 milti
880 1824 1074 1881 fratrum
1106 1827 1192 1868 Ioco
1221 1832 1321 1869 sunt
1360 1826 1569 1868 emolu-

86 1887 314 1924 mentum
346 1880 375 1922 i.
407 1895 446 1922 e.
478 1885 524 1922 ut
553 1880 828 1934 popularibus
857 1882 963 1922 meis
990 1884 1316 1934 prodessem.
1377 1882 1463 1925 Sed
1489 1884 1568 1925 hoc

88 1938 217 1982 Pauli
240 1943 386 1978 votum
411 1937 611 1978 insanum
635 1942 677 1978 et
701 1937 879 1993 impium
904 1938 1056 1980 multis
1079 1939 1399 1996 interpretibus
1427 1940 1570 1982 visum

87 2001 172 2040 ost.
231 1993 387 2051 Inepte
410 1993 523 2035 enim
544 1992 813 2049 Apostolum
837 1995 1086 2050 optavisse,
1127 2000 1176 2037 ut
1202 2010 1227 2037 a
1249 1996 1430 2039 Christo
1450 1997 1571 2038 avel-

87 2054 281 2103 leretur,
333 2064 460 2107 quem
501 2063 669 2091 summo
708 2055 826 2091 esset
854 2065 1003 2093 amore
1031 2053 1262 2109 amplexus
1293 2052 1413 2097 Phil.
1442 2054 1483 2105 3,
1505 2055 1573 2099 8.:

89 2109 312 2160 insanire,
347 2108 421 2164 qui
442 2111 488 2149 ut
508 2106 694 2147 alienam
720 2106 906 2148 salutem
935 2114 1165 2164 procuret,
1201 2125 1322 2152 suam
1345 2111 1388 2152 in
1414 2125 1573 2168 perpe-

90 2174 212 2208 tunm
243 2165 445 2223 abjiciat,
486 2161 835 2219 quandoquidem
868 2166 1025 2207 naturai
1059 2165 1167 2208 duce
1195 2181 1406 2210 summam
1443 2169 1575 2210 mise-

91 2224 202 2266 riam
247 2233 524 2272 aversemur,
569 2226 615 2262 et
655 2220 1028 2276 improbissimum
1069 2223 1285 2266 hominem
1323 2239 1448 2276 esse,
1498 2225 1577 2282 qui

125 2294 351 2336 uacunque
373 2278 548 2320 tandem
572 2276 624 2319 de
643 2278 774 2319 causti
796 2278 904 2319 iram
928 2279 1017 2321 Dei
1045 2286 1090 2321 et
1106 2286 1328 2323 aeternam
1349 2297 1372 2322 a
1395 2281 1575 2325 Christo

92 2296 425 2379 llistractionem
447 2335 656 2392 deposcat
677 2335 754 2387 (cs.
777 2349 817 2378 ν.
837 2349 875 2379 c.
896 2336 1125 2379 Elsnerum
1143 2344 1188 2379 et
1213 2339 1385 2381 Turn-et.
1401 2338 1454 2380 ad
1477 2339 1516 2382 h.
1541 2339 1578 2385 l.

95 2401 139 2436 et
157 2394 425 2436 Noesselinm
446 2393 477 2434 l.
497 2407 532 2435 c.
558 2406 600 2447 p.
627 2392 724 2435 135.
743 2394 851 2448 sq.).
919 2391 1007 2435 lta(
1026 2407 1078 2435 ue
1117 2401 1164 2436 ut
1192 2395 1418 2450 indignum
1450 2401 1576 2438 tanto

96 2451 320 2507 Apostolo
343 2455 487 2492 votum
504 2449 738 2490 tolleretur
760 2447 886 2492 Pauli
909 2465 948 2493 v.
979 2408 1059 2492 alii
1087 2452 1220 2493 aliter
1251 2458 1579 2509 perverterunt.

82 2507 265 2548 -Verum
285 2521 389 2548 sane
412 2511 502 2558 est,
547 2506 741 2546 homines
759 2520 781 2546 a
806 2505 983 2550 Christo
1007 2507 1229 2563 sejunctos
1248 2510 1301 2551 de
1330 2508 1379 2553 P.
1403 2518 1579 2552 senten-

97 2564 159 2606 tia
190 2563 400 2605 felicitate
430 2562 608 2605 aeterna
640 2562 841 2604 excidere
875 2569 918 2605 et
953 2567 1236 2620 sempiternis
1272 2581 1465 2622 geennae
1486 2572 1581 2609 tor-

99 2620 258 2663 mentis
293 2619 468 2677 subjici.
539 2619 651 2661 Nam
683 2633 758 2661 eos
788 2621 1089 2664 tantummodo
1116 2623 1268 2665 beatos
1298 2625 1392 2666 fore
1414 2623 1582 2678 (locuit,

134 2680 175 2719 ui
197 2675 281 2718 fide
302 2676 482 2720 Christo
502 2676 649 2718 habita
665 2676 761 2718 Deo
782 2677 957 2733 probati
978 2684 1127 2720 essent
1148 2684 1209 2734 (v.
1233 2687 1324 2725 not.
1345 2680 1399 2722 ad
1420 2684 1456 2734 1,
1472 2683 1582 2735 17.),

101 2693 317 2776 ‘illumines
346 2739 489 2775 autem
521 2732 575 2773 ad
606 2733 916 2789 sempiternam
949 2734 1202 2779 beatitatem
1224 2753 1307 2779 non
1328 2737 1512 2780 admissi
1536 2739 1582 2784 iu

103 2791 268 2846 geennzi
299 2795 589 2846 torqueantur
611 2803 790 2832 neccsse
810 2797 899 2842 est,
939 2793 1141 2848 quoniam
1163 2794 1418 2837 auctoribus
1444 2794 1502 2839 N.
1521 2795 1583 2840 T.

105 2847 399 2904 scriptoribus
436 2852 581 2890 status
612 2860 695 2888 non
731 2848 979 2905 reperitur,
1031 2850 1107 2906 qui
1139 2851 1254 2894 inter
1287 2851 1582 2895 conditionem
