1715 3115
1108 24 1117 50 ⁸

169 192 255 237 ⁵52
442 190 825 237 EPISTOLA
854 192 956 236 AD
986 191 1353 239 ROMANOS

171 313 247 342 sus
282 296 456 340 enderis
494 296 599 338 haee
637 296 858 338 sententia
897 295 1118 342 nascitur:
1173 311 1198 339 o
1235 297 1516 351 copiosam
1555 299 1643 341 Dei

170 369 250 408 opu
271 355 431 397 entium
478 357 520 394 et
569 352 812 395 abditam
857 352 956 408 ejus
995 354 1255 408 sapientiam
1301 367 1353 396 ac
1388 355 1640 398 scientiam!

166 411 378 464 Meyerus
396 409 635 465 explicuit:
674 423 697 451 o
716 409 804 452 Dei
823 410 1106 463 opulentiam,
1143 423 1292 466 quam
1321 423 1418 453 non
1445 425 1641 464 perve-

168 468 368 522 stiyes,
408 466 510 522 quia
540 480 612 508 res
638 464 812 509 divinas
841 465 1063 508 hominum
1094 471 1268 522 captum
1298 479 1506 522 superare
1536 482 1642 534 pro-

169 525 301 567 ximis
322 537 362 567 v.
381 521 439 572 ὡς
462 517 773 577 ἀιέξερεύνητα
789 544 845 553 —-
864 519 912 564 αὶ
936 517 1034 565 ὁδοὶ
1055 518 1192 564 αὐτοῦ
1218 522 1412 577 graviter
1432 522 1487 570 P.
1506 524 1638 569 dacat.

177 583 239 624 At
258 593 523 636 superquam
544 578 659 630 quod
680 577 826 630 βάθος
843 575 1041 620 πλούτου
1067 579 1340 631 copiosam
1363 580 1641 633 opulentiam,

173 652 256 679 non
279 636 539 691 opulentiam
568 649 719 700 clocam
749 637 1127 689 pervestiyare
1156 649 1387 691 nequeas
1417 635 1640 689 significat

169 697 234 750 (v.
256 694 435 750 supra),
464 692 676 748 proxnmis
698 691 843 734 verbis
866 690 923 740 (ῦς
946 688 1255 746 ἆνεξερεύινητα
1275 689 1330 732 τὰ
1349 690 1542 746 κρίματα
1562 691 1639 737 αὐ-

169 751 249 792 τοῦ
266 774 322 780 -
340 773 396 780 —
414 774 469 779 ——
490 743 516 804 ἢ
535 746 602 798 τίς
624 744 872 800 σύμβουλος
890 744 1028 790 αὐτοῦ
1048 745 1241 801 ἐγένετο,·
1271 748 1482 791 vocabula
1505 742 1540 789 ὦ
1559 746 1639 801 βά-

168 809 257 856 θος
286 802 490 860 σοφίας
521 805 613 846 καὶ
642 801 891 859 γνώσεως
920 804 1059 845 θεοῦ
1089 802 1317 858 explicari,
1345 818 1472 847 voces
1494 809 1639 849 autem

171 857 205 904 ὦ
234 859 383 915 βάθος
408 861 608 903 πλούτου
636 874 765 902 versu
784 860 855 902 35.
878 861 1038 917 exponi
1061 864 1105 901 et
1126 861 1405 929 perspicuum
1428 865 1497 904 est
1519 865 1564 904 et
1581 861 1639 905 ab

169 921 267 975 ipso
288 917 466 971 Meyero
485 931 757 961 concessum.
819 915 910 972 Τὴν
937 915 1102 971 σοφίαν
1131 922 1175 958 et
1202 932 1282 971 την
1306 918 1466 971 γνῶσιν
1491 917 1554 961 ita
1582 916 1639 967 P.

168 976 429 1030 distinguit,
466 978 515 1015 ut
543 974 648 1015 haec
678 974 718 1014 ei
745 987 889 1016 rerum
912 973 1092 1014 scientia
1114 973 1195 1026 sit,
1226 974 1304 1015 illa
1324 974 1543 1017 consilium
1562 974 1639 1018 de-

168 1037 316 1085 notet,
355 1045 439 1087 quo
471 1045 577 1072 usus
605 1031 799 1073 rationes
825 1029 948 1070 ineas
972 1029 1103 1070 rebus
1126 1029 1498 1084 accommodatas,
1526 1045 1638 1087 quas

167 1090 341 1132 efficere
369 1087 581 1131 volueris,
647 1086 871 1129 Nimirum
902 1087 927 1127 1
949 1085 1051 1129 Cor.
1077 1086 1144 1138 13,
1161 1086 1205 1131 2.
1234 1087 1354 1141 (vide
1377 1087 1510 1130 etiam
1540 1087 1636 1133 Col.

167 1148 209 1199 2,
231 1147 275 1192 3.
305 1146 361 1190 cl.
383 1158 424 1189 v.
442 1145 507 1199 2.)
535 1144 577 1185 ei
608 1146 764 1193 γνῶσιν
793 1142 976 1193 tribuit,
1014 1143 1090 1212 ‘1¹st
1110 1144 1317 1195 mysteria
1339 1148 1441 1186 nota
1461 1144 1638 1190 haheat.

167 1203 369 1261 Adjuvat
389 1201 525 1255 igitur
548 1215 571 1257 [ι
626 1200 858 1256 spicientia
878 1200 970 1241 veri
992 1202 1039 1255 (η
1059 1200 1236 1255 γνῶσις)
1256 1201 1515 1255 sapientium
1538 1200 1637 1257 (τὴν

168 1258 353 1315 σοφίαν)
387 1263 463 1299 aut
490 1260 643 1300 mentis
666 1256 927 1308 sollertiam,
977 1269 1088 1311 quae
1116 1256 1293 1308 cognita
1323 1256 1636 1314 intellectaque

166 1317 352 1360 veritate
379 1316 551 1367 utatur,
590 1318 637 1355 ut
664 1327 736 1355 res
765 1310 1018 1354 efficiendas
1048 1312 1229 1359 efficiat.
1295 1313 1385 1355 Hic
1413 1312 1464 1358 P.
1490 1314 1635 1372 primo

166 1373 436 1416 reconditam
466 1370 555 1413 Dei
582 1369 809 1412 scientiam
836 1369 1029 1410 celebrat
1061 1371 1236 1425 (nempe
1269 1369 1467 1412 homines
1497 1371 1635 1414 multa

165 1432 472 1489 praetereunt,
513 1441 557 1471 v.
581 1440 621 1472 c.
647 1426 838 1468 beatitas
866 1425 1068 1467 omnibus
1095 1426 1349 1468 nationibus
1374 1441 1401 1469 a
1431 1427 1531 1470 Deo
1557 1426 1635 1470 de·-

164 1493 302 1539 oreta,
332 1485 443 1527 nihil
463 1488 613 1525 contra
637 1488 706 1525 est
727 1481 843 1538 quod
863 1482 1006 1523 omnia
1027 1482 1262 1524 moderans
1281 1483 1408 1525 Deus
1429 1483 1634 1540 neseiat),

164 1543 323 1588 deinde
343 1541 474 1585 etiam
493 1539 686 1581 abditam
707 1541 801 1596 ejus
819 1538 1099 1593 sapientiam.
1151 1538 1300 1595 Hujus
1319 1540 1433 1580 enim
1453 1540 1633 1582 illustro

164 1600 383 1659 specimen
407 1599 529 1638 Deus
551 1611 601 1639 eo
623 1596 767 1647 dabit,
807 1593 923 1650 quod
943 1594 1254 1635 sollertissimo
1275 1596 1481 1648 consilio,
1513 1594 1631 1651 quod

165 1655 453 1701 homunculus
479 1667 532 1695 ne
563 1653 814 1707 suspicatus
843 1650 1015 1706 quidem
1037 1650 1196 1703 fuerit,
1225 1652 1414 1703 gentiles
1437 1650 1631 1695 Judaeo-

164 1728 260 1756 rum
289 1709 585 1760 contumacia,
631 1707 824 1754 ,Iudaeos
857 1706 1086 1760 gentilium
1124 1706 1376 1749 obedientia
1407 1713 1630 1752 correctos

165 1769 314 1812 beabit
335 1766 622 1811 v.30.—3z..
676 1765 820 1805 Etiam
843 1765 867 1804 1
888 1762 991 1806 Cor.
1012 1762 1278 1815 1‚17.—25.
1302 1760 1330 1818 ἦ
1350 1763 1493 1818 σοφία
1512 1779 1629 1808 men-

163 1828 221 1870 tis
240 1825 474 1867 sollertiam
501 1822 553 1877 (i.
575 1835 618 1876 q.
641 1815 666 1877 ἦ
689 1817 862 1868 σύνεσις
880 1832 922 1863 v,
941 1820 1029 1874 19.)
1062 1818 1284 1873 significat
1308 1819 1437 1875 eique
1459 1821 1631 1864 demen-

162 1884 227 1927 tia
253 1879 308 1937 (ἡ
337 1878 512 1935 μωρία)
542 1877 793 1934 opponitur.
864 1873 992 1917 Idem
1022 1875 1137 1917 valet
1163 1875 1216 1916 de
1244 1876 1276 1919 l.
1308 1878 1331 1917 l
1353 1877 1455 1919 Cor.
1478 1878 1547 1930 12,
1565 1877 1629 1922 8..

164 1939 293 1983 Nunc
314 1936 418 1977 mihi
440 1934 699 1991 explicatio,
738 1946 866 1989 quam
884 1932 1033 1989 paullo
1055 1938 1154 1973 ante
1173 1932 1379 1988 probavi,
1415 1931 1628 1976 firmanda

163 2000 247 2038 est.
296 1992 518 2047 Loquutio
539 1991 734 2038 πλοῦτος
752 1989 861 2030 θεοῦ
882 2002 1021 2044 neque
1042 1988 1237 2029 insolens
1257 1993 1341 2042 est,
1371 1987 1544 2043 Phi¹.4,
1556 1991 1627 2033 19.

163 2053 297 2109 [Eph.
315 2050 358 2102 3,
375 2050 464 2103 8.],
502 2060 642 2102 neque
664 2046 707 2089 h.
727 2046 759 2091 l.
777 2045 983 2102 perplexa
1005 2043 1145 2088 videri
1165 2049 1329 2101 potest.
1394 2043 1508 2088 Nam
1532 2060 1627 2087 ma-

161 2123 269 2165 ynas
284 2106 372 2148 Dei
391 2119 487 2160 opes
504 2104 607 2156 dici,
640 2102 798 2158 quibus
819 2100 1137 2142 distribuendis
1154 2101 1279 2143 Deus
1298 2101 1408 2143 dites
1426 2102 1627 2145 homines

161 2165 297 2209 saciat
315 2168 359 2204 et
379 2161 522 2203 beatos
543 2174 593 2201 ex
612 2158 828 2200 orationis
848 2163 1051 2199 contextu
1071 2158 1337 2212 intelligitur
1356 2160 1417 2212 (V.
1437 2172 1478 2203 V.
1490 2158 1625 2202 29.—

161 2223 233 2264 32.
259 2221 312 2261 cl.
337 2219 522 2271 10,12.).
564 2214 740 2257 Deinde
763 2215 979 2256 sententia
1001 2214 1195 2271 proxime
1216 2213 1480 2271 praecedens
1500 2214 1624 2259 v.32.

161 2271 377 2336 ejusmodi
406 2278 497 2326 est,
542 2276 592 2314 ut
623 2272 731 2313 hanc
761 2271 1067 2324 cogitationem
1100 2270 1239 2313 Paulo
1268 2271 1398 2312 facile
1425 2270 1624 2323 moverit,

160 2337 295 2379 ditem
312 2332 455 2373 Deum
473 2344 571 2371 esse
592 2328 884 2369 necessarium
906 2341 1029 2379 esse,
1058 2327 1127 2368 cui
1148 2332 1286 2368 totum
1309 2341 1447 2382 genus
1470 2326 1623 2369 huma-

159 2405 261 2433 num
308 2386 648 2447 pretiosissimis
687 2384 845 2441 opibus
883 2384 1139 2439 opulentare
1182 2398 1265 2425 non
1310 2388 1508 2438 negatum
1546 2383 1622 2426 sit.

166 2447 257 2489 Τοῦ
288 2442 487 2486 πλούτου
520 2441 776 2485 vocabulum
813 2439 926 2482 nude
960 2440 1152 2497 positum
1183 2440 1391 2496 nulloque
1418 2439 1620 2496 apposito

161 2501 351 2558 genitivo
380 2499 606 2540 delinitum
633 2499 695 2551 (2,
715 2498 762 2542 4.
798 2496 914 2553 Eph.
933 2498 972 2548 1,
990 2498 1056 2551 7.)
1083 2511 1222 2552 neque
1250 2497 1412 2537 claram
1440 2496 1620 2538 virtutis

160 2562 259 2604 Deo
285 2555 526 2598 attributae
553 2553 771 2595 notionem
800 2553 1045 2609 exprimere
1067 2566 1206 2608 neque
1225 2551 1403 2596 divitias
1423 2565 1523 2593 voce
1542 2550 1620 2592 de-

161 2618 351 2658 claratas
378 2616 495 2653 recte
522 2625 616 2653 cum
634 2609 724 2652 Dei
751 2609 935 2650 scientia
965 2613 1009 2650 et
1039 2609 1259 2665 sapientia
1285 2608 1481 2664 componi
1511 2608 1620 2650 mire

164 2671 362 2715 Reickius
389 2667 604 2709 obtendit.
672 2664 954 2708 Credideram
982 2665 1096 2706 enim
1123 2665 1210 2706 Dei
1233 2663 1411 2705 divitias
1439 2664 1619 2705 aeterna

165 2728 249 2771 Dei
268 2723 583 2781 omnipotentia
602 2722 839 2774 contineri,
871 2722 946 2778 qui
967 2721 1075 2763 mihi
1095 2721 1156 2763 ita
1178 2720 1521 2777 persuasissem,
1550 2721 1619 2762 in-

159 2785 400 2827 exhaustas
429 2779 518 2822 Dei
545 2793 674 2836 opes,
719 2778 880 2834 quibus
914 2777 1113 2819 homines
1148 2777 1410 2832 locupletet,
1452 2776 1617 2820 idcirco

158 2854 285 2893 esse,
323 2837 427 2894 quia
453 2841 499 2879 et
525 2835 819 2892 sempiternus
848 2834 972 2877 Deus
1002 2834 1063 2876 sit
1093 2838 1138 2875 et
1167 2832 1457 2889 omnipotens.
1527 2831 1618 2875 Cur

1539 2902 1616 2933 au.-
