<?xml version="1.0" encoding="UTF-8"?>
<!DOCTYPE html PUBLIC "-//W3C//DTD XHTML 1.0 Transitional//EN"
    "http://www.w3.org/TR/xhtml1/DTD/xhtml1-transitional.dtd">
<html xmlns="http://www.w3.org/1999/xhtml" xml:lang="en" lang="en">
 <head>
  <title>
</title>
<meta http-equiv="Content-Type" content="text/html;charset=utf-8" />
  <meta name='ocr-system' content='tesseract 3.04.00' />
  <meta name='ocr-capabilities' content='ocr_page ocr_carea ocr_par ocr_line ocrx_word'/>
</head>
<body>
  <div class='ocr_page' id='page_1' title='image "./pauliadromanosep02frituoft/pauliadromanosep02frituoft_0070.png"; bbox 0 0 1715 3115; ppageno 0'>
   <div class='ocr_carea' id='block_1_1' title="bbox 183 163 1370 210">
    <p class='ocr_par' dir='ltr' id='par_1_1' title="bbox 183 163 1370 210">
     <span class='ocr_line' id='line_1_1' title="bbox 183 163 1370 210; baseline 0.002 -2"><span class='ocrx_word' id='word_1_1' title='bbox 183 165 243 208; x_wconf 78' lang='lat'><strong>58</strong></span> <span class='ocrx_word' id='word_1_2' title='bbox 467 163 842 208; x_wconf 86' lang='lat' dir='ltr'><strong>EPlSTOLA</strong></span> <span class='ocrx_word' id='word_1_3' title='bbox 874 164 976 207; x_wconf 82' lang='lat' dir='ltr'><strong>AD</strong></span> <span class='ocrx_word' id='word_1_4' title='bbox 1006 164 1370 210; x_wconf 81' lang='lat' dir='ltr'><strong>ROMANOS</strong></span> 
     </span>
    </p>
   </div>
   <div class='ocr_carea' id='block_1_2' title="bbox 170 264 1679 2862">
    <p class='ocr_par' dir='ltr' id='par_1_2' title="bbox 170 264 1679 2862">
     <span class='ocr_line' id='line_1_2' title="bbox 185 264 1652 329; baseline 0.003 -17"><span class='ocrx_word' id='word_1_5' title='bbox 185 269 256 312; x_wconf 84' lang='lat' dir='ltr'><strong>his</strong></span> <span class='ocrx_word' id='word_1_6' title='bbox 283 283 322 312; x_wconf 74' lang='lat' dir='ltr'><strong>v,</strong></span> <span class='ocrx_word' id='word_1_7' title='bbox 362 271 666 313; x_wconf 79' lang='lat' dir='ltr'><strong>confirmatur:</strong></span> <span class='ocrx_word' id='word_1_8' title='bbox 719 264 962 324; x_wconf 78' lang='grc' dir='ltr'>συνήδομαι</span> <span class='ocrx_word' id='word_1_9' title='bbox 992 269 1074 325; x_wconf 79' lang='grc' dir='ltr'><strong>γὰρ</strong></span> <span class='ocrx_word' id='word_1_10' title='bbox 1106 273 1176 328; x_wconf 74' lang='grc' dir='ltr'><strong>τῷ</strong></span> <span class='ocrx_word' id='word_1_11' title='bbox 1206 271 1352 329; x_wconf 76' lang='grc' dir='ltr'><em>νόμῳ</em></span> <span class='ocrx_word' id='word_1_12' title='bbox 1381 273 1480 316; x_wconf 81' lang='grc' dir='ltr'><strong>τοῦ</strong></span> <span class='ocrx_word' id='word_1_13' title='bbox 1508 275 1652 317; x_wconf 73' lang='grc' dir='ltr'><em>θεοῦ</em></span> 
     </span>
     <span class='ocr_line' id='line_1_3' title="bbox 183 321 1651 384; baseline 0.003 -16"><span class='ocrx_word' id='word_1_14' title='bbox 183 343 222 368; x_wconf 81' lang='grc' dir='ltr'><strong>κ.</strong></span> <span class='ocrx_word' id='word_1_15' title='bbox 252 342 292 368; x_wconf 79' lang='grc' dir='ltr'><strong>τ.</strong></span> <span class='ocrx_word' id='word_1_16' title='bbox 322 325 355 367; x_wconf 73' lang='grc' dir='ltr'><strong>ἕ.</strong></span> <span class='ocrx_word' id='word_1_17' title='bbox 387 321 452 379; x_wconf 62' lang='grc' dir='ltr'><strong>ἅ,</strong></span> <span class='ocrx_word' id='word_1_18' title='bbox 499 340 584 382; x_wconf 82' lang='lat' dir='ltr'><strong>quo</strong></span> <span class='ocrx_word' id='word_1_19' title='bbox 623 327 735 368; x_wconf 78' lang='lat' dir='ltr'><strong>facto</strong></span> <span class='ocrx_word' id='word_1_20' title='bbox 761 340 875 369; x_wconf 81' lang='lat' dir='ltr'><strong>vocc.</strong></span> <span class='ocrx_word' id='word_1_21' title='bbox 906 321 974 368; x_wconf 75' lang='grc' dir='ltr'><strong>ὅτι</strong></span> <span class='ocrx_word' id='word_1_22' title='bbox 1003 323 1103 380; x_wconf 80' lang='grc' dir='ltr'><em>ἐμοὶ</em></span> <span class='ocrx_word' id='word_1_23' title='bbox 1132 329 1182 368; x_wconf 79' lang='grc' dir='ltr'><strong>τὸ</strong></span> <span class='ocrx_word' id='word_1_24' title='bbox 1213 327 1346 370; x_wconf 79' lang='grc' dir='ltr'><em>κακὸν</em></span> <span class='ocrx_word' id='word_1_25' title='bbox 1381 326 1651 384; x_wconf 79' lang='grc' dir='ltr'><em>παράκειται</em></span> 
     </span>
     <span class='ocr_line' id='line_1_4' title="bbox 183 380 1650 440; baseline 0.003 -16"><span class='ocrx_word' id='word_1_26' title='bbox 183 397 311 425; x_wconf 72' lang='lat' dir='ltr'><strong>vorsu</strong></span> <span class='ocrx_word' id='word_1_27' title='bbox 329 382 400 425; x_wconf 82' lang='grc'><strong>23.</strong></span> <span class='ocrx_word' id='word_1_28' title='bbox 423 384 689 426; x_wconf 85' lang='lat' dir='ltr'><strong>muniuntur.</strong></span> <span class='ocrx_word' id='word_1_29' title='bbox 749 380 818 424; x_wconf 84' lang='lat' dir='ltr'><strong>Ne</strong></span> <span class='ocrx_word' id='word_1_30' title='bbox 840 381 951 424; x_wconf 82' lang='lat' dir='ltr'><strong>illud</strong></span> <span class='ocrx_word' id='word_1_31' title='bbox 983 382 1154 439; x_wconf 88' lang='lat' dir='ltr'><strong>quidem</strong></span> <span class='ocrx_word' id='word_1_32' title='bbox 1184 385 1259 440; x_wconf 85' lang='lat' dir='ltr'><strong>qui</strong></span> <span class='ocrx_word' id='word_1_33' title='bbox 1288 383 1364 427; x_wconf 83' lang='grc' dir='ltr'><em>τὸν</em></span> <span class='ocrx_word' id='word_1_34' title='bbox 1392 383 1525 438; x_wconf 86' lang='grc' dir='ltr'><em>νόμον</em></span> <span class='ocrx_word' id='word_1_35' title='bbox 1552 401 1650 430; x_wconf 84' lang='lat' dir='ltr'><strong>nor-</strong></span> 
     </span>
     <span class='ocr_line' id='line_1_5' title="bbox 182 438 1649 498; baseline 0.003 -17"><span class='ocrx_word' id='word_1_36' title='bbox 182 454 297 481; x_wconf 83' lang='lat' dir='ltr'><strong>mam</strong></span> <span class='ocrx_word' id='word_1_37' title='bbox 316 439 358 482; x_wconf 89' lang='lat' dir='ltr'><strong>h.</strong></span> <span class='ocrx_word' id='word_1_38' title='bbox 382 439 414 482; x_wconf 91' lang='grc'><strong>1.</strong></span> <span class='ocrx_word' id='word_1_39' title='bbox 435 438 711 496; x_wconf 79' lang='lat' dir='ltr'><strong>interpretati</strong></span> <span class='ocrx_word' id='word_1_40' title='bbox 731 443 833 481; x_wconf 85' lang='lat' dir='ltr'><strong>sunt</strong></span> <span class='ocrx_word' id='word_1_41' title='bbox 854 443 1189 496; x_wconf 74' lang='lat' dir='ltr'><strong>reputaverunt,</strong></span> <span class='ocrx_word' id='word_1_42' title='bbox 1241 441 1487 498; x_wconf 86' lang='lat' dir='ltr'><strong>ubicunque</strong></span> <span class='ocrx_word' id='word_1_43' title='bbox 1511 440 1566 488; x_wconf 85' lang='lat' dir='ltr'><strong>P.</strong></span> <span class='ocrx_word' id='word_1_44' title='bbox 1594 441 1649 486; x_wconf 87' lang='lat' dir='ltr'><strong>de</strong></span> 
     </span>
     <span class='ocr_line' id='line_1_6' title="bbox 183 494 1650 552; baseline 0.004 -16"><span class='ocrx_word' id='word_1_45' title='bbox 183 496 286 537; x_wconf 85' lang='lat' dir='ltr'><strong>aliis</strong></span> <span class='ocrx_word' id='word_1_46' title='bbox 306 495 438 537; x_wconf 87' lang='lat' dir='ltr'><strong>rebus</strong></span> <span class='ocrx_word' id='word_1_47' title='bbox 459 501 633 552; x_wconf 80' lang='lat' dir='ltr'><strong>praeter</strong></span> <span class='ocrx_word' id='word_1_48' title='bbox 668 509 765 538; x_wconf 84' lang='lat' dir='ltr'><strong>uam</strong></span> <span class='ocrx_word' id='word_1_49' title='bbox 786 494 839 537; x_wconf 87' lang='lat' dir='ltr'><strong>de</strong></span> <span class='ocrx_word' id='word_1_50' title='bbox 857 496 953 551; x_wconf 82' lang='lat' dir='ltr'><strong>lege</strong></span> <span class='ocrx_word' id='word_1_51' title='bbox 973 509 1081 540; x_wconf 88' lang='lat' dir='ltr'><strong>mos.</strong></span> <span class='ocrx_word' id='word_1_52' title='bbox 1096 494 1232 549; x_wconf 84' lang='grc' dir='ltr'><em>νόμου</em></span> <span class='ocrx_word' id='word_1_53' title='bbox 1247 498 1499 541; x_wconf 81' lang='lat' dir='ltr'><strong>vocabulum</strong></span> <span class='ocrx_word' id='word_1_54' title='bbox 1517 513 1650 542; x_wconf 84' lang='lat' dir='ltr'><strong>usur-</strong></span> 
     </span>
     <span class='ocr_line' id='line_1_7' title="bbox 183 552 1650 609; baseline 0.003 -17"><span class='ocrx_word' id='word_1_55' title='bbox 183 558 259 609; x_wconf 82' lang='lat' dir='ltr'><strong>pet</strong></span> <span class='ocrx_word' id='word_1_56' title='bbox 298 558 425 594; x_wconf 85' lang='lat' dir='ltr'><strong>acute</strong></span> <span class='ocrx_word' id='word_1_57' title='bbox 461 567 558 594; x_wconf 91' lang='lat' dir='ltr'><strong>eum</strong></span> <span class='ocrx_word' id='word_1_58' title='bbox 597 567 618 592; x_wconf 77' lang='lat' dir='ltr'>a</span> <span class='ocrx_word' id='word_1_59' title='bbox 678 553 810 607; x_wconf 79' lang='lat' dir='ltr'><strong>Ieyem</strong></span> <span class='ocrx_word' id='word_1_60' title='bbox 837 565 939 596; x_wconf 75' lang='lat' dir='ltr'><strong>mos.</strong></span> <span class='ocrx_word' id='word_1_61' title='bbox 972 552 1170 595; x_wconf 77' lang='lat' dir='ltr'><strong>alludere</strong></span> <span class='ocrx_word' id='word_1_62' title='bbox 1198 554 1257 607; x_wconf 84' lang='lat' dir='ltr'><strong>(v.</strong></span> <span class='ocrx_word' id='word_1_63' title='bbox 1282 553 1415 599; x_wconf 88' lang='lat' dir='ltr'><strong>v.23.</strong></span> <span class='ocrx_word' id='word_1_64' title='bbox 1444 553 1533 598; x_wconf 72' lang='grc' dir='ltr'><em>ἔτι·</em></span> <span class='ocrx_word' id='word_1_65' title='bbox 1583 570 1607 597; x_wconf 92' lang='grc' dir='ltr'><em>ο</em></span> <span class='ocrx_word' id='word_1_66' title='bbox 1626 571 1650 597; x_wconf 89' lang='grc' dir='ltr'><em>ν</em></span> 
     </span>
     <span class='ocr_line' id='line_1_8' title="bbox 181 605 1649 667; baseline 0.003 -18"><span class='ocrx_word' id='word_1_67' title='bbox 181 605 316 660; x_wconf 76' lang='grc' dir='ltr'><em>νόμον</em></span> <span class='ocrx_word' id='word_1_68' title='bbox 333 609 389 652; x_wconf 88' lang='lat' dir='ltr'><strong>cl.</strong></span> <span class='ocrx_word' id='word_1_69' title='bbox 410 623 452 652; x_wconf 71' lang='lat' dir='ltr'><strong>v.</strong></span> <span class='ocrx_word' id='word_1_70' title='bbox 471 609 543 652; x_wconf 85' lang='lat'><strong>22.</strong></span> <span class='ocrx_word' id='word_1_71' title='bbox 565 610 628 664; x_wconf 72' lang='grc' dir='ltr'><strong>τῷ</strong></span> <span class='ocrx_word' id='word_1_72' title='bbox 647 605 765 663; x_wconf 78' lang='grc' dir='ltr'><em>νόμῳ</em></span> <span class='ocrx_word' id='word_1_73' title='bbox 785 609 863 650; x_wconf 80' lang='grc' dir='ltr'><strong>τοῦ</strong></span> <span class='ocrx_word' id='word_1_74' title='bbox 884 611 1009 651; x_wconf 70' lang='grc' dir='ltr'><em>θεοῦ.</em></span> <span class='ocrx_word' id='word_1_75' title='bbox 1031 611 1073 662; x_wconf 85' lang='grc'><strong>3,</strong></span> <span class='ocrx_word' id='word_1_76' title='bbox 1094 610 1166 653; x_wconf 88' lang='grc'><strong>27.</strong></span> <span class='ocrx_word' id='word_1_77' title='bbox 1187 610 1229 662; x_wconf 88' lang='grc'><strong>8,</strong></span> <span class='ocrx_word' id='word_1_78' title='bbox 1246 610 1290 653; x_wconf 88' lang='grc'><strong>2.</strong></span> <span class='ocrx_word' id='word_1_79' title='bbox 1314 612 1358 662; x_wconf 88' lang='grc'><strong>9,</strong></span> <span class='ocrx_word' id='word_1_80' title='bbox 1378 611 1488 667; x_wconf 89' lang='grc'><strong>31.).</strong></span> <span class='ocrx_word' id='word_1_81' title='bbox 1593 625 1649 654; x_wconf 83' lang='lat' dir='ltr'><strong>ou</strong></span> 
     </span>
     <span class='ocr_line' id='line_1_9' title="bbox 179 661 1649 722; baseline 0.004 -17"><span class='ocrx_word' id='word_1_82' title='bbox 179 664 320 718; x_wconf 81' lang='lat' dir='ltr'><strong>igitur</strong></span> <span class='ocrx_word' id='word_1_83' title='bbox 341 663 479 707; x_wconf 80' lang='lat' dir='ltr'><strong>Paulo</strong></span> <span class='ocrx_word' id='word_1_84' title='bbox 501 661 524 705; x_wconf 76' lang='grc' dir='ltr'><strong><em>ὃ</em></strong></span> <span class='ocrx_word' id='word_1_85' title='bbox 546 663 679 717; x_wconf 86' lang='grc' dir='ltr'><em>νόμος</em></span> <span class='ocrx_word' id='word_1_86' title='bbox 696 664 908 720; x_wconf 71' lang='lat' dir='ltr'><strong>reynhzm,</strong></span> <span class='ocrx_word' id='word_1_87' title='bbox 937 679 1130 708; x_wconf 82' lang='lat' dir='ltr'><strong>normam</strong></span> <span class='ocrx_word' id='word_1_88' title='bbox 1149 666 1411 722; x_wconf 86' lang='lat' dir='ltr'><strong>simpliciter</strong></span> <span class='ocrx_word' id='word_1_89' title='bbox 1435 668 1649 711; x_wconf 78' lang='lat' dir='ltr'>declarat.</span> 
     </span>
     <span class='ocr_line' id='line_1_10' title="bbox 185 718 1648 779; baseline 0.003 -17"><span class='ocrx_word' id='word_1_90' title='bbox 185 720 274 762; x_wconf 78' lang='grc' dir='ltr'><em>Τὸν</em></span> <span class='ocrx_word' id='word_1_91' title='bbox 292 718 426 773; x_wconf 82' lang='grc' dir='ltr'><em>νόμον</em></span> <span class='ocrx_word' id='word_1_92' title='bbox 445 725 592 763; x_wconf 79' lang='grc' dir='ltr'><em>ποιεῖν</em></span> <span class='ocrx_word' id='word_1_93' title='bbox 609 721 740 777; x_wconf 74' lang='lat' dir='ltr'><strong>leyem</strong></span> <span class='ocrx_word' id='word_1_94' title='bbox 759 720 981 764; x_wconf 73' lang='lat' dir='ltr'><strong>observare</strong></span> <span class='ocrx_word' id='word_1_95' title='bbox 1000 721 1134 777; x_wconf 78' lang='lat' dir='ltr'><strong>proha</strong></span> <span class='ocrx_word' id='word_1_96' title='bbox 1157 721 1358 779; x_wconf 88' lang='lat' dir='ltr'><strong>loquutio</strong></span> <span class='ocrx_word' id='word_1_97' title='bbox 1377 729 1469 776; x_wconf 70' lang='grc' dir='ltr'><em>θείς</em></span> <span class='ocrx_word' id='word_1_98' title='bbox 1499 738 1541 770; x_wconf 87' lang='lat' dir='ltr'><strong>v.</strong></span> <span class='ocrx_word' id='word_1_99' title='bbox 1555 730 1648 767; x_wconf 88' lang='lat' dir='ltr'><strong>not.</strong></span> 
     </span>
     <span class='ocr_line' id='line_1_11' title="bbox 178 773 1647 833; baseline 0.003 -15"><span class='ocrx_word' id='word_1_100' title='bbox 178 777 235 819; x_wconf 79' lang='lat' dir='ltr'><strong>ad</strong></span> <span class='ocrx_word' id='word_1_101' title='bbox 253 778 296 828; x_wconf 92' lang='lat'><strong>2,</strong></span> <span class='ocrx_word' id='word_1_102' title='bbox 320 778 405 821; x_wconf 88' lang='grc'><strong>13..</strong></span> <span class='ocrx_word' id='word_1_103' title='bbox 471 777 620 820; x_wconf 85' lang='lat' dir='ltr'><strong>Verba</strong></span> <span class='ocrx_word' id='word_1_104' title='bbox 651 775 743 819; x_wconf 81' lang='grc' dir='ltr'><em>τὸν</em></span> <span class='ocrx_word' id='word_1_105' title='bbox 772 773 942 829; x_wconf 87' lang='grc' dir='ltr'><em>νόμον</em></span> <span class='ocrx_word' id='word_1_106' title='bbox 970 781 1032 832; x_wconf 73' lang='grc' dir='ltr'><strong>τῷ</strong></span> <span class='ocrx_word' id='word_1_107' title='bbox 1052 777 1233 820; x_wconf 71' lang='grc' dir='ltr'><em>θέλοντι</em></span> <span class='ocrx_word' id='word_1_108' title='bbox 1264 776 1366 831; x_wconf 80' lang='grc' dir='ltr'><em>ἐμοὶ</em></span> <span class='ocrx_word' id='word_1_109' title='bbox 1395 783 1562 833; x_wconf 81' lang='grc' dir='ltr'><em>ποιεῖν,</em></span> <span class='ocrx_word' id='word_1_110' title='bbox 1593 777 1647 822; x_wconf 77' lang='grc' dir='ltr'><strong>τό</strong></span> 
     </span>
     <span class='ocr_line' id='line_1_12' title="bbox 180 831 1648 891; baseline 0.002 -15"><span class='ocrx_word' id='word_1_111' title='bbox 180 831 337 886; x_wconf 65' lang='grc' dir='ltr'><em>καλόν,</em></span> <span class='ocrx_word' id='word_1_112' title='bbox 389 833 490 890; x_wconf 82' lang='lat' dir='ltr'><strong>quia</strong></span> <span class='ocrx_word' id='word_1_113' title='bbox 530 832 606 877; x_wconf 83' lang='grc' dir='ltr'><em>τὸν</em></span> <span class='ocrx_word' id='word_1_114' title='bbox 632 831 766 886; x_wconf 85' lang='grc' dir='ltr'><em>νόμον</em></span> <span class='ocrx_word' id='word_1_115' title='bbox 791 834 1072 890; x_wconf 80' lang='lat' dir='ltr'><strong>praecipuum</strong></span> <span class='ocrx_word' id='word_1_116' title='bbox 1108 835 1278 891; x_wconf 85' lang='lat' dir='ltr'><strong>pondus</strong></span> <span class='ocrx_word' id='word_1_117' title='bbox 1303 834 1466 878; x_wconf 84' lang='lat' dir='ltr'><strong>habere</strong></span> <span class='ocrx_word' id='word_1_118' title='bbox 1493 836 1648 889; x_wconf 80' lang='lat' dir='ltr'><strong>voluit,</strong></span> 
     </span>
     <span class='ocr_line' id='line_1_13' title="bbox 177 890 1649 950; baseline 0.001 -17"><span class='ocrx_word' id='word_1_119' title='bbox 177 897 296 933; x_wconf 83' lang='lat' dir='ltr'><strong>recte</strong></span> <span class='ocrx_word' id='word_1_120' title='bbox 318 890 371 934; x_wconf 90' lang='lat' dir='ltr'><strong>P.</strong></span> <span class='ocrx_word' id='word_1_121' title='bbox 399 897 499 933; x_wconf 82' lang='lat' dir='ltr'><strong>ante</strong></span> <span class='ocrx_word' id='word_1_122' title='bbox 531 891 603 933; x_wconf 74' lang='grc' dir='ltr'><em>ὅτι</em></span> <span class='ocrx_word' id='word_1_123' title='bbox 632 890 886 933; x_wconf 83' lang='lat' dir='ltr'><strong>collocavit:</strong></span> <span class='ocrx_word' id='word_1_124' title='bbox 925 891 1129 946; x_wconf 82' lang='lat' dir='ltr'>intelligo</span> <span class='ocrx_word' id='word_1_125' title='bbox 1158 892 1295 945; x_wconf 84' lang='lat' dir='ltr'><strong>igitur</strong></span> <span class='ocrx_word' id='word_1_126' title='bbox 1322 892 1429 934; x_wconf 83' lang='lat' dir='ltr'><strong>mihi</strong></span> <span class='ocrx_word' id='word_1_127' title='bbox 1463 892 1538 950; x_wconf 87' lang='lat' dir='ltr'><strong>qui</strong></span> <span class='ocrx_word' id='word_1_128' title='bbox 1566 893 1649 948; x_wconf 76' lang='lat' dir='ltr'><strong>leyi</strong></span> 
     </span>
     <span class='ocr_line' id='line_1_14' title="bbox 177 947 1646 1003; baseline 0.001 -13"><span class='ocrx_word' id='word_1_129' title='bbox 177 961 280 991; x_wconf 76' lang='lat' dir='ltr'><strong>mos.</strong></span> <span class='ocrx_word' id='word_1_130' title='bbox 302 947 560 990; x_wconf 78' lang='lat' dir='ltr'><strong>satisfacere</strong></span> <span class='ocrx_word' id='word_1_131' title='bbox 581 947 624 991; x_wconf 85' lang='lat' dir='ltr'><strong>h.</strong></span> <span class='ocrx_word' id='word_1_132' title='bbox 644 961 684 991; x_wconf 88' lang='lat' dir='ltr'><strong>e.</strong></span> <span class='ocrx_word' id='word_1_133' title='bbox 706 952 823 988; x_wconf 87' lang='lat' dir='ltr'><strong>recte</strong></span> <span class='ocrx_word' id='word_1_134' title='bbox 842 961 973 1001; x_wconf 80' lang='lat' dir='ltr'><strong>agere</strong></span> <span class='ocrx_word' id='word_1_135' title='bbox 994 949 1124 989; x_wconf 83' lang='lat' dir='ltr'><strong>velim</strong></span> <span class='ocrx_word' id='word_1_136' title='bbox 1147 948 1422 990; x_wconf 85' lang='lat' dir='ltr'><strong>inhonestum</strong></span> <span class='ocrx_word' id='word_1_137' title='bbox 1448 949 1491 991; x_wconf 94' lang='lat' dir='ltr'><strong>in</strong></span> <span class='ocrx_word' id='word_1_138' title='bbox 1521 953 1646 1003; x_wconf 85' lang='lat' dir='ltr'><strong>tergo</strong></span> 
     </span>
     <span class='ocr_line' id='line_1_15' title="bbox 176 1002 1679 1059; baseline -0.001 -13"><span class='ocrx_word' id='word_1_139' title='bbox 176 1005 377 1048; x_wconf 83' lang='lat' dir='ltr'><strong>haerere.</strong></span> <span class='ocrx_word' id='word_1_140' title='bbox 408 1003 499 1057; x_wconf 77' lang='lat' dir='ltr'>(Cf.</span> <span class='ocrx_word' id='word_1_141' title='bbox 524 1006 592 1055; x_wconf 91' lang='lat' dir='ltr'><strong>ll,</strong></span> <span class='ocrx_word' id='word_1_142' title='bbox 610 1004 681 1046; x_wconf 88' lang='lat'><strong>31.</strong></span> <span class='ocrx_word' id='word_1_143' title='bbox 726 1006 747 1044; x_wconf 94' lang='lat' dir='ltr'><strong>l</strong></span> <span class='ocrx_word' id='word_1_144' title='bbox 769 1002 871 1047; x_wconf 89' lang='lat' dir='ltr'><strong>Cor.</strong></span> <span class='ocrx_word' id='word_1_145' title='bbox 894 1005 935 1055; x_wconf 83' lang='lat'><strong>9,</strong></span> <span class='ocrx_word' id='word_1_146' title='bbox 961 1004 1030 1048; x_wconf 83' lang='lat'><strong>15.</strong></span> <span class='ocrx_word' id='word_1_147' title='bbox 1071 1004 1172 1047; x_wconf 79' lang='lat' dir='ltr'><strong>Gal.</strong></span> <span class='ocrx_word' id='word_1_148' title='bbox 1192 1005 1234 1058; x_wconf 87' lang='grc'><strong>2,</strong></span> <span class='ocrx_word' id='word_1_149' title='bbox 1257 1006 1324 1047; x_wconf 87' lang='grc'><strong>10.</strong></span> <span class='ocrx_word' id='word_1_150' title='bbox 1362 1003 1465 1049; x_wconf 88' lang='lat' dir='ltr'><strong>Joh.</strong></span> <span class='ocrx_word' id='word_1_151' title='bbox 1488 1006 1556 1059; x_wconf 87' lang='lat'><strong>13,</strong></span> <span class='ocrx_word' id='word_1_152' title='bbox 1572 1006 1646 1050; x_wconf 85' lang='lat'><strong>29.</strong></span> <span class='ocrx_word' id='word_1_153' title='bbox 1676 1042 1679 1045; x_wconf 72' lang='grc'><strong>,</strong></span> 
     </span>
     <span class='ocr_line' id='line_1_16' title="bbox 175 1060 1646 1119; baseline 0.001 -17"><span class='ocrx_word' id='word_1_154' title='bbox 175 1062 204 1102; x_wconf 88' lang='grc'><strong>2</strong></span> <span class='ocrx_word' id='word_1_155' title='bbox 224 1061 390 1104; x_wconf 80' lang='lat' dir='ltr'><strong>Thess.</strong></span> <span class='ocrx_word' id='word_1_156' title='bbox 409 1062 451 1114; x_wconf 87' lang='lat'><strong>2,</strong></span> <span class='ocrx_word' id='word_1_157' title='bbox 470 1063 514 1106; x_wconf 89' lang='lat'><strong>7.</strong></span> <span class='ocrx_word' id='word_1_158' title='bbox 546 1062 656 1106; x_wconf 87' lang='lat' dir='ltr'><strong>Act.</strong></span> <span class='ocrx_word' id='word_1_159' title='bbox 679 1061 745 1113; x_wconf 85' lang='lat'><strong>19,</strong></span> <span class='ocrx_word' id='word_1_160' title='bbox 762 1062 841 1113; x_wconf 84' lang='lat'><strong>4.).</strong></span> <span class='ocrx_word' id='word_1_161' title='bbox 902 1060 1058 1103; x_wconf 84' lang='lat' dir='ltr'><strong>Voluit</strong></span> <span class='ocrx_word' id='word_1_162' title='bbox 1080 1067 1223 1103; x_wconf 86' lang='lat' dir='ltr'><strong>autem</strong></span> <span class='ocrx_word' id='word_1_163' title='bbox 1245 1060 1451 1104; x_wconf 82' lang='lat' dir='ltr'><strong>eximium</strong></span> <span class='ocrx_word' id='word_1_164' title='bbox 1473 1061 1646 1119; x_wconf 83' lang='lat' dir='ltr'><strong>pondus</strong></span> 
     </span>
     <span class='ocr_line' id='line_1_17' title="bbox 176 1116 1645 1176; baseline 0 -16"><span class='ocrx_word' id='word_1_165' title='bbox 176 1120 219 1160; x_wconf 87' lang='lat' dir='ltr'><strong>in</strong></span> <span class='ocrx_word' id='word_1_166' title='bbox 240 1132 282 1161; x_wconf 84' lang='lat' dir='ltr'><strong>v.</strong></span> <span class='ocrx_word' id='word_1_167' title='bbox 301 1117 377 1159; x_wconf 70' lang='grc' dir='ltr'><em>τὸν</em></span> <span class='ocrx_word' id='word_1_168' title='bbox 396 1117 530 1171; x_wconf 85' lang='grc' dir='ltr'><em>νόμον</em></span> <span class='ocrx_word' id='word_1_169' title='bbox 549 1116 822 1168; x_wconf 88' lang='lat' dir='ltr'><strong>recumbere,</strong></span> <span class='ocrx_word' id='word_1_170' title='bbox 854 1116 955 1172; x_wconf 86' lang='lat' dir='ltr'><strong>quia</strong></span> <span class='ocrx_word' id='word_1_171' title='bbox 977 1116 1066 1160; x_wconf 84' lang='lat' dir='ltr'><strong>div.</strong></span> <span class='ocrx_word' id='word_1_172' title='bbox 1087 1118 1176 1173; x_wconf 86' lang='lat' dir='ltr'><strong>legi</strong></span> <span class='ocrx_word' id='word_1_173' title='bbox 1199 1131 1292 1159; x_wconf 84' lang='lat' dir='ltr'><strong>eam</strong></span> <span class='ocrx_word' id='word_1_174' title='bbox 1312 1131 1401 1160; x_wconf 85' lang='lat' dir='ltr'><strong>rem</strong></span> <span class='ocrx_word' id='word_1_175' title='bbox 1423 1131 1645 1176; x_wconf 87' lang='lat' dir='ltr'><strong>opponere</strong></span> 
     </span>
     <span class='ocr_line' id='line_1_18' title="bbox 173 1170 1644 1242; baseline 0 -25"><span class='ocrx_word' id='word_1_176' title='bbox 173 1175 453 1225; x_wconf 82' lang='lat' dir='ltr'><strong>decreverat,</strong></span> <span class='ocrx_word' id='word_1_177' title='bbox 484 1174 555 1215; x_wconf 94' lang='lat' dir='ltr'><strong>cui</strong></span> <span class='ocrx_word' id='word_1_178' title='bbox 575 1173 650 1230; x_wconf 88' lang='lat' dir='ltr'><strong>qui</strong></span> <span class='ocrx_word' id='word_1_179' title='bbox 668 1172 864 1242; x_wconf 74' lang='lat' dir='ltr'><strong>loquitur</strong></span> <span class='ocrx_word' id='word_1_180' title='bbox 894 1179 1070 1230; x_wconf 80' lang='lat' dir='ltr'><strong>pareret</strong></span> <span class='ocrx_word' id='word_1_181' title='bbox 1099 1174 1142 1218; x_wconf 88' lang='lat' dir='ltr'><strong>h.</strong></span> <span class='ocrx_word' id='word_1_182' title='bbox 1161 1189 1200 1217; x_wconf 84' lang='lat' dir='ltr'><strong>e.</strong></span> <span class='ocrx_word' id='word_1_183' title='bbox 1227 1175 1304 1230; x_wconf 81' lang='grc' dir='ltr'><em>τὴν</em></span> <span class='ocrx_word' id='word_1_184' title='bbox 1318 1170 1558 1232; x_wconf 74' lang='grc' dir='ltr'><em>Ἅμαρτίαν</em></span> <span class='ocrx_word' id='word_1_185' title='bbox 1582 1177 1644 1227; x_wconf 86' lang='lat' dir='ltr'><strong>(v.</strong></span> 
     </span>
     <span class='ocr_line' id='line_1_19' title="bbox 174 1227 1644 1290; baseline -0.001 -16"><span class='ocrx_word' id='word_1_186' title='bbox 174 1233 347 1290; x_wconf 84' lang='lat' dir='ltr'><strong>supra).</strong></span> <span class='ocrx_word' id='word_1_187' title='bbox 417 1229 506 1274; x_wconf 85' lang='lat' dir='ltr'><strong>Sed</strong></span> <span class='ocrx_word' id='word_1_188' title='bbox 534 1244 665 1287; x_wconf 87' lang='lat' dir='ltr'><strong>quum</strong></span> <span class='ocrx_word' id='word_1_189' title='bbox 692 1245 767 1271; x_wconf 81' lang='grc' dir='ltr'><em>τον</em></span> <span class='ocrx_word' id='word_1_190' title='bbox 794 1228 928 1281; x_wconf 84' lang='grc' dir='ltr'><em>νόμον</em></span> <span class='ocrx_word' id='word_1_191' title='bbox 955 1229 1100 1272; x_wconf 89' lang='lat' dir='ltr'><strong>verbis</strong></span> <span class='ocrx_word' id='word_1_192' title='bbox 1121 1230 1172 1272; x_wconf 81' lang='grc' dir='ltr'><strong>τὸ</strong></span> <span class='ocrx_word' id='word_1_193' title='bbox 1202 1227 1336 1272; x_wconf 82' lang='grc' dir='ltr'><em>καλόν</em></span> <span class='ocrx_word' id='word_1_194' title='bbox 1356 1231 1644 1284; x_wconf 73' lang='lat' dir='ltr'><strong>illustrasset,</strong></span> 
     </span>
     <span class='ocr_line' id='line_1_20' title="bbox 174 1283 1645 1346; baseline -0.001 -16"><span class='ocrx_word' id='word_1_195' title='bbox 174 1288 495 1346; x_wconf 87' lang='lat' dir='ltr'><strong>oppositionem</strong></span> <span class='ocrx_word' id='word_1_196' title='bbox 517 1284 588 1340; x_wconf 75' lang='grc' dir='ltr'><strong>(τὸ</strong></span> <span class='ocrx_word' id='word_1_197' title='bbox 609 1284 759 1339; x_wconf 78' lang='grc' dir='ltr'><em>κακόν)</em></span> <span class='ocrx_word' id='word_1_198' title='bbox 782 1284 835 1327; x_wconf 83' lang='lat' dir='ltr'><strong>ad</strong></span> <span class='ocrx_word' id='word_1_199' title='bbox 855 1287 1173 1342; x_wconf 83' lang='lat' dir='ltr'><strong>appositionem</strong></span> <span class='ocrx_word' id='word_1_200' title='bbox 1202 1285 1274 1343; x_wconf 85' lang='grc' dir='ltr'><strong>(τὸ</strong></span> <span class='ocrx_word' id='word_1_201' title='bbox 1295 1283 1449 1341; x_wconf 82' lang='grc' dir='ltr'><em>καλόν)</em></span> <span class='ocrx_word' id='word_1_202' title='bbox 1475 1301 1645 1330; x_wconf 82' lang='lat' dir='ltr'><strong>accom-</strong></span> 
     </span>
     <span class='ocr_line' id='line_1_21' title="bbox 173 1341 1643 1405; baseline 0.001 -19"><span class='ocrx_word' id='word_1_203' title='bbox 173 1345 381 1388; x_wconf 79' lang='lat' dir='ltr'><strong>modavit.</strong></span> <span class='ocrx_word' id='word_1_204' title='bbox 440 1343 550 1386; x_wconf 88' lang='lat' dir='ltr'><strong>Noli</strong></span> <span class='ocrx_word' id='word_1_205' title='bbox 570 1342 783 1405; x_wconf 83' lang='lat' dir='ltr'><strong>objicere,</strong></span> <span class='ocrx_word' id='word_1_206' title='bbox 819 1341 895 1383; x_wconf 83' lang='grc' dir='ltr'><em>τὸν</em></span> <span class='ocrx_word' id='word_1_207' title='bbox 924 1341 1058 1396; x_wconf 84' lang='grc' dir='ltr'><em>νόμον</em></span> <span class='ocrx_word' id='word_1_208' title='bbox 1081 1357 1166 1385; x_wconf 91' lang='lat' dir='ltr'><strong>non</strong></span> <span class='ocrx_word' id='word_1_209' title='bbox 1198 1357 1329 1401; x_wconf 86' lang='lat' dir='ltr'><strong>posse</strong></span> <span class='ocrx_word' id='word_1_210' title='bbox 1360 1358 1443 1386; x_wconf 90' lang='lat' dir='ltr'><strong>non</strong></span> <span class='ocrx_word' id='word_1_211' title='bbox 1474 1358 1570 1386; x_wconf 83' lang='lat' dir='ltr'><strong>cum</strong></span> <span class='ocrx_word' id='word_1_212' title='bbox 1602 1358 1643 1388; x_wconf 76' lang='lat' dir='ltr'><strong>v,</strong></span> 
     </span>
     <span class='ocr_line' id='line_1_22' title="bbox 172 1397 1644 1459; baseline -0.001 -15"><span class='ocrx_word' id='word_1_213' title='bbox 172 1397 362 1459; x_wconf 78' lang='grc' dir='ltr'><em>εὑρίσκω</em></span> <span class='ocrx_word' id='word_1_214' title='bbox 383 1400 629 1442; x_wconf 78' lang='lat' dir='ltr'><strong>arctissime</strong></span> <span class='ocrx_word' id='word_1_215' title='bbox 657 1399 892 1441; x_wconf 78' lang='lat' dir='ltr'><strong>cohaerere</strong></span> <span class='ocrx_word' id='word_1_216' title='bbox 919 1399 1021 1454; x_wconf 89' lang='lat' dir='ltr'><strong>(hoc</strong></span> <span class='ocrx_word' id='word_1_217' title='bbox 1051 1400 1163 1442; x_wconf 87' lang='lat' dir='ltr'><strong>enim</strong></span> <span class='ocrx_word' id='word_1_218' title='bbox 1193 1400 1392 1457; x_wconf 83' lang='lat' dir='ltr'><strong>precario</strong></span> <span class='ocrx_word' id='word_1_219' title='bbox 1421 1400 1644 1454; x_wconf 80' lang='lat' dir='ltr'><strong>sumitur),</strong></span> 
     </span>
     <span class='ocr_line' id='line_1_23' title="bbox 173 1452 1642 1509; baseline 0 -9"><span class='ocrx_word' id='word_1_220' title='bbox 173 1462 362 1501; x_wconf 73' lang='lat' dir='ltr'><strong>contorte</strong></span> <span class='ocrx_word' id='word_1_221' title='bbox 393 1472 433 1501; x_wconf 84' lang='lat' dir='ltr'><strong>v.</strong></span> <span class='ocrx_word' id='word_1_222' title='bbox 456 1455 532 1499; x_wconf 81' lang='grc' dir='ltr'><em>τὸν</em></span> <span class='ocrx_word' id='word_1_223' title='bbox 552 1452 686 1508; x_wconf 83' lang='grc' dir='ltr'><em>νόμον</em></span> <span class='ocrx_word' id='word_1_224' title='bbox 703 1457 766 1509; x_wconf 77' lang='grc' dir='ltr'><strong>τῷ</strong></span> <span class='ocrx_word' id='word_1_225' title='bbox 786 1455 968 1498; x_wconf 72' lang='grc' dir='ltr'><em>θέλοντι</em></span> <span class='ocrx_word' id='word_1_226' title='bbox 990 1453 1089 1509; x_wconf 78' lang='grc' dir='ltr'><em>ἐμοὶ</em></span> <span class='ocrx_word' id='word_1_227' title='bbox 1107 1460 1272 1507; x_wconf 78' lang='grc' dir='ltr'><em>ποιεῖν,</em></span> <span class='ocrx_word' id='word_1_228' title='bbox 1311 1455 1361 1499; x_wconf 79' lang='grc' dir='ltr'><strong>τὸ</strong></span> <span class='ocrx_word' id='word_1_229' title='bbox 1385 1453 1520 1498; x_wconf 84' lang='grc' dir='ltr'><em>καλόν</em></span> <span class='ocrx_word' id='word_1_230' title='bbox 1539 1462 1642 1500; x_wconf 84' lang='lat' dir='ltr'><strong>ante</strong></span> 
     </span>
     <span class='ocr_line' id='line_1_24' title="bbox 172 1511 1643 1580; baseline -0.001 -24"><span class='ocrx_word' id='word_1_231' title='bbox 172 1529 318 1557; x_wconf 79' lang='lat' dir='ltr'><strong>vocem</strong></span> <span class='ocrx_word' id='word_1_232' title='bbox 341 1514 411 1557; x_wconf 78' lang='grc' dir='ltr'><em>ὅτι</em></span> <span class='ocrx_word' id='word_1_233' title='bbox 429 1514 573 1556; x_wconf 82' lang='lat' dir='ltr'><strong>locata</strong></span> <span class='ocrx_word' id='word_1_234' title='bbox 599 1526 698 1554; x_wconf 85' lang='lat' dir='ltr'><strong>esse</strong></span> <span class='ocrx_word' id='word_1_235' title='bbox 725 1511 802 1567; x_wconf 78' lang='lat' dir='ltr'><strong>(cf.</strong></span> <span class='ocrx_word' id='word_1_236' title='bbox 824 1513 1002 1568; x_wconf 81' lang='lat' dir='ltr'><strong>supra),</strong></span> <span class='ocrx_word' id='word_1_237' title='bbox 1037 1511 1088 1554; x_wconf 81' lang='grc' dir='ltr'><strong>τὸ</strong></span> <span class='ocrx_word' id='word_1_238' title='bbox 1119 1513 1254 1554; x_wconf 79' lang='grc' dir='ltr'><em>καλόν</em></span> <span class='ocrx_word' id='word_1_239' title='bbox 1279 1513 1412 1555; x_wconf 91' lang='lat' dir='ltr'><strong>nimio</strong></span> <span class='ocrx_word' id='word_1_240' title='bbox 1440 1513 1586 1580; x_wconf 80' lang='lat' dir='ltr'><strong>spatio</strong></span> <span class='ocrx_word' id='word_1_241' title='bbox 1615 1527 1643 1555; x_wconf 84' lang='lat' dir='ltr'>a</span> 
     </span>
     <span class='ocr_line' id='line_1_25' title="bbox 172 1566 1641 1626; baseline 0 -14"><span class='ocrx_word' id='word_1_242' title='bbox 172 1586 214 1612; x_wconf 90' lang='lat' dir='ltr'><strong>v.</strong></span> <span class='ocrx_word' id='word_1_243' title='bbox 233 1566 308 1611; x_wconf 71' lang='grc' dir='ltr'><strong>τὼ</strong></span> <span class='ocrx_word' id='word_1_244' title='bbox 328 1568 462 1623; x_wconf 75' lang='grc' dir='ltr'><em>νόμον</em></span> <span class='ocrx_word' id='word_1_245' title='bbox 484 1569 720 1611; x_wconf 89' lang='lat' dir='ltr'><strong>diremtum</strong></span> <span class='ocrx_word' id='word_1_246' title='bbox 741 1581 864 1619; x_wconf 85' lang='lat' dir='ltr'><strong>esse,</strong></span> <span class='ocrx_word' id='word_1_247' title='bbox 893 1582 976 1609; x_wconf 90' lang='lat' dir='ltr'><strong>non</strong></span> <span class='ocrx_word' id='word_1_248' title='bbox 997 1582 1019 1610; x_wconf 80' lang='lat' dir='ltr'>a</span> <span class='ocrx_word' id='word_1_249' title='bbox 1056 1572 1145 1610; x_wconf 86' lang='lat' dir='ltr'><strong>tam</strong></span> <span class='ocrx_word' id='word_1_250' title='bbox 1163 1568 1301 1612; x_wconf 87' lang='lat' dir='ltr'><strong>videri</strong></span> <span class='ocrx_word' id='word_1_251' title='bbox 1320 1569 1641 1626; x_wconf 78' lang='lat' dir='ltr'><strong>appositionem</strong></span> 
     </span>
     <span class='ocr_line' id='line_1_26' title="bbox 171 1623 1642 1681; baseline -0.001 -13"><span class='ocrx_word' id='word_1_252' title='bbox 171 1625 223 1668; x_wconf 81' lang='grc' dir='ltr'><strong>τὸ</strong></span> <span class='ocrx_word' id='word_1_253' title='bbox 246 1625 381 1667; x_wconf 76' lang='grc' dir='ltr'><em>καλόν</em></span> <span class='ocrx_word' id='word_1_254' title='bbox 403 1631 465 1679; x_wconf 82' lang='grc' dir='ltr'><strong>(ν.</strong></span> <span class='ocrx_word' id='word_1_255' title='bbox 485 1625 654 1681; x_wconf 63' lang='lat' dir='ltr'><strong>Reiz-lt.)</strong></span> <span class='ocrx_word' id='word_1_256' title='bbox 673 1629 717 1666; x_wconf 85' lang='lat' dir='ltr'><strong>et</strong></span> <span class='ocrx_word' id='word_1_257' title='bbox 746 1623 926 1667; x_wconf 83' lang='lat' dir='ltr'><strong>similia.</strong></span> <span class='ocrx_word' id='word_1_258' title='bbox 1042 1625 1216 1667; x_wconf 90' lang='lat' dir='ltr'><strong>imirum</strong></span> <span class='ocrx_word' id='word_1_259' title='bbox 1247 1624 1393 1668; x_wconf 83' lang='lat' dir='ltr'><strong>verbis</strong></span> <span class='ocrx_word' id='word_1_260' title='bbox 1422 1624 1473 1667; x_wconf 82' lang='grc' dir='ltr'><strong>τὸ</strong></span> <span class='ocrx_word' id='word_1_261' title='bbox 1506 1624 1642 1666; x_wconf 83' lang='grc' dir='ltr'><em>καλόν</em></span> 
     </span>
     <span class='ocr_line' id='line_1_27' title="bbox 171 1678 1642 1739; baseline 0 -15"><span class='ocrx_word' id='word_1_262' title='bbox 171 1697 227 1724; x_wconf 88' lang='lat' dir='ltr'><strong>ne</strong></span> <span class='ocrx_word' id='word_1_263' title='bbox 261 1682 407 1739; x_wconf 83' lang='lat' dir='ltr'><strong>potuit</strong></span> <span class='ocrx_word' id='word_1_264' title='bbox 446 1680 619 1738; x_wconf 85' lang='lat' dir='ltr'><strong>quidem</strong></span> <span class='ocrx_word' id='word_1_265' title='bbox 654 1680 770 1722; x_wconf 82' lang='lat' dir='ltr'><strong>alius</strong></span> <span class='ocrx_word' id='word_1_266' title='bbox 805 1681 929 1722; x_wconf 87' lang='lat' dir='ltr'><strong>locus</strong></span> <span class='ocrx_word' id='word_1_267' title='bbox 970 1678 1090 1733; x_wconf 87' lang='lat' dir='ltr'><strong>dari,</strong></span> <span class='ocrx_word' id='word_1_268' title='bbox 1150 1695 1278 1737; x_wconf 79' lang='lat' dir='ltr'><strong>quam</strong></span> <span class='ocrx_word' id='word_1_269' title='bbox 1318 1695 1444 1738; x_wconf 86' lang='lat' dir='ltr'><strong>quem</strong></span> <span class='ocrx_word' id='word_1_270' title='bbox 1474 1685 1642 1726; x_wconf 82' lang='lat' dir='ltr'><strong>tenent.</strong></span> 
     </span>
     <span class='ocr_line' id='line_1_28' title="bbox 171 1733 1642 1792; baseline -0.002 -10"><span class='ocrx_word' id='word_1_271' title='bbox 171 1739 439 1783; x_wconf 84' lang='lat' dir='ltr'><strong>Aretissime</strong></span> <span class='ocrx_word' id='word_1_272' title='bbox 457 1738 569 1779; x_wconf 84' lang='lat' dir='ltr'><strong>enim</strong></span> <span class='ocrx_word' id='word_1_273' title='bbox 583 1768 596 1790; x_wconf 90' lang='lat'>‚</span> <span class='ocrx_word' id='word_1_274' title='bbox 624 1740 675 1779; x_wconf 81' lang='lat' dir='ltr'><strong>ut</strong></span> <span class='ocrx_word' id='word_1_275' title='bbox 690 1751 819 1779; x_wconf 86' lang='lat' dir='ltr'><strong>unam</strong></span> <span class='ocrx_word' id='word_1_276' title='bbox 840 1737 1102 1779; x_wconf 85' lang='lat' dir='ltr'><strong>sententiam</strong></span> <span class='ocrx_word' id='word_1_277' title='bbox 1122 1737 1375 1780; x_wconf 83' lang='lat' dir='ltr'><strong>contineant</strong></span> <span class='ocrx_word' id='word_1_278' title='bbox 1393 1739 1488 1792; x_wconf 80' lang='grc' dir='ltr'><em>(τὸν</em></span> <span class='ocrx_word' id='word_1_279' title='bbox 1507 1733 1642 1790; x_wconf 84' lang='grc' dir='ltr'><em>νόμον</em></span> 
     </span>
     <span class='ocr_line' id='line_1_29' title="bbox 170 1790 1641 1852; baseline -0.001 -15"><span class='ocrx_word' id='word_1_280' title='bbox 170 1794 294 1852; x_wconf 67' lang='grc' dir='ltr'><strong>θέλῳ</strong></span> <span class='ocrx_word' id='word_1_281' title='bbox 314 1796 479 1850; x_wconf 78' lang='grc' dir='ltr'><em>ποιεῖν)</em></span> <span class='ocrx_word' id='word_1_282' title='bbox 499 1808 615 1837; x_wconf 84' lang='lat' dir='ltr'><strong>voco.</strong></span> <span class='ocrx_word' id='word_1_283' title='bbox 636 1793 712 1835; x_wconf 78' lang='grc' dir='ltr'><em>τὸν</em></span> <span class='ocrx_word' id='word_1_284' title='bbox 729 1790 856 1845; x_wconf 87' lang='grc' dir='ltr'><em>νόμον</em></span> <span class='ocrx_word' id='word_1_285' title='bbox 882 1792 945 1847; x_wconf 75' lang='grc' dir='ltr'><strong>τῷ</strong></span> <span class='ocrx_word' id='word_1_286' title='bbox 975 1791 1157 1835; x_wconf 72' lang='grc' dir='ltr'><em>θέλοντι</em></span> <span class='ocrx_word' id='word_1_287' title='bbox 1183 1791 1283 1846; x_wconf 81' lang='grc' dir='ltr'><em>ἐμοὶ</em></span> <span class='ocrx_word' id='word_1_288' title='bbox 1312 1795 1460 1835; x_wconf 80' lang='grc' dir='ltr'><em>ποιεῖν</em></span> <span class='ocrx_word' id='word_1_289' title='bbox 1484 1792 1641 1835; x_wconf 76' lang='lat' dir='ltr'><strong>cohae-</strong></span> 
     </span>
     <span class='ocr_line' id='line_1_30' title="bbox 170 1845 1638 1906; baseline -0.003 -11"><span class='ocrx_word' id='word_1_290' title='bbox 170 1858 286 1895; x_wconf 84' lang='lat' dir='ltr'><strong>rent.</strong></span> <span class='ocrx_word' id='word_1_291' title='bbox 346 1851 446 1894; x_wconf 92' lang='lat' dir='ltr'><strong>Non</strong></span> <span class='ocrx_word' id='word_1_292' title='bbox 475 1851 611 1905; x_wconf 76' lang='lat' dir='ltr'><strong>igitur</strong></span> <span class='ocrx_word' id='word_1_293' title='bbox 632 1849 786 1892; x_wconf 85' lang='lat' dir='ltr'><strong>divelli</strong></span> <span class='ocrx_word' id='word_1_294' title='bbox 807 1853 1010 1906; x_wconf 83' lang='lat' dir='ltr'><strong>poterant</strong></span> <span class='ocrx_word' id='word_1_295' title='bbox 1029 1849 1073 1891; x_wconf 89' lang='lat' dir='ltr'><strong>h.</strong></span> <span class='ocrx_word' id='word_1_296' title='bbox 1096 1862 1176 1892; x_wconf 89' lang='lat' dir='ltr'><strong>m.:</strong></span> <span class='ocrx_word' id='word_1_297' title='bbox 1220 1850 1317 1891; x_wconf 79' lang='grc' dir='ltr'><em>τὸν</em></span> <span class='ocrx_word' id='word_1_298' title='bbox 1346 1845 1538 1902; x_wconf 88' lang='grc' dir='ltr'><em>νόμον,</em></span> <span class='ocrx_word' id='word_1_299' title='bbox 1579 1848 1638 1891; x_wconf 85' lang='grc' dir='ltr'><strong>τὸ</strong></span> 
     </span>
     <span class='ocr_line' id='line_1_31' title="bbox 172 1901 1639 1965; baseline -0.002 -16"><span class='ocrx_word' id='word_1_300' title='bbox 172 1905 364 1959; x_wconf 80' lang='grc' dir='ltr'><em>καλὸν,</em></span> <span class='ocrx_word' id='word_1_301' title='bbox 389 1908 452 1965; x_wconf 69' lang='grc' dir='ltr'><strong>τῷ</strong></span> <span class='ocrx_word' id='word_1_302' title='bbox 480 1905 579 1949; x_wconf 66' lang='grc' dir='ltr'><strong>θέλ.</strong></span> <span class='ocrx_word' id='word_1_303' title='bbox 614 1904 649 1948; x_wconf 79' lang='grc' dir='ltr'><strong>ἐ.</strong></span> <span class='ocrx_word' id='word_1_304' title='bbox 677 1920 742 1947; x_wconf 90' lang='grc' dir='ltr'><strong>π..</strong></span> <span class='ocrx_word' id='word_1_305' title='bbox 811 1905 906 1947; x_wconf 86' lang='lat' dir='ltr'><strong>Imo</strong></span> <span class='ocrx_word' id='word_1_306' title='bbox 936 1905 1001 1946; x_wconf 86' lang='lat' dir='ltr'><strong>sic</strong></span> <span class='ocrx_word' id='word_1_307' title='bbox 1028 1903 1104 1947; x_wconf 85' lang='grc' dir='ltr'><em>τὸν</em></span> <span class='ocrx_word' id='word_1_308' title='bbox 1136 1901 1270 1958; x_wconf 71' lang='grc' dir='ltr'><em>νόμον</em></span> <span class='ocrx_word' id='word_1_309' title='bbox 1296 1901 1388 1946; x_wconf 76' lang='grc' dir='ltr'><em>τὸν</em></span> <span class='ocrx_word' id='word_1_310' title='bbox 1417 1903 1551 1947; x_wconf 84' lang='grc' dir='ltr'><em>καλὸν</em></span> <span class='ocrx_word' id='word_1_311' title='bbox 1576 1906 1639 1962; x_wconf 80' lang='grc' dir='ltr'><strong>τῷ</strong></span> 
     </span>
     <span class='ocr_line' id='line_1_32' title="bbox 170 1960 1637 2020; baseline -0.003 -14"><span class='ocrx_word' id='word_1_312' title='bbox 170 1963 271 2006; x_wconf 68' lang='grc' dir='ltr'><strong>θέλ.</strong></span> <span class='ocrx_word' id='word_1_313' title='bbox 291 1964 325 2007; x_wconf 78' lang='grc' dir='ltr'><strong>ἐ.</strong></span> <span class='ocrx_word' id='word_1_314' title='bbox 347 1980 393 2006; x_wconf 87' lang='grc' dir='ltr'><strong>π.</strong></span> <span class='ocrx_word' id='word_1_315' title='bbox 423 1969 485 2020; x_wconf 81' lang='lat' dir='ltr'><strong>(v.</strong></span> <span class='ocrx_word' id='word_1_316' title='bbox 504 1977 545 2005; x_wconf 72' lang='lat' dir='ltr'><strong>v·</strong></span> <span class='ocrx_word' id='word_1_317' title='bbox 567 1963 659 2018; x_wconf 88' lang='lat'><strong>16.)</strong></span> <span class='ocrx_word' id='word_1_318' title='bbox 688 1963 781 2019; x_wconf 88' lang='lat' dir='ltr'><strong>Ap.</strong></span> <span class='ocrx_word' id='word_1_319' title='bbox 808 1961 1080 2018; x_wconf 79' lang='lat' dir='ltr'><strong>scripsisset.</strong></span> <span class='ocrx_word' id='word_1_320' title='bbox 1137 1960 1234 2005; x_wconf 82' lang='lat' dir='ltr'><strong>Jam</strong></span> <span class='ocrx_word' id='word_1_321' title='bbox 1265 1967 1313 2003; x_wconf 85' lang='lat' dir='ltr'><strong>ut</strong></span> <span class='ocrx_word' id='word_1_322' title='bbox 1343 1961 1452 2002; x_wconf 85' lang='lat' dir='ltr'><strong>mira</strong></span> <span class='ocrx_word' id='word_1_323' title='bbox 1479 1974 1558 2018; x_wconf 85' lang='lat' dir='ltr'><strong>per</strong></span> <span class='ocrx_word' id='word_1_324' title='bbox 1588 1975 1637 2002; x_wconf 88' lang='lat' dir='ltr'><strong>se</strong></span> 
     </span>
     <span class='ocr_line' id='line_1_33' title="bbox 171 2013 1638 2078; baseline -0.003 -16"><span class='ocrx_word' id='word_1_325' title='bbox 171 2021 374 2063; x_wconf 77' lang='lat' dir='ltr'><strong>videatur</strong></span> <span class='ocrx_word' id='word_1_326' title='bbox 396 2019 615 2078; x_wconf 80' lang='lat' dir='ltr'><strong>appositio</strong></span> <span class='ocrx_word' id='word_1_327' title='bbox 637 2015 712 2060; x_wconf 76' lang='grc' dir='ltr'><em>τὸν</em></span> <span class='ocrx_word' id='word_1_328' title='bbox 733 2014 887 2071; x_wconf 85' lang='grc' dir='ltr'><em>νόμον,</em></span> <span class='ocrx_word' id='word_1_329' title='bbox 925 2013 977 2059; x_wconf 63' lang='lat' dir='ltr'><strong>‘co‘</strong></span> <span class='ocrx_word' id='word_1_330' title='bbox 995 2016 1127 2059; x_wconf 82' lang='grc' dir='ltr'><em>καλόν</em></span> <span class='ocrx_word' id='word_1_331' title='bbox 1155 2020 1301 2072; x_wconf 88' lang='lat' dir='ltr'><strong>(nemo</strong></span> <span class='ocrx_word' id='word_1_332' title='bbox 1321 2020 1434 2059; x_wconf 82' lang='lat' dir='ltr'><strong>enim</strong></span> <span class='ocrx_word' id='word_1_333' title='bbox 1454 2030 1540 2058; x_wconf 90' lang='lat' dir='ltr'><strong>non</strong></span> <span class='ocrx_word' id='word_1_334' title='bbox 1562 2015 1638 2058; x_wconf 78' lang='grc' dir='ltr'><em>τὸν</em></span> 
     </span>
     <span class='ocr_line' id='line_1_34' title="bbox 170 2073 1638 2131; baseline -0.004 -11"><span class='ocrx_word' id='word_1_335' title='bbox 170 2079 304 2131; x_wconf 78' lang='grc' dir='ltr'><em>νόμον</em></span> <span class='ocrx_word' id='word_1_336' title='bbox 323 2078 381 2119; x_wconf 75' lang='grc' dir='ltr'><strong>τὸ</strong></span> <span class='ocrx_word' id='word_1_337' title='bbox 395 2094 416 2117; x_wconf 88' lang='grc' dir='ltr'><em>ν</em></span> <span class='ocrx_word' id='word_1_338' title='bbox 434 2075 566 2118; x_wconf 80' lang='grc' dir='ltr'><em>καλὸν</em></span> <span class='ocrx_word' id='word_1_339' title='bbox 591 2076 654 2117; x_wconf 85' lang='lat' dir='ltr'><strong>sic</strong></span> <span class='ocrx_word' id='word_1_340' title='bbox 675 2074 820 2116; x_wconf 81' lang='lat' dir='ltr'><strong>dicere</strong></span> <span class='ocrx_word' id='word_1_341' title='bbox 843 2073 1084 2128; x_wconf 82' lang='lat' dir='ltr'><strong>maluerit),</strong></span> <span class='ocrx_word' id='word_1_342' title='bbox 1107 2074 1268 2130; x_wconf 88' lang='lat' dir='ltr'><strong>optime</strong></span> <span class='ocrx_word' id='word_1_343' title='bbox 1285 2080 1429 2116; x_wconf 81' lang='lat' dir='ltr'><strong>tamen</strong></span> <span class='ocrx_word' id='word_1_344' title='bbox 1450 2086 1500 2115; x_wconf 82' lang='lat' dir='ltr'><strong>ea</strong></span> <span class='ocrx_word' id='word_1_345' title='bbox 1522 2086 1638 2114; x_wconf 88' lang='lat' dir='ltr'><strong>com-</strong></span> 
     </span>
     <span class='ocr_line' id='line_1_35' title="bbox 170 2127 1638 2193; baseline -0.004 -17"><span class='ocrx_word' id='word_1_346' title='bbox 170 2142 325 2193; x_wconf 79' lang='lat' dir='ltr'><strong>parata</strong></span> <span class='ocrx_word' id='word_1_347' title='bbox 348 2138 415 2175; x_wconf 82' lang='lat' dir='ltr'><strong>est</strong></span> <span class='ocrx_word' id='word_1_348' title='bbox 429 2167 440 2187; x_wconf 92' lang='lat'>‚</span> <span class='ocrx_word' id='word_1_349' title='bbox 479 2132 564 2189; x_wconf 68' lang='lat' dir='ltr'><strong>quzi</strong></span> <span class='ocrx_word' id='word_1_350' title='bbox 587 2131 637 2175; x_wconf 83' lang='lat' dir='ltr'><strong>l&#39;.</strong></span> <span class='ocrx_word' id='word_1_351' title='bbox 658 2136 753 2186; x_wconf 75' lang='lat' dir='ltr'><strong>post</strong></span> <span class='ocrx_word' id='word_1_352' title='bbox 774 2146 813 2174; x_wconf 86' lang='grc' dir='ltr'><strong>υ.</strong></span> <span class='ocrx_word' id='word_1_353' title='bbox 841 2130 917 2172; x_wconf 81' lang='grc' dir='ltr'><em>τὸν</em></span> <span class='ocrx_word' id='word_1_354' title='bbox 935 2127 1069 2182; x_wconf 88' lang='grc' dir='ltr'><em>νόμον</em></span> <span class='ocrx_word' id='word_1_355' title='bbox 1088 2132 1151 2187; x_wconf 70' lang='grc' dir='ltr'><strong>τῷ</strong></span> <span class='ocrx_word' id='word_1_356' title='bbox 1170 2129 1353 2172; x_wconf 71' lang='grc' dir='ltr'><em>θέλοντι</em></span> <span class='ocrx_word' id='word_1_357' title='bbox 1372 2127 1473 2182; x_wconf 75' lang='grc' dir='ltr'><em>ἐμοὶ</em></span> <span class='ocrx_word' id='word_1_358' title='bbox 1490 2130 1638 2170; x_wconf 78' lang='grc' dir='ltr'><em>ποιεῖν</em></span> 
     </span>
     <span class='ocr_line' id='line_1_36' title="bbox 172 2179 1638 2242; baseline -0.005 -8"><span class='ocrx_word' id='word_1_359' title='bbox 172 2206 280 2234; x_wconf 85' lang='lat' dir='ltr'><strong>usus</strong></span> <span class='ocrx_word' id='word_1_360' title='bbox 301 2199 385 2234; x_wconf 80' lang='lat' dir='ltr'><strong>est.</strong></span> <span class='ocrx_word' id='word_1_361' title='bbox 444 2190 569 2231; x_wconf 80' lang='lat' dir='ltr'><strong>Hanc</strong></span> <span class='ocrx_word' id='word_1_362' title='bbox 599 2189 713 2230; x_wconf 91' lang='lat' dir='ltr'><strong>enim</strong></span> <span class='ocrx_word' id='word_1_363' title='bbox 742 2187 827 2228; x_wconf 83' lang='lat' dir='ltr'><strong>vim</strong></span> <span class='ocrx_word' id='word_1_364' title='bbox 859 2186 1016 2230; x_wconf 81' lang='lat' dir='ltr'><strong>habet:</strong></span> <span class='ocrx_word' id='word_1_365' title='bbox 1054 2182 1241 2242; x_wconf 78' lang='grc' dir='ltr'><em>εὑρίσκω</em></span> <span class='ocrx_word' id='word_1_366' title='bbox 1268 2179 1378 2239; x_wconf 65' lang='grc' dir='ltr'><strong>ἄρα,</strong></span> <span class='ocrx_word' id='word_1_367' title='bbox 1418 2184 1511 2227; x_wconf 84' lang='grc' dir='ltr'><em>τὸν</em></span> <span class='ocrx_word' id='word_1_368' title='bbox 1539 2181 1638 2227; x_wconf 85' lang='grc' dir='ltr'><em>νό-</em></span> 
     </span>
     <span class='ocr_line' id='line_1_37' title="bbox 171 2240 1637 2304; baseline -0.005 -14"><span class='ocrx_word' id='word_1_369' title='bbox 171 2265 201 2302; x_wconf 80' lang='grc' dir='ltr'>μ</span> <span class='ocrx_word' id='word_1_370' title='bbox 215 2264 270 2290; x_wconf 90' lang='grc' dir='ltr'><em>ον</em></span> <span class='ocrx_word' id='word_1_371' title='bbox 298 2250 358 2304; x_wconf 70' lang='grc' dir='ltr'><strong>τῷ</strong></span> <span class='ocrx_word' id='word_1_372' title='bbox 382 2245 562 2289; x_wconf 65' lang='grc' dir='ltr'><em>θέλοντι</em></span> <span class='ocrx_word' id='word_1_373' title='bbox 583 2243 681 2297; x_wconf 78' lang='grc' dir='ltr'><em>ἐμοὶ</em></span> <span class='ocrx_word' id='word_1_374' title='bbox 700 2247 856 2293; x_wconf 78' lang='grc' dir='ltr'><em>ποιεῖν,</em></span> <span class='ocrx_word' id='word_1_375' title='bbox 885 2241 1086 2285; x_wconf 75' lang='grc' dir='ltr'><em>τουτέστι</em></span> <span class='ocrx_word' id='word_1_376' title='bbox 1107 2240 1167 2283; x_wconf 83' lang='grc' dir='ltr'><strong>τὸ</strong></span> <span class='ocrx_word' id='word_1_377' title='bbox 1188 2241 1355 2283; x_wconf 79' lang='grc' dir='ltr'><em>καλὸν</em></span> <span class='ocrx_word' id='word_1_378' title='bbox 1375 2241 1436 2296; x_wconf 77' lang='grc' dir='ltr'><strong>τῷ</strong></span> <span class='ocrx_word' id='word_1_379' title='bbox 1454 2240 1637 2283; x_wconf 77' lang='grc' dir='ltr'><em>θέλοντι</em></span> 
     </span>
     <span class='ocr_line' id='line_1_38' title="bbox 173 2296 1637 2355; baseline -0.005 -8"><span class='ocrx_word' id='word_1_380' title='bbox 173 2305 273 2355; x_wconf 75' lang='grc' dir='ltr'><strong>ἐμοὶ</strong></span> <span class='ocrx_word' id='word_1_381' title='bbox 291 2307 436 2345; x_wconf 81' lang='grc' dir='ltr'><em>ποιεῖν</em></span> <span class='ocrx_word' id='word_1_382' title='bbox 457 2301 525 2344; x_wconf 79' lang='grc' dir='ltr'><strong>ὅτι</strong></span> <span class='ocrx_word' id='word_1_383' title='bbox 545 2309 627 2344; x_wconf 91' lang='lat' dir='ltr'><strong>etc.</strong></span> <span class='ocrx_word' id='word_1_384' title='bbox 650 2299 837 2354; x_wconf 65' lang='lat' dir='ltr'><strong>intelligo</strong></span> <span class='ocrx_word' id='word_1_385' title='bbox 856 2300 986 2354; x_wconf 58' lang='lat' dir='ltr'><strong>{quur</strong></span> <span class='ocrx_word' id='word_1_386' title='bbox 1005 2297 1107 2339; x_wconf 74' lang='lat' dir='ltr'><strong>mihi</strong></span> <span class='ocrx_word' id='word_1_387' title='bbox 1125 2298 1196 2353; x_wconf 79' lang='lat' dir='ltr'><strong>qui</strong></span> <span class='ocrx_word' id='word_1_388' title='bbox 1214 2296 1297 2351; x_wconf 74' lang='lat' dir='ltr'><strong>leqz’</strong></span> <span class='ocrx_word' id='word_1_389' title='bbox 1324 2310 1427 2340; x_wconf 76' lang='lat' dir='ltr'><strong>mos.</strong></span> <span class='ocrx_word' id='word_1_390' title='bbox 1456 2297 1637 2350; x_wconf 72' lang='lat' dir='ltr'><strong>obedire,</strong></span> 
     </span>
     <span class='ocr_line' id='line_1_39' title="bbox 171 2352 1635 2415; baseline -0.005 -13"><span class='ocrx_word' id='word_1_391' title='bbox 171 2361 253 2402; x_wconf 87' lang='lat' dir='ltr'><strong>hoc</strong></span> <span class='ocrx_word' id='word_1_392' title='bbox 275 2364 342 2402; x_wconf 83' lang='lat' dir='ltr'><strong>est</strong></span> <span class='ocrx_word' id='word_1_393' title='bbox 365 2362 517 2415; x_wconf 86' lang='lat' dir='ltr'><strong>(quum</strong></span> <span class='ocrx_word' id='word_1_394' title='bbox 542 2357 681 2400; x_wconf 84' lang='lat' dir='ltr'><strong>Mosis</strong></span> <span class='ocrx_word' id='word_1_395' title='bbox 709 2355 944 2412; x_wconf 79' lang='lat' dir='ltr'><strong>disciplina</strong></span> <span class='ocrx_word' id='word_1_396' title='bbox 970 2357 1119 2396; x_wconf 83' lang='lat' dir='ltr'><strong>sancta</strong></span> <span class='ocrx_word' id='word_1_397' title='bbox 1150 2352 1209 2394; x_wconf 85' lang='lat' dir='ltr'><strong>sit</strong></span> <span class='ocrx_word' id='word_1_398' title='bbox 1235 2367 1275 2396; x_wconf 85' lang='lat' dir='ltr'><strong>v.</strong></span> <span class='ocrx_word' id='word_1_399' title='bbox 1301 2353 1391 2408; x_wconf 88' lang='grc'><strong>16.)</strong></span> <span class='ocrx_word' id='word_1_400' title='bbox 1418 2352 1635 2395; x_wconf 76' lang='lat' dir='ltr'><strong>honestum</strong></span> 
     </span>
     <span class='ocr_line' id='line_1_40' title="bbox 172 2408 1635 2473; baseline -0.005 -15"><span class='ocrx_word' id='word_1_401' title='bbox 172 2417 346 2473; x_wconf 70' lang='lat' dir='ltr'><strong>exsequi</strong></span> <span class='ocrx_word' id='word_1_402' title='bbox 366 2418 427 2468; x_wconf 78' lang='lat' dir='ltr'><strong>(v.</strong></span> <span class='ocrx_word' id='word_1_403' title='bbox 454 2416 541 2467; x_wconf 87' lang='grc'><strong>18.)</strong></span> <span class='ocrx_word' id='word_1_404' title='bbox 558 2415 708 2464; x_wconf 81' lang='lat' dir='ltr'><strong>velim,</strong></span> <span class='ocrx_word' id='word_1_405' title='bbox 743 2412 849 2452; x_wconf 92' lang='lat' dir='ltr'><strong>mihi</strong></span> <span class='ocrx_word' id='word_1_406' title='bbox 879 2412 1053 2465; x_wconf 81' lang='lat' dir='ltr'><strong>inquam</strong></span> <span class='ocrx_word' id='word_1_407' title='bbox 1083 2408 1358 2452; x_wconf 86' lang='lat' dir='ltr'><strong>inhonestum</strong></span> <span class='ocrx_word' id='word_1_408' title='bbox 1387 2409 1432 2451; x_wconf 88' lang='lat' dir='ltr'><strong>in</strong></span> <span class='ocrx_word' id='word_1_409' title='bbox 1459 2414 1635 2466; x_wconf 84' lang='lat' dir='ltr'><strong>promtu</strong></span> 
     </span>
     <span class='ocr_line' id='line_1_41' title="bbox 174 2464 1634 2525; baseline -0.005 -11"><span class='ocrx_word' id='word_1_410' title='bbox 174 2486 288 2515; x_wconf 83' lang='lat' dir='ltr'><strong>esse.</strong></span> <span class='ocrx_word' id='word_1_411' title='bbox 347 2472 447 2513; x_wconf 55' lang='lat' dir='ltr'><strong>Non</strong></span> <span class='ocrx_word' id='word_1_412' title='bbox 470 2472 606 2525; x_wconf 78' lang='lat' dir='ltr'><strong>igitur</strong></span> <span class='ocrx_word' id='word_1_413' title='bbox 627 2469 728 2523; x_wconf 75' lang='lat' dir='ltr'><strong>leyis</strong></span> <span class='ocrx_word' id='word_1_414' title='bbox 744 2466 855 2509; x_wconf 76' lang='lat' dir='ltr'><strong>notio</strong></span> <span class='ocrx_word' id='word_1_415' title='bbox 876 2465 1149 2522; x_wconf 80' lang='lat' dir='ltr'><strong>appositione</strong></span> <span class='ocrx_word' id='word_1_416' title='bbox 1178 2465 1228 2506; x_wconf 79' lang='grc' dir='ltr'><strong>τὸ</strong></span> <span class='ocrx_word' id='word_1_417' title='bbox 1251 2464 1384 2506; x_wconf 80' lang='grc' dir='ltr'><em>καλόν</em></span> <span class='ocrx_word' id='word_1_418' title='bbox 1404 2464 1634 2517; x_wconf 84' lang='lat' dir='ltr'><strong>enodatur,</strong></span> 
     </span>
     <span class='ocr_line' id='line_1_42' title="bbox 174 2520 1634 2584; baseline -0.005 -14"><span class='ocrx_word' id='word_1_419' title='bbox 174 2529 250 2571; x_wconf 87' lang='lat' dir='ltr'><strong>sed</strong></span> <span class='ocrx_word' id='word_1_420' title='bbox 271 2528 541 2584; x_wconf 78' lang='lat' dir='ltr'><strong>loquutionis</strong></span> <span class='ocrx_word' id='word_1_421' title='bbox 566 2524 640 2567; x_wconf 76' lang='grc' dir='ltr'><em>τὸν</em></span> <span class='ocrx_word' id='word_1_422' title='bbox 660 2522 792 2575; x_wconf 81' lang='grc' dir='ltr'><em>νόμον</em></span> <span class='ocrx_word' id='word_1_423' title='bbox 811 2520 960 2564; x_wconf 62' lang='grc' dir='ltr'><em>θέλειν</em></span> <span class='ocrx_word' id='word_1_424' title='bbox 988 2525 1133 2562; x_wconf 84' lang='grc' dir='ltr'><em>ποιεῖν</em></span> <span class='ocrx_word' id='word_1_425' title='bbox 1159 2521 1225 2563; x_wconf 76' lang='lat' dir='ltr'><strong>vis</strong></span> <span class='ocrx_word' id='word_1_426' title='bbox 1257 2521 1504 2564; x_wconf 86' lang='lat' dir='ltr'><strong>ostenditur</strong></span> <span class='ocrx_word' id='word_1_427' title='bbox 1530 2521 1634 2577; x_wconf 64' lang='lat' dir='ltr'><strong>(legi</strong></span> 
     </span>
     <span class='ocr_line' id='line_1_43' title="bbox 173 2577 1633 2640; baseline -0.006 -13"><span class='ocrx_word' id='word_1_428' title='bbox 173 2600 278 2628; x_wconf 68' lang='lat' dir='ltr'><strong>mos.</strong></span> <span class='ocrx_word' id='word_1_429' title='bbox 297 2585 554 2640; x_wconf 73' lang='lat' dir='ltr'><strong>satisfacere</strong></span> <span class='ocrx_word' id='word_1_430' title='bbox 581 2581 683 2624; x_wconf 73' lang='lat' dir='ltr'><strong>velle</strong></span> <span class='ocrx_word' id='word_1_431' title='bbox 710 2579 822 2621; x_wconf 84' lang='lat' dir='ltr'><strong>idem</strong></span> <span class='ocrx_word' id='word_1_432' title='bbox 848 2583 918 2619; x_wconf 88' lang='lat' dir='ltr'><strong>est</strong></span> <span class='ocrx_word' id='word_1_433' title='bbox 945 2577 1059 2633; x_wconf 87' lang='lat' dir='ltr'><strong>quod</strong></span> <span class='ocrx_word' id='word_1_434' title='bbox 1085 2578 1303 2620; x_wconf 76' lang='lat' dir='ltr'><strong>honestum</strong></span> <span class='ocrx_word' id='word_1_435' title='bbox 1328 2577 1503 2634; x_wconf 74' lang='lat' dir='ltr'><strong>exsequi</strong></span> <span class='ocrx_word' id='word_1_436' title='bbox 1521 2578 1633 2620; x_wconf 76' lang='lat' dir='ltr'><strong>velle</strong></span> 
     </span>
     <span class='ocr_line' id='line_1_44' title="bbox 173 2630 1632 2692; baseline -0.006 -8"><span class='ocrx_word' id='word_1_437' title='bbox 173 2644 228 2685; x_wconf 77' lang='lat' dir='ltr'><strong>cf.</strong></span> <span class='ocrx_word' id='word_1_438' title='bbox 251 2655 290 2684; x_wconf 81' lang='lat' dir='ltr'><strong>v.</strong></span> <span class='ocrx_word' id='word_1_439' title='bbox 314 2640 574 2691; x_wconf 77' lang='lat'>16.--18,),</span> <span class='ocrx_word' id='word_1_440' title='bbox 616 2650 700 2692; x_wconf 80' lang='lat' dir='ltr'><strong>quo</strong></span> <span class='ocrx_word' id='word_1_441' title='bbox 731 2633 855 2676; x_wconf 84' lang='lat' dir='ltr'><strong>modo</strong></span> <span class='ocrx_word' id='word_1_442' title='bbox 883 2634 997 2676; x_wconf 79' lang='lat' dir='ltr'><strong>infra</strong></span> <span class='ocrx_word' id='word_1_443' title='bbox 1028 2635 1070 2685; x_wconf 83' lang='lat'><strong>8,</strong></span> <span class='ocrx_word' id='word_1_444' title='bbox 1087 2633 1159 2678; x_wconf 87' lang='grc'><strong>23.</strong></span> <span class='ocrx_word' id='word_1_445' title='bbox 1189 2631 1422 2676; x_wconf 72' lang='grc' dir='ltr'><em>υἱοθεσίαν</em></span> <span class='ocrx_word' id='word_1_446' title='bbox 1438 2630 1632 2675; x_wconf 81' lang='grc' dir='ltr'><em>ἀπεκδέ-</em></span> 
     </span>
     <span class='ocr_line' id='line_1_45' title="bbox 170 2687 1634 2750; baseline -0.007 -11"><span class='ocrx_word' id='word_1_447' title='bbox 170 2701 332 2750; x_wconf 68' lang='grc' dir='ltr'><em>χεσθαι</em></span> <span class='ocrx_word' id='word_1_448' title='bbox 374 2695 485 2737; x_wconf 83' lang='lat' dir='ltr'><strong>idem</strong></span> <span class='ocrx_word' id='word_1_449' title='bbox 526 2695 672 2735; x_wconf 71' lang='lat' dir='ltr'><strong>valere</strong></span> <span class='ocrx_word' id='word_1_450' title='bbox 710 2689 824 2746; x_wconf 80' lang='lat' dir='ltr'><strong>quod</strong></span> <span class='ocrx_word' id='word_1_451' title='bbox 863 2689 939 2746; x_wconf 62' lang='grc' dir='ltr'><strong>τὴν</strong></span> <span class='ocrx_word' id='word_1_452' title='bbox 975 2687 1282 2745; x_wconf 54' lang='lat' dir='ltr'><strong>&amp;mmmmm</strong></span> <span class='ocrx_word' id='word_1_453' title='bbox 1312 2690 1391 2731; x_wconf 81' lang='grc' dir='ltr'><strong>τοῦ</strong></span> <span class='ocrx_word' id='word_1_454' title='bbox 1428 2688 1634 2742; x_wconf 78' lang='grc' dir='ltr'><em>σώματος</em></span> 
     </span>
     <span class='ocr_line' id='line_1_46' title="bbox 171 2743 1631 2806; baseline -0.006 -12"><span class='ocrx_word' id='word_1_455' title='bbox 171 2752 499 2804; x_wconf 66' lang='grc' dir='ltr'><em>άπεκὸέχεσῦαι</em></span> <span class='ocrx_word' id='word_1_456' title='bbox 516 2752 603 2806; x_wconf 83' lang='lat' dir='ltr'><strong>Ap.</strong></span> <span class='ocrx_word' id='word_1_457' title='bbox 626 2755 787 2791; x_wconf 82' lang='lat' dir='ltr'><strong>monet.</strong></span> <span class='ocrx_word' id='word_1_458' title='bbox 847 2745 1074 2788; x_wconf 83' lang='lat' dir='ltr'><strong>Postremo</strong></span> <span class='ocrx_word' id='word_1_459' title='bbox 1095 2760 1146 2787; x_wconf 87' lang='lat' dir='ltr'><strong>ne</strong></span> <span class='ocrx_word' id='word_1_460' title='bbox 1168 2745 1356 2803; x_wconf 80' lang='lat' dir='ltr'><strong>repetito</strong></span> <span class='ocrx_word' id='word_1_461' title='bbox 1371 2743 1631 2788; x_wconf 83' lang='lat' dir='ltr'><strong>Pronomine</strong></span> 
     </span>
     <span class='ocr_line' id='line_1_47' title="bbox 173 2802 1631 2862; baseline -0.006 -10"><span class='ocrx_word' id='word_1_462' title='bbox 173 2810 273 2862; x_wconf 65' lang='grc' dir='ltr'><strong>ἐμοὶ</strong></span> <span class='ocrx_word' id='word_1_463' title='bbox 295 2810 406 2851; x_wconf 76' lang='lat' dir='ltr'><strong>male</strong></span> <span class='ocrx_word' id='word_1_464' title='bbox 429 2806 689 2858; x_wconf 73' lang='lat' dir='ltr'><strong>offendaris,</strong></span> <span class='ocrx_word' id='word_1_465' title='bbox 718 2802 1077 2846; x_wconf 75' lang='lat' dir='ltr'><strong>considerandum</strong></span> <span class='ocrx_word' id='word_1_466' title='bbox 1107 2807 1198 2856; x_wconf 71' lang='lat' dir='ltr'><strong>est,</strong></span> <span class='ocrx_word' id='word_1_467' title='bbox 1235 2802 1499 2845; x_wconf 80' lang='lat' dir='ltr'><strong>Pronomina</strong></span> <span class='ocrx_word' id='word_1_468' title='bbox 1532 2814 1631 2860; x_wconf 83' lang='lat' dir='ltr'><strong>per-</strong></span> 
     </span>
    </p>
   </div>
  </div>
 </body>
</html>
