1715 3115
484 215 644 262 CAP.
676 214 842 260 VIII.
896 216 987 261 Va.
1017 217 1114 262 28..
1200 252 1202 254 v
1449 219 1531 261 195

67 325 179 383 πρὸς
196 320 461 381 τάγαθά.)
509 323 727 367 Praebent
745 338 841 365 eum
857 323 1057 369 Clemens
1071 322 1236 367 Strom.
1254 322 1337 374 lv,
1369 337 1410 381 p.
1429 323 1530 371 359.

68 386 138 430 ed.
160 382 380 435 Gommel.‚
412 381 530 436 Ore'q.
549 382 618 422 bis
638 385 812 437 (quater
833 381 1042 434 omittit),
1071 379 1350 436 Theodoret,
1381 380 1530 424 Theo-

68 442 191 498 phyl.
210 441 273 483 A.
292 439 364 482 57.
385 437 456 481 72.
477 439 548 482 73.
567 437 641 482 74.
661 446 704 479 et
725 438 803 479 ali(
821 444 896 479 uot
921 438 1016 481 alii.
1074 437 1254 482 Luchm.
1285 451 1380 480 eum
1411 452 1530 480 rece-

67 499 149 555 pit.
210 496 317 540 Cum
339 495 556 538 sententia
575 493 785 537 contende
846 495 924 538 tat.
948 495 1016 536 De
1046 508 1139 552 rep.
1161 508 1203 550 p.
1218 494 1317 538 013.
1344 495 1411 551 (p.
1428 495 1529 540 500.

69 553 220 610 Bet-k.)
271 550 426 600 Οὕτως
473 545 559 605 ἄρα
613 546 897 607 ὑποληπτέον
940 552 1045 605 περὶ
1098 552 1177 592 τοῦ
1224 550 1401 593 δικαίου
1452 549 1532 592 ἇν-

70 609 199 665 δρός,
232 606 306 651 ἐάν
336 604 420 649 τ’ἑν
439 606 571 665 πενίᾳ
602 606 799 663 γίγνηται
837 605 912 650 ἐάν
939 623 985 648 τε
1017 604 1064 648 ἐν
1088 604 1237 657 νόσοις
1257 601 1284 662 ἤ
1304 623 1389 648 τινι
1408 606 1531 664 ἄλλῳ

69 667 157 708 τῶν
179 661 424 707 δοκούντων
452 667 618 712 κακῶν,
659 659 718 713 ὦς
743 664 886 719 τούτῳ
916 662 1054 704 ταῦτα
1085 662 1149 711 εἷς
1184 661 1357 717 ἀγαθόν
1381 680 1424 705 τι
1454 679 1532 706 τε-

69 719 272 777 λευτήσει
296 720 422 772 ζῶντι
447 721 470 776 ἢ
501 721 574 761 καὶ
603 716 894 762 ἀποθανόντι.
936 720 1078 763 Sirac.
1096 720 1249 773 39,27.
1282 721 1442 764 Genes.
1463 723 1534 774 50,

69 781 142 823 20.
171 784 216 822 et
244 777 436 820 fabulam
465 776 517 818 de
548 777 798 826 Naehumo,
849 777 924 832 qui
954 791 1190 831 cognomen
1222 792 1254 820 π
1292 788 1336 820 m
1368 790 1450 821 mv&
1477 793 1534 821 ex

73 850 124 878 eo
153 834 392 885 invenerit,
441 835 557 890 quod
595 834 662 876 vel
695 847 861 875 summo
890 834 1130 876 infortunio
1163 834 1437 876 conflictatus
1469 834 1537 876 di-

73 895 215 935 xerit:
255 890 387 935 razn-s:
409 905 440 933 π
463 902 509 934 ε)
527 892 602 934 hoc
629 905 786 947 quoque
805 891 1008 945 (malum)
1036 891 1079 931 in
1111 891 1262 932 bonum
1284 891 1391 933 cedit
1420 891 1537 950 apud

72 948 286 1003 Schoetty.
305 946 360 988 ad
390 947 431 989 h.
463 948 495 991 1.
518 972 573 978 -—
613 950 706 995 τοῖς
732 963 769 988 κ.
791 962 868 1002 πρ.
903 947 967 987 κλ.
991 941 1134 1001 οὖσιν]
1179 948 1442 1004 Appositio:
1481 949 1539 992 iis

76 1005 152 1062 qui
173 1004 297 1046 deum
321 1003 513 1057 diligunt
535 1004 578 1047 h.
599 1017 639 1046 e.
668 1003 724 1044 iis
764 1004 838 1059 qui
869 1017 918 1045 ex
952 1003 1170 1045 sententia
1203 1004 1398 1046 homines
1427 1005 1539 1048 invi-

77 1062 159 1104 tati
200 1066 260 1117 (5.
301 1060 505 1102 arcessiti
541 1074 582 1103 v.
624 1065 714 1103 not.
759 1059 813 1100 ad
851 1074 890 1103 v.
929 1060 1023 1113 30.)
1063 1065 1179 1104 sunt.
1250 1062 1540 1118 Appositioni

75 1133 205 1161 eausa
235 1117 405 1170 illigata
435 1125 526 1168 est,
569 1121 750 1174 propter
784 1130 910 1173 quam
950 1118 1038 1173 piis
1078 1117 1348 1160 Christianis
1385 1119 1539 1160 tristes

76 1189 204 1217 casus
243 1174 433 1231 prosint.
475 1173 577 1217 Joh.
604 1173 671 1225 13,
702 1174 769 1216 14.
828 1173 916 1215 Dee·
944 1174 1216 1232 propositum
1248 1175 1303 1216 ab
1330 1175 1423 1231 Ap.
1452 1175 1541 1218 dici

79 1241 124 1274 et
136 1245 206 1273 res
225 1231 419 1272 ostendit
438 1233 708 1283 (constanter
727 1229 840 1271 enim
856 1244 878 1270 a
905 1228 1016 1272 Pac&
1040 1231 1184 1271 καλεῖν
1198 1232 1293 1272 Deo
1315 1232 1541 1285 tribuitur,

79 1302 120 1333 v.
142 1286 181 1343 I,
203 1289 291 1341 19.)
321 1292 363 1328 et
385 1301 449 1330 VS.
470 1288 542 1329 30.
562 1293 896 1336 commonstrat,
928 1286 1000 1326 ubi
1024 1299 1098 1326 eos
1119 1286 1258 1327 Deum
1279 1301 1455 1330 vocasse
1477 1290 1543 1330 le-

83 1343 244 1398 gimus,
274 1341 327 1383 ad
349 1356 458 1398 quos
476 1338 500 1397 ἦ
524 1340 835 1395 nodo-emmo&
854 1340 966 1383 θεοῦ
981 1342 1259 1397 pertinuerit,
1289 1351 1332 1383 et
1354 1344 1541 1385 formula

80 1401 219 1443 docet.
262 1398 442 1455 Repetit
463 1399 575 1439 enim
611 1399 698 1454 Ap.
724 1398 942 1439 hominum
972 1399 1157 1440 salutem
1193 1414 1215 1438 a
1249 1400 1434 1453 quodam
1456 1400 1544 1443 Det

79 1456 265 1499 consilio
287 1454 400 1512 Eph.
423 1457 463 1507 l,
482 1456 523 1497 5.
546 1456 638 1506 11.,
673 1452 788 1509 quod
802 1454 855 1495 ab
876 1460 1054 1496 aeterno
1079 1454 1232 1496 initum
1247 1456 1413 1498 Christi
1437 1471 1542 1513 ope-

80 1514 129 1555 ra
152 1519 418 1569 exsequutus
442 1512 502 1552 sit
527 1510 635 1567 Eph.
656 1511 698 1562 3,
722 1513 791 1554 11.
822 1510 982 1554 2Tim.
999 1512 1035 1563 l,
1058 1512 1117 1554 9..
1150 1511 1364 1566 Quocirca
1387 1520 1431 1554 et
1451 1515 1542 1555 dis-

82 1570 352 1627 putationem
370 1566 496 1610 Pauli
518 1573 561 1609 et
583 1567 784 1621 dogmata
808 1575 1086 1618 everterunt,
1118 1568 1190 1622 qui
1223 1568 1542 1626 praejudicatis

82 1625 359 1684 opinionibus
389 1624 610 1682 impediti,
653 1639 704 1665 ne
737 1624 959 1666 nonnullis
991 1624 1239 1665 hominibus
1268 1621 1329 1668 ne*
1352 1628 1553 1670 oblatam*

86 1683 259 1739 quidem
280 1683 464 1723 salutem
485 1696 599 1732 esse,
630 1681 730 1735 quia
753 1695 828 1722 eos
844 1681 1030 1724 invitare
1043 1682 1166 1723 Deus
1186 1696 1267 1723 non
1288 1684 1546 1726 constituis-

86 1745 182 1791 set,
213 1754 236 1780 e
262 1737 389 1781 Pauli
416 1738 562 1780 verbis
587 1738 849 1788 efficeretur,
882 1733 994 1778 κατεέ
1015 1735 1238 1793 πρόθεσιν
1260 1739 1312 1780 ad
1334 1739 1546 1783 hominum

86 1796 356 1852 propositum
382 1795 663 1837 rettulerunt.
697 1793 925 1848 01·ig.1V,
946 1794 1047 1836 604.
1080 1827 1106 1846 „
1126 1793 1239 1836 Nam
1270 1797 1339 1847 hi,
1384 1797 1459 1853 qui
1479 1812 1546 1839 se-

88 1852 268 1893 cundum
290 1852 548 1905 propositum
578 1850 725 1891 bonum
749 1856 788 1893 et
811 1851 960 1893 bonam
984 1851 1244 1893 voluntatem
1271 1868 1397 1907 quam
1429 1855 1544 1896 cirea

89 1907 175 1949 Dea·
203 1907 359 1949 cultum
376 1912 530 1960 yet-unt
552 1912 779 1953 vocantur,
812 1907 898 1962 ipsi
928 1912 1030 1948 sunt
1052 1907 1126 1962 qui
1149 1910 1376 1950 seeundum
1393 1924 1547 1964 propo-

89 1963 217 2005 situm
239 1963 377 2003 vocati
407 1962 632 2005 dicuntur:
664 1968 708 2003 et
738 1964 812 2004 isti
839 1970 940 2003 sunt
970 1964 1043 2019 qui
1068 1964 1207 2004 vocati
1232 1965 1546 2020 justificantur.

88 2018 241 2072 „Bono
264 2019 375 2059 enim
397 2032 544 2059 eorum
571 2019 796 2074 proposito
819 2019 969 2060 deerat
998 2020 1089 2060 sola
1116 2022 1328 2063 vocatioR'
1386 2023 1550 2076 Chrys„

95 2075 344 2129 Tleeophyl„
376 2074 499 2125 Oeen,
529 2075 809 2127 Ilammond„
838 2076 1022 2117 Clericus
1042 2077 1117 2118 al..
1177 2076 1339 2119 Eodem
1363 2079 1546 2120 consilio

92 2132 239 2187 Pelay.
265 2131 347 2173 Dei
365 2130 582 2172 decretum
605 2131 759 2171 beandi
791 2145 882 2182 eos,
929 2145 1030 2186 quos
1053 2129 1182 2184 fidem
1211 2133 1430 2177 habituros
1457 2150 1548 2178 esse

89 2188 431 2243 praescisset
453 2188 701 2237 enarravit,
734 2187 902 2242 Κομμ,
932 2186 1200 2232 Rosenm.«·il.
1227 2189 1300 2245 τήν
1327 2191 1549 2245 πρόθεσιν

94 2244 313 2299 ῠεηὶφιηηι
340 2244 426 2286 Dei
454 2245 708 2286 voluntatem
731 2258 828 2285 esse
860 2244 1098 2295 finxerunt,
1129 2251 1171 2286 et
1195 2247 1406 2302 Grotmpv
1427 2249 1550 2302 πρό-

90 2302 220 2342 :mm
240 2300 324 2342 Dei
342 2301 597 2342 voluntatem
631 2301 772 2341 valere
797 2299 906 2356 jerit
930 2315 1147 2356 quumque
1176 2300 1281 2352 τούς
1311 2302 1497 2359 uincatis*
1522 2319 1547 2347 a

96 2355 146 2400 P.
171 2355 254 2398 dici
276 2357 347 2412 qui
366 2358 501 2398 vocati
521 2357 713 2398 obediant
734 2357 818 2397 sihi
843 2357 1140 2413 persuasisset
1160 2359 1269 2400 hunc
1290 2360 1319 2401 1.
1334 2360 1395 2401 sic
1409 2362 1549 2417 expli-

93 2413 207 2456 cuit:
235 2413 288 2454 iis
309 2412 381 2467 qni
398 2427 443 2453 se
468 2413 524 2454 ad
542 2427 703 2455 omnem
719 2414 802 2455 1)οἰ
820 2414 1077 2455 voluntatem
1101 2417 1429 2459 accommodant.
1471 2417 1548 2460 Ad

93 2469 333 2526 permultos
355 2475 498 2510 autem
518 2469 619 2510 haec
650 2484 755 2510 vana
782 2471 928 2526 opinio
949 2471 1161 2526 pertinet,
1202 2470 1425 2514 declarare
1446 2474 1552 2522 τοὺς

77 2524 283 2581 ’κλητούς
296 2523 432 2566 Paulo
454 2540 535 2577 vos,
564 2526 634 2587 qui
653 2527 819 2568 divinae
839 2527 1080 2568 invitationi
1101 2527 1478 2582 obtemperaverint
1499 2546 1549 2572 ae

96 2581 206 2622 nihil
225 2581 401 2623 differre
415 2581 518 2630 τοὺς
538 2582 723 2638 malum&
741 2597 762 2623 a
785 2586 877 2630 τοῖς
897 2581 1114 2632 ἐκλεκτοῖς
1132 2583 1258 2627 Rom.
1276 2585 1318 2638 8,
1331 2587 1400 2629 3³.
1433 2590 1492 2637 (v,
1509 2603 1547 2631 v.

96 2651 134 2680 c.
160 2637 400 2689 Tur-retin„
444 2639 634 2680 &sterius
673 2639 865 2684 OEntmicfl.
898 2653 933 2683 u.
958 2642 982 2692 η’.
1008 2653 1056 2683 ro.
1098 2654 1142 2696 p.
1160 2642 1285 2693 293„
1325 2649 1369 2684 et
1401 2642 1549 2698 dw.).

96 2695 163 2737 At
183 2708 205 2734 e
226 2695 258 2737 1.
278 2694 406 2738 Rom.
429 2696 466 2747 1,
489 2695 527 2737 1.
546 2698 588 2738 ϋ.
631 2697 652 2736 l
674 2695 775 2739 Cor.
805 2697 842 2744 l,
868 2698 904 2739 1.
926 2697 968 2738 2.
999 2694 1102 2739 Jud.
1128 2700 1164 2741 l.
1198 2698 1339 2754 Apoc.
1364 2701 1430 2753 17,
1454 2701 1549 2753 14„

95 2750 170 2791 uhi
189 2750 448 2803 Christiani,
476 2765 580 2803 ergo
593 2751 777 2793 homines
793 2752 994 2794 divinitus
1012 2766 1057 2794 se
1073 2753 1247 2796 invitari
1259 2757 1394 2808 passi,
1425 2757 1551 2812 κλη-

94 2805 184 2848 τοί
201 2808 482 2874 appellantur
501 2808 613 2850 nihil
630 2809 835 2852 efficitur.
890 2809 1124 2851 Suntenim
1142 2809 1384 2855 Christiani
1415 2813 1552 2856 homi-

93 2875 172 2905 nes
191 2862 401 2908 divinitus
425 2864 600 2909 invitati
620 2880 696 2908 seu
714 2865 907 2919 evocati,
945 2871 991 2908 ut
1013 2879 1124 2922 quos
1149 2867 1275 2912 Deus
1306 2870 1453 2914 missis
1477 2872 1552 2927 qui

1036 2921 1139 2966 N2
