1715 3115
129 191 217 235 454
415 190 795 235 EPISTOLA
829 189 932 235 AD
965 189 1323 235 ROMANOS

132 299 295 342 dicant.
362 298 508 353 Atqui
550 312 633 339 non
670 297 854 339 multum
887 297 1099 354 temporis
1136 297 1391 347 effluxerat,
1434 312 1486 339 ex
1518 312 1603 355 quo

135 356 368 398 israelitae
391 354 560 397 Christi
591 354 864 408 evangelium
898 368 1109 411 respuere
1136 354 1268 394 :mim‘
1305 370 1355 394 ue
1383 361 1603 411 torporem

136 411 369 454 ostendere
392 411 641 468 potuissent
659 411 721 464 (v.
740 412 870 452 etiam
896 410 1173 453 [taccam-tum
1199 417 1243 452 et
1264 369 1472 466 ysopum).
1532 409 1606 451 ln-

136 475 235 525 epte
265 468 483 518 Calvinus,
529 466 713 521 Curpz„
754 468 936 518 Herum,
981 466 1122 520 Kopp.
1155 467 1212 509 al.
1245 464 1426 508 Paulum
1455 481 1495 511 v.
1524 466 1608 516 ἕως

135 526 214 579 τῆς
236 522 428 579 σήμερον
450 521 614 579 ἡμέρας
633 523 687 564 de
707 538 787 565 suo
807 523 1032 565 addidisse
1053 522 1390 575 contenderunt,
1426 538 1477 565 ne
1508 523 1608 580 quis

136 583 241 623 olim
275 580 328 621 ad
359 589 557 621 eventum
587 579 816 621 adductum
845 595 941 622 esse
982 578 1093 621 illud
1132 579 1383 620 vaticinium
1424 580 1609 636 ideoque

155 651 366 694 ›erperam
388 637 441 677 ad
466 645 638 692 tempus
661 637 925 692 promulgati
951 635 1165 689 evangelii
1194 635 1351 677 referri
1382 636 1610 694 objiceret.

136 653 207 736 lta
228 694 342 735 enim
368 694 461 749 Ap.
491 690 633 735 τοῦτ’
663 693 787 735 ἔστι
816 691 900 741 ἕως
930 694 1008 747 τῆς
1036 690 1227 747 σήμερον
1253 687 1418 746 ἡμέρας
1443 692 1611 747 (loa.)

138 750 333 792 scribere
363 750 591 793 debuerat.
658 749 834 791 Omissa
867 763 969 791 voce
1000 745 1114 790 τοῦτ’
1144 747 1238 790 ’ἔστι
1270 762 1386 791 voce.
1421 747 1506 797 ἕως
1530 748 1610 803 τῆς

138 808 331 861 σήμερον
354 802 516 862 ἡμέρας
537 806 688 861 utique
701 806 840 848 Mosis
859 805 1004 848 verbis
1024 803 1338 846 contribuenda
1360 811 1462 846 sunt
1482 805 1525 848 b.
1546 818 1610 848 80:

138 863 262 905 dedit
280 863 335 904 iis
359 863 481 904 Dens
505 887 559 892 -—-
577 887 630 892 —
651 863 925 915 hebetiores,
961 876 1088 918 quam
1110 874 1220 918 quae
1241 859 1443 914 audiant,
1480 875 1611 902 aures

140 934 280 976 usque
300 917 353 959 ad
383 918 665 972 hodiernum,
697 934 782 976 quo
810 934 905 974 ryo,
933 917 1103 967 Moses,
1136 919 1241 959 haec
1269 918 1450 974 loquor,
1480 917 1612 961 diem.

142 976 308 1019 Gravia
330 982 474 1017 autem
496 990 535 1018 v.
556 972 639 1024 ἕως
656 976 732 1031 τῆς
761 972 952 1031 σήμερον
981 972 1170 1030 ἡμέρας,
1211 987 1322 1030 quae
1353 974 1613 1026 allegorico·

138 1047 237 1074 vrum
261 1032 548 1088 interpretum
570 1046 667 1073 esse
687 1033 801 1073 solet
823 1038 976 1086 arguta
1003 1031 1253 1082 subtilitas,
1292 1028 1429 1072 Paulo
1450 1029 1613 1072 idcirco

141 1091 334 1131 fortasse
359 1090 450 1131 visa
482 1094 610 1140 sunt,
650 1088 766 1144 quod
794 1103 865 1129 res
897 1102 1033 1144 usque
1064 1102 1114 1128 eo
1143 1087 1238 1129 siue
1269 1087 1358 1128 ulla
1392 1087 1613 1128 intermis-

145 1146 268 1188 sione
291 1152 422 1202 atque
445 1145 504 1185 ita
527 1143 752 1186 Israelitis
776 1145 1046 1201 impertitas,
1078 1150 1124 1186 ut
1144 1158 1292 1185 eorum
1326 1143 1517 1196 ingeniis
1548 1144 1615 1185 in·

144 1202 334 1244 olevisse
372 1201 599 1254 crederes»,
637 1202 768 1243 etiam
809 1209 958 1258 postea
991 1201 1020 1244 i.
1049 1217 1089 1244 e.
1121 1200 1311 1242 Messiae
1343 1199 1616 1258 temporibus

145 1258 291 1301 Deum
317 1259 371 1300 iis
393 1259 594 1299 daturum
618 1273 715 1300 esse
737 1259 884 1300 Moses
910 1272 1011 1299 voce
1032 1255 1115 1307 ἕως
1134 1258 1212 1314 τῆς
1231 1257 1424 1312 σήμερον
1449 1251 1616 1313 ἡμέρας

147 1315 509 1359 subindicaverit.

264 1372 321 1414 V.
343 1373 387 1414 9.
406 1376 450 1413 et
474 1373 543 1414 10.
597 1370 845 1428 AdditAp.
866 1373 1005 1412 locum
1022 1368 1361 1422 Ps.69,23.24.,
1379 1364 1616 1408 ubilsrae-

145 1428 324 1470 litarum
357 1442 441 1469 non
476 1428 743 1469 delectorum
776 1428 1088 1469 contumaciam
1122 1426 1310 1468 Messiae
1346 1424 1618 1480 temporibus

148 1500 172 1525 a
201 1485 295 1526 Deo
321 1485 588 1527 efficiendam
616 1484 809 1527 Davides
838 1485 1057 1526 ominatus
1085 1484 1145 1525 sit
1173 1483 1249 1537 (cr.
1275 1496 1315 1523 v.
1343 1482 1421 1533 7.).
1479 1479 1617 1522 Davi-

149 1541 249 1582 dem
293 1540 342 1585 P.
379 1541 539 1596 psalmi
579 1543 837 1597 scriptorem
877 1541 981 1582 feeit
1020 1545 1234 1582 vetustam
1283 1539 1440 1579 famam
1488 1535 1617 1591 (vide

151 1597 310 1652 psalmi
351 1598 550 1650 titulum)
581 1602 810 1652 sequutus.
883 1598 950 1638 At
980 1597 1207 1648 lugubrem
1240 1594 1500 1635 cantilenam
1533 1607 1618 1634 non

151 1653 367 1696 Davidem
389 1653 624 1703 cecinisse,
656 1654 733 1693 sed
757 1653 970 1694 hominem
1003 1652 1130 1693 nobis
1161 1652 1354 1705 ignotum
1387 1658 1477 1690 tum
1505 1663 1620 1690 com-

152 1710 381 1766 posuisse,
412 1724 541 1764 quum
573 1711 739 1751 eversis
772 1708 1096 1762 Hierosolymis
1129 1709 1318 1765 populus
1346 1706 1548 1764 judaicus
1576 1706 1618 1746 in

153 1765 354 1807 exsilium
387 1766 552 1822 ejectus
587 1771 706 1806 esset
737 1763 833 1815 (Ps.
864 1767 1037 1817 69,36.)
1070 1765 1183 1804 inter
1213 1764 1415 1804 cordatos
1445 1762 1622 1803 criticos

154 1823 267 1863 satis
287 1827 459 1863 constat
487 1824 547 1874 (v.
577 1821 995 1873 Rmemmewmu,
1031 1822 1081 1862 (Ie
1117 1820 1344 1870 Wettimn,
1385 1819 1623 1870 Ewaldum,

155 1879 397 1933 Iliizt'ye'um
421 1885 463 1918 et
485 1878 812 1929 Kralemerum).
879 1877 989 1920 Ven.
1015 1877 1236 1930 Ilae'tziye‘us
1255 1876 1296 1916 in
1329 1876 1386 1918 l.:
1417 1874 1495 1920 {Dic
1513 1876 1622 1926 SDsssl:

155 1949 255 1986 mens
285 1935 465 1988 historifd)
480 1935 640 1987 :fritiscb
662 1936 876 1986 unterfucbt
898 1948 934 1978 ιι.
959 1937 982 1985 f.
1007 1947 1055 1977 m.
1076 1933 1246 1990 speibelb.
1270 1933 1393 1974 1836.
1413 1930 1623 1987 p.54.sq.

158 1992 390 2033 Jerenv'um
431 1993 641 2047 psalmum
683 1992 752 2033 (59.
794 1991 1034 2031 confecisse
1067 1989 1297 2030 ostendere
1327 1993 1507 2029 conatus
1539 1993 1622 2030 est.

157 2047 314 2101 Neque
339 2063 411 2089 res
434 2047 624 2094 Messiae
645 2048 915 2102 temporibus
937 2053 1169 2086 eventuras
1198 2048 1326 2102 poeta
1356 2058 1424 2101 ps.
1450 2044 1521 2085 69.
1549 2057 1625 2089 va·-

156 2104 366 2146 tieinatus
391 2110 485 2154 est,
517 2104 590 2143 sed
623 2104 808 2160 injurias
837 2105 891 2143 ab
924 2103 1188 2143 adversariis
1219 2101 1380 2142 idcireo
1412 2099 1525 2156 quod
1550 2097 1625 2141 Je-

158 2161 310 2202 hovam
350 2161 419 2218 pie
459 2161 623 2201 coleret
653 2160 738 2200 sibi
774 2161 921 2200 illatas
953 2159 1052 2212 (t’s.
1083 2159 1154 2202 69.
1185 2157 1332 2211 8‚10.)
1360 2157 1626 2197 lamentatus

159 2231 198 2260 v.
237 2218 274 2261 1.
293 2217 435 2260 —1.3.
463 2222 551 2257 tum
578 2216 664 2257 Dei
699 2231 822 2272 opem
853 2215 1104 2271 imploravit
1132 2229 1170 2257 v-
1201 2214 1268 2256 14,
1303 2227 1400 2269 sqq.
1429 2218 1519 2252 tum
1550 2225 1626 2268 pe-

158 2279 267 2314 stem
291 2273 556 2315 aduersariis
580 2273 800 2327 exoptavit
823 2287 862 2314 v.
882 2273 953 2316 23.
975 2298 1027 2303 —
1046 2272 1116 2313 29.
1142 2271 1468 2324 gratiarumque
1489 2269 1626 2310 actio-

159 2344 253 2370 nem
279 2331 502 2386 pollicitus
526 2329 666 2370 Deum
688 2344 792 2370 suas
813 2343 962 2385 preces
981 2327 1284 2369 exauditurum
1304 2339 1402 2367 esse
1429 2323 1626 2365 deelara-

158 2385 220 2426 vit
242 2400 280 2429 v.
299 2386 370 2428 30.
390 2411 444 2418 —-
462 2387 551 2430 37..
613 2383 749 2426 Paulo
780 2392 923 2425 tamen
952 2384 1140 2439 aliisque
1164 2382 1223 2427 N.
1240 2382 1299 2427 Τ.
1332 2379 1625 2437 scriptoribus

157 2441 279 2495 (Joh.
300 2444 421 2493 2,17.
445 2443 548 2485 Aet.
574 2442 716 2492 1‚20.)
737 2442 931 2497 psalmus
950 2442 1020 2484 69.
1046 2440 1280 2482 vaticinam
1305 2451 1478 2479 carmen
1505 2437 1626 2479 visus

158 2504 249 2549 est,
297 2513 381 2555 quo
414 2497 610 2542 Davides
642 2512 713 2539 res
745 2498 986 2538 messianas
1019 2511 1096 2554 per
1134 2497 1339 2549 ambages
1379 2493 1627 2535 cecinisset.

159 2554 405 2608 Theologi,
438 2559 484 2596 ut
506 2557 701 2610 poetam,
740 2554 814 2610 qui
844 2568 996 2610 parum
1030 2554 1210 2594 honeste
1241 2549 1520 2592 adversarios
1549 2563 1626 2590 ex-

160 2616 356 2652 secratus
378 2624 476 2651 esse
498 2611 741 2662 videretur,
764 2615 1001 2668 purgarent
1022 2608 1238 2650 mirabilia
1261 2607 1491 2648 commenti
1512 2610 1630 2656 sunt,

159 2667 349 2708 tortasse
376 2665 662 2721 imperativus
681 2666 934 2722 γενηθήτω,
964 2660 1329 2718 σκοτισθήτωσαν
1352 2668 1395 2705 et
1428 2658 1629 2715 σύγκαμ-

161 2730 252 2778 ψον
274 2737 351 2778 pro
377 2722 554 2763 Futuris
575 2723 742 2779 positos
764 2737 862 2763 esse
887 2726 946 2775 (ν.
976 2720 1148 2764 Vatabl.
1173 2726 1217 2760 et
1241 2719 1376 2761 Fluit.
1399 2716 1629 2761 cLcheri

161 2778 316 2834 philol.
341 2777 543 2832 Thucyd.
569 2792 613 2833 p.
637 2779 710 2820 86.
731 2779 846 2833 sq.):
886 2792 966 2818 non
1000 2775 1223 2818 iracundia
1256 2774 1514 2825 adductum,
1551 2772 1629 2813 sed

163 2836 263 2896 quia
283 2839 502 2898 optasset,
544 2841 591 2878 ut
608 2834 796 2892 improbi
820 2835 1014 2878 homiues
1034 2833 1296 2895 punirentur
1317 2836 1456 2876 vatem
1479 2828 1634 2873 adver-
