1715 3115
366 199 525 246 CAP.
557 199 720 245 VIII.
762 201 853 247 Vs.
883 201 962 245 33.
994 227 1048 233 —
1077 203 1173 248 37..
1428 203 1512 244 221

46 310 194 360 Dens,
239 307 356 349 alius
399 307 620 352 Christus.
695 306 869 350 Deinde
907 309 1037 351 aliam
1068 308 1150 350 vim
1183 307 1270 350 Dei
1299 323 1401 363 erga
1435 323 1514 350 nos

45 380 165 408 amor
203 365 379 417 habuit,
436 366 566 406 aliam
614 364 800 408 Christi.
871 364 957 406 Ille
996 380 1047 407 eo
1085 366 1243 417 valuit,
1293 372 1338 406 ut
1387 366 1514 407 Deus

47 423 271 466 Christum
293 420 346 462 ad
369 422 632 479 supplicium
654 421 792 472 daret,
823 421 891 463 hic
921 422 1078 473 effecit,
1109 428 1156 463 ut
1175 422 1380 464 Christus
1401 436 1516 463 mor-

46 487 132 520 tem
173 482 416 534 oppeteret.
485 478 601 520 Tum
632 479 674 522 h.
705 479 736 522 l.
767 491 850 518 non
881 477 935 519 de
966 479 1257 532 ornamentis,
1296 494 1407 534 qnae
1438 480 1516 521 ille

46 536 135 577 Dei
162 541 208 576 et
244 534 410 577 Christi
448 549 570 577 annor
609 534 736 577 nobis
773 536 1019 591 pepererit,
1059 536 1101 578 h.
1132 549 1172 578 e.
1205 535 1260 577 de
1289 537 1342 591 νῇ
1372 535 1517 577 δικαι-

47 589 180 648 οσύνῃ
209 596 254 632 et
280 589 335 646 τῇ
363 589 527 646 αἰωνίῳ
553 592 640 647 ζωῇ
666 592 839 644 agitur,
881 591 959 633 sed
986 592 1062 633 hoc
1085 592 1336 649 exponitur,
1369 591 1517 634 Deum

47 649 144 703 pios
171 647 367 688 homines
396 648 499 689 licet
528 647 851 690 calamitatibus
878 647 1058 690 obrutos
1087 663 1233 690 amare
1263 648 1407 705 iisque
1433 663 1516 706 pro

46 719 127 747 suo
158 718 304 745 amore
336 704 380 745 in
412 706 569 746 misera
603 705 778 746 fortuna
809 705 1035 760 opitulari.
1104 704 1334 748 Postremo
1373 720 1413 749 ν.
1444 706 1517 750 39.

48 776 132 803 non
154 758 231 815 τὴν
251 757 425 816 ἀγάπην
445 762 525 803 τοῦ
546 762 746 812 Χριστοῦ
767 776 851 817 quo
874 760 1079 816 Meyer-us
1100 763 1267 819 putavit
1299 761 1424 804 modo
1443 776 1518 804 ex-

48 818 204 875 plicari
234 831 274 861 v.
300 816 478 860 docent:
525 815 612 860 ἀπὸ
655 819 752 874 τῆς
790 814 1006 873 ἀγάπης
1041 822 1137 860 τοῦ
1174 821 1312 861 θεοῦ
1348 821 1443 876 τῆς
1473 818 1519 862 ἐν

53 876 135 928 Xy.
151 870 210 917 ’I..
270 872 384 915 Nam
407 874 484 915 hoc
506 883 630 931 paeto
649 870 739 915 ἀπὸ
762 872 841 930 τῆς
869 869 1044 931 ἀγάπης
1062 876 1141 916 τοῦ
1164 877 1392 930 Χριστοῦ,
1424 875 1520 932 ἥτις

49 929 141 972 ἐστὶ
172 930 245 970 καὶ
274 931 354 972 τοῦ
383 931 496 971 θεοῦ
525 938 600 972 aut
627 930 760 972 simili
786 930 910 973 modo
934 930 1161 974 dicendum
1183 933 1343 975 fuerat.
1404 933 1521 974 Sane

48 991 301 1043 pervetusta
338 994 406 1027 est
448 988 620 1039 vulgata
664 988 908 1044 scriptura,
958 993 1005 1030 ut
1041 1003 1170 1043 quam
1210 989 1521 1031 Tertullianus

49 1044 350 1100 (scorpiacum
379 1042 476 1086 adv.
499 1044 733 1086 Gnosticos
761 1044 842 1085 snb
859 1045 1007 1097 linem)
1028 1053 1071 1086 et
1093 1044 1312 1098 Origenes
1333 1060 1523 1102 sequan-

50 1108 138 1142 tur.
199 1099 286 1141 Sed
312 1101 440 1141 facile
469 1100 590 1142 dicas
620 1101 834 1156 quomodo
863 1107 958 1143 orta
988 1103 1064 1146 sit.
1123 1102 1301 1144 Scilicet
1321 1103 1521 1160 proxime

51 1171 90 1199 v.
111 1156 184 1199 34.
214 1156 381 1199 Christi
413 1157 522 1198 faeta
554 1158 714 1199 mentio
745 1165 811 1199 est
831 1162 876 1199 et
895 1159 1019 1200 multi
1037 1173 1078 1202 v.
1103 1159 1174 1202 36.
1201 1158 1342 1201 ἕνεκεν
1372 1161 1454 1201 σοῦ
1477 1164 1523 1202 et

51 1227 91 1254 v.
111 1215 182 1255 37.
215 1209 288 1253 ὸιιέ
318 1215 397 1254 τοῦ
431 1210 740 1267 ἀγαπήσαντος
770 1210 881 1269 ἧμᾶς
908 1214 1205 1267 adChristnm
1235 1217 1521 1260 rettulerunt.

53 1268 258 1312 Ceterum
290 1271 367 1311 τοῦ
392 1272 590 1324 Χριστοῦ
620 1285 658 1313 v·
674 1271 745 1314 35.
765 1272 880 1313 altas
904 1272 1072 1314 radices
1093 1273 1237 1327 egisse
1258 1288 1341 1314 non
1364 1275 1521 1315 mirum

51 1331 136 1370 est.
214 1324 328 1367 Nam
369 1334 598 1382 postquam
628 1326 806 1370 Christo
847 1322 870 1381 ἢ
899 1323 1116 1376 ὁμοουσία
1145 1329 1317 1386 publice
1346 1329 1524 1372 decreta

51 1386 171 1433 erat,
214 1383 433 1434 Theologi
456 1398 535 1424 non
559 1383 685 1425 modo
706 1398 788 1425 non
809 1385 962 1426 offensi
991 1391 1093 1426 sunt
1115 1386 1284 1430 Christi
1305 1388 1523 1429 mentione

52 1454 92 1482 v.
116 1439 211 1491 35„
240 1439 317 1480 sed
338 1440 467 1481 etiam
486 1441 533 1479 esi
557 1441 711 1492 gavisi.
757 1441 1003 1484 Videbatur
1021 1442 1134 1483 enim
1157 1443 1271 1498 quod
1293 1458 1379 1492 res,
1411 1457 1524 1499 quae

53 1497 182 1553 paulo
202 1503 301 1553 post
322 1511 359 1539 v.
380 1496 452 1538 39.
486 1496 580 1537 Deo
602 1497 888 1549 tribueretur,
917 1498 987 1538 hic
1010 1498 1064 1539 ad
1086 1498 1309 1542 Christum
1333 1500 1525 1541 referre-

53 1559 148 1604 tur,
186 1552 354 1595 Christi
383 1552 653 1593 divinitatem
687 1554 902 1597 stabilire.
951 1553 1095 1607 Chrys.
1121 1555 1177 1597 ad
1203 1557 1246 1599 h.
1267 1558 1323 1599 1.:
1353 1557 1426 1598 καὶ
1445 1553 1525 1599 οὐκ

52 1602 149 1649 εἷπε
185 1609 265 1650 τοῦ
296 1609 426 1650 θεοῦ·
460 1605 634 1657 οὕτως
663 1605 914 1665 ἀδιάφορον
945 1608 1066 1666 αὐτῷ
1100 1614 1174 1655 καὶ
1214 1611 1412 1666 Χριστὸν
1449 1613 1526 1654 καὶ

50 1663 160 1706 θεὸν
203 1660 446 1716 ὀνομάζειν.
513 1665 727 1707 Firmavit
764 1667 895 1707 etiam
931 1667 1163 1709 lectionem
1202 1671 1283 1710 τοῦ
1319 1669 1525 1724 Χριστοῦ

52 1735 201 1762 eorum
231 1721 487 1777 explicatio,
527 1722 599 1777 qni
633 1723 673 1766 h.
703 1723 736 1766 l.
767 1722 819 1764 de
848 1723 1018 1780 piorum
1044 1724 1394 1768 Christianorum
1419 1739 1527 1779 erga

54 1776 278 1819 Christum
308 1792 454 1818 amore
486 1784 781 1834 exposuerunt
812 1782 873 1835 (v,
895 1783 1064 1838 supra).
1103 1780 1269 1835 θλίψις
1288 1782 1312 1837 ἢ
1336 1784 1523 1838 oze-vox]

55 1847 94 1875 v.
124 1839 214 1876 not.
247 1833 301 1874 ad
333 1834 373 1883 2,
393 1835 454 1876 9..
513 1834 723 1889 ὼωγμός]
763 1836 1032 1891 persequutio
1056 1838 1245 1896 injurias
1274 1840 1528 1895 complecti-

53 1895 152 1938 tur,
198 1903 306 1944 quas
340 1888 498 1931 Iudaei
532 1896 575 1931 et
606 1892 766 1933 ethnici
799 1892 1065 1935 Christianis
1129 1900 1277 1951 ropter
1300 1895 1527 1937 doctrinae

53 1945 212 1988 christ.
245 1946 560 2002 professionem
590 1946 891 2003 imposuerunt
916 1952 987 2003 (ut
1021 1909 1225 2003 verbera,
1264 1952 1527 2003 delationes,

55 2002 242 2054 vincula,
274 2003 624 2055 relegationem).
681 2004 861 2046 Notione
884 2006 962 2046 suti
985 2002 1006 2046 ὅ
1026 2007 1220 2061 δι(υ;’μός
1242 2022 1264 2048 a
1287 2010 1340 2064 τῇ
1358 2006 1527 2063 &Musa

54 2057 226 2109 differt,
267 2059 325 2099 ita
359 2066 405 2099 nt
437 2059 516 2099 lioc
547 2073 638 2101 voe.
669 2060 804 2100 latius
824 2075 950 2115 quain
982 2062 1089 2103 illud
1113 2070 1274 2120 pateat.
1299 2079 1337 2107 v.
1364 2067 1465 2108 Act.
1481 2065 1525 2117 8,

58 2118 98 2158 l.
119 2114 276 2158 Matth.
300 2116 447 2161 1321.
471 2114 652 2158 ubidll'.
669 2122 831 2157 temere
853 2118 956 2158 mihi
976 2119 1246 2175 obloquitur.
1309 2120 1526 2177 Pleraque

56 2173 167 2212 mala
182 2205 194 2224 ,
223 2187 334 2227 quae
356 2172 429 2212 hie
450 2180 732 2213 recensentur
747 2205 758 2223 ,
792 2171 840 2216 P.
865 2175 959 2230 ipse
980 2182 1186 2231 expertus
1204 2183 1272 2218 est
1291 2178 1318 2218 2
1339 2178 1441 2221 Cor.
1458 2180 1527 2230 11,

54 2230 126 2271 23.
146 2242 215 2283 sq.
251 2229 345 2280 4,8.
371 2243 455 2284 sq..
516 2228 572 2271 V.
602 2230 671 2272 36.
703 2227 856 2278 καθώς
883 2230 1143 2285 γέγραπται]
1175 2234 1326 2277 LXX.
1357 2234 1431 2278 ΡΒ.
1453 2235 1526 2287 43,

58 2285 161 2338 [44,]
190 2286 279 2328 23..
345 2284 413 2327 Ibi
447 2289 572 2342 poeta
602 2286 653 2325 de
698 2287 999 2328 vexationibus
1026 2289 1314 2342 lamentatur,
1366 2291 1526 2347 quibus

55 2339 212 2384 Iudaei
248 2344 451 2397 quoniam
480 2342 687 2384 Jehovmn
724 2343 793 2398 pie
832 2344 1022 2384 colerent
1055 2350 1135 2386 suh
1167 2348 1388 2389 Antiocho
1422 2348 1524 2404 Epi-

56 2398 195 2453 phane
218 2398 390 2438 obnoxii
419 2399 610 2441 suerunt.
659 2399 725 2442 Cl'.
757 2399 795 2443 b.
830 2399 1029 2443 Ioe’osenm.
1059 2409 1101 2442 et
1133 2402 1243 2446 Ven.
1268 2405 1524 2460 Ililziyium.

57 2454 106 2495 Si
123 2454 173 2497 P.
187 2456 300 2495 sacri
323 2458 475 2511 poisstae
494 2471 529 2497 ν.
545 2456 596 2495 ad
618 2458 1320 2514 suamr‹÷=naec01=10d.·u·it(Gr-ot„
1353 2462 1524 2515 Ilenm„

55 2509 220 2564 Kopp„
253 2510 371 2554 Mor.
394 2514 496 2561 aL),
530 2513 677 2565 ultima
702 2527 738 2554 v.
761 2513 831 2554 35.
855 2527 968 2556 voce.
992 2509 1016 2568 i}
1036 2513 1231 2564 κίνδυνος,-
1257 2515 1523 2572 ἦ,ιιάχαι()α;

56 2566 298 2608 illustravit
321 2567 362 2611 h.
384 2583 464 2611 nn:
504 2585 558 2609 an
582 2569 692 2609 eltae
708 2569 957 2621 discrimen,
988 2586 1042 2611 (m
1069 2573 1259 2625 yladins,
1301 2579 1347 2614 ut
1371 2581 1523 2616 nostra

54 2622 245 2664 conditio
276 2638 424 2665 eorum
447 2626 646 2665 fortunae
667 2624 952 2680 respondeat,
993 2628 1065 2681 qui
1098 2629 1137 2668 in
1164 2626 1337 2671 Psalmo
1359 2632 1525 2674 lamen-

55 2684 227 2730 tantur,
269 2694 344 2721 nos
364 2696 390 2722 u
415 2682 497 2722 nei
517 2695 617 2733 emsa
640 2695 713 2721 nos
732 2696 875 2722 atuore
892 2681 1071 2726 evellet?
1114 2685 1190 2726 Sin
1217 2695 1260 2727 nt
1287 2689 1413 2739 vatis,
1445 2688 1522 2744 qui

55 2735 140 2789 piis
165 2735 431 2777 Christianis
464 2752 606 2777 net-eni
643 2738 944 2792 portenderet,
986 2753 1128 2781 vocem
1163 2740 1325 2786 Psalmi
1349 2759 1522 2786 versum

55 2791 205 2831 citavit
225 2796 237 2844 (
254 2792 441 2843 li‘oelln„
470 2793 639 2845 Illejser.
661 2795 764 2846 ab),
807 2802 922 2835 recte
945 2796 1073 2839 etiam
1087 2795 1281 2839 κίνδυνον
1302 2806 1344 2841 et
1361 2798 1522 2853 μάχαι-

53 2861 135 2902 ραν
157 2848 211 2889 ad
232 2849 366 2902 mala,
398 2865 506 2905 quam
530 2850 802 2893 Christianos
824 2859 1091 2908 premerent,
1117 2855 1171 2896 ab
1192 2870 1239 2898 se
1260 2858 1399 2899 relata
1423 2871 1522 2900 esse
