1715 3115
132 222 215 264 110
411 220 788 265 EPISTOLA
824 223 921 266 AD
953 223 1314 268 ROMANOS

129 333 220 371 ium
242 327 335 378 (καὶ
354 329 458 383 περὶ
472 322 776 383 Ἅμαρτιάςέἱ)
795 334 1039 370 moreretur
1059 330 1268 381 misisset,
1289 336 1337 372 ut
1355 331 1464 385 legis
1484 346 1593 377 mos.

129 385 427 441 postulatum,
466 387 572 440 (quo
601 385 768 438 peccati
794 385 1016 439 eastiqcelio
1044 386 1312 440 flagitatur),
1360 388 1472 430 inter
1511 403 1592 432 nos

128 446 272 482 ratum
294 441 434 488 lieret,
466 441 540 496 qui
559 440 686 483 etc.!.'
718 439 816 481 Non
841 440 1012 482 dubitat
1032 443 1250 484 Daelmius
1270 458 1314 500 p.
1340 444 1452 496 144„
1484 446 1588 500 quin

126 497 234 538 haec
256 510 363 536 nova
387 496 589 537 videlicet
609 496 807 552 impediti
833 497 915 538 loci
945 499 1193 554 explanatio
1223 514 1369 540 eorum
1401 503 1588 554 gratiam

127 553 215 594 sibi
235 552 520 593 conciliatura
544 553 626 603 sit,
671 553 852 608 quitum
877 553 1059 594 Paulum
1091 556 1202 596 satis
1232 557 1454 610 noverint,
1493 563 1586 600 tum

124 609 236 651 hanc
261 607 387 649 Pauli
407 609 746 665 disputationem
767 609 1111 666 perspexerintll

238 663 298 708 V.
318 664 361 707 5.
421 665 623 707 Fulcitur
650 665 913 722 praecedens
944 667 1185 709 sententia:
1214 681 1259 708 eo
1275 666 1418 709 Deum
1450 670 1587 711 consi-

123 722 181 764 lio
215 719 443 762 Peccatum
473 720 641 763 Christi
678 722 894 779 supplicio
933 723 978 763 in
1015 737 1197 778 corpore
1231 723 1417 765 humano
1448 725 1587 767 inter-

122 778 306 828 emisse,
337 782 383 819 ut
404 777 673 819 absolutoria
695 786 738 819 et
759 778 902 820 vitalis
930 779 1045 831 legis
1072 793 1180 823 mos,
1209 781 1424 821 sententia
1456 781 1500 822 in
1526 778 1585 823 iis'

123 833 374 875 hominibus
401 841 495 875 rata
526 834 675 886 fieret,
716 834 792 890 qui
823 849 901 875 uon
933 836 989 876 ml
1017 836 1202 889 corporis
1236 836 1474 889 libidinem,
1511 839 1586 880 sed

121 891 179 932 ad
199 890 283 932 div.
304 890 484 944 spiritus
502 891 772 946 disciple'nam
791 904 927 932 mores
946 892 1175 944 dire'yerent
1206 895 1261 945 (v,
1294 893 1376 945 4.).
1436 892 1585 946 Ratio,

119 947 260 988 curin
289 945 419 1000 hujus
446 948 612 1002 yeneris
641 947 873 988 hominibus
900 947 1049 987 vitalis
1082 947 1197 999 legis
1228 962 1335 990 mos.
1366 951 1581 991 sententia

117 1007 319 1044 eventum
343 1002 503 1043 habere
521 1002 742 1055 debuerit,
781 1003 886 1044 haec
907 1009 1000 1053 est,
1039 1004 1152 1058 quod
1182 1005 1256 1059 qui
1285 1006 1482 1061 corporis
1514 1006 1581 1046 in-

118 1059 295 1113 genium
315 1059 512 1100 referant
532 1059 724 1114 Corporis
742 1059 875 1100 rebus
901 1059 1129 1111 studeant,
1169 1061 1243 1116 qui
1278 1060 1365 1104 div.
1393 1063 1580 1118 spiritus

116 1115 307 1158 indolem
347 1115 575 1157 redoleant
611 1116 695 1158 div.
726 1115 915 1168 Spiritus
954 1116 1158 1157 instituta
1202 1117 1375 1158 foveant
1404 1124 1465 1169 (v.
1495 1119 1576 1172 5.).

117 1170 249 1228 Quod
290 1170 492 1213 idoneum
519 1178 820 1226 argumentum
848 1186 946 1213 esse
976 1187 1034 1213 ex
1062 1185 1107 1212 eo
1132 1187 1345 1228 apparere
1374 1172 1423 1216 l'.
1455 1174 1577 1228 dicit,

115 1228 226 1284 quod
244 1225 348 1283 (γάρ
370 1243 411 1271 v·
434 1231 498 1283 6.)
527 1228 684 1283 Corpus
711 1227 765 1268 ad
797 1232 996 1279 mortem,
1035 1228 1117 1269 dir.
1148 1229 1335 1283 Spiritus
1365 1231 1417 1270 ad
1443 1231 1574 1273 vitam

112 1283 268 1326 tendat
293 1287 356 1338 (ν.
376 1287 457 1338 6.).
515 1283 630 1326 Hinc
656 1299 709 1325 ne
738 1285 938 1340 potuisse
964 1285 1137 1339 quidem
1170 1285 1297 1326 vitale
1324 1287 1434 1340 legis
1466 1301 1574 1330 mos.

112 1343 334 1382 decretum
360 1356 399 1384 v.
421 1342 464 1382 4.
486 1342 571 1382 nisi
601 1341 643 1382 in
673 1340 923 1382 hominibus
951 1344 1355 1391 πνευματικοῖς
1384 1342 1437 1383 ad
1467 1343 1572 1384 ess'e-

111 1404 227 1439 ctum
248 1396 404 1438 adduci
426 1412 548 1444 nemo
569 1411 653 1438 non
682 1397 909 1451 intelligit.
968 1395 1097 1436 Κατὰ
1125 1395 1268 1453 σάρκα
1295 1404 1352 1450 (κ.
1380 1398 1574 1451 πνεῦμα)

111 1448 223 1496 εἶναι
245 1454 443 1508 Corporis
464 1455 573 1509 (div.
594 1454 795 1511 spiritus)
816 1452 994 1494 indolem
1015 1453 1180 1508 referre
1200 1455 1229 1496 i.
1254 1468 1296 1509 q.
1318 1448 1429 1496 εἶναι
1458 1469 1573 1510 σαρ-

110 1509 233 1552 κικόν
271 1507 622 1564 (πνευματικόν)
663 1510 857 1551 declarat
887 1507 1114 1564 (I‚1o4.).
1186 1509 1351 1551 Difl'ert
1381 1511 1517 1565 igitur
1545 1526 1571 1553 a

109 1563 222 1608 κατὰ
243 1561 384 1619 σάρκα
404 1570 457 1621 (κ.
483 1571 573 1618 πν.)
594 1569 937 1620 περιπατεῖν
959 1564 1012 1605 ad
1035 1566 1231 1620 corporis
1250 1567 1474 1608 libidinem
1494 1567 1571 1623 (ad

108 1624 198 1665 div.
219 1622 404 1678 spiritus
434 1623 606 1677 nutum)
635 1623 764 1663 vitam
796 1622 1129 1663 accommodare.
1193 1621 1255 1662 Τὸ
1285 1621 1396 1663 κατὰ
1426 1622 1570 1677 σάρκα

110 1685 167 1731 (κ.
190 1683 281 1730 πν.)
312 1672 455 1718 εἶναι
484 1692 614 1719 causa
634 1685 725 1729 est3
755 1675 804 1719 τὸ
829 1674 938 1716 κατὰ
961 1691 998 1718 σ.
1025 1680 1082 1727 (κ.
1107 1679 1201 1729 πν.)
1230 1680 1568 1733 περιπατεῖν

107 1735 299 1791 effectus.
374 1733 516 1774 Menti
548 1735 660 1774 enim
691 1732 957 1789 respondere
988 1733 1130 1773 solent
1159 1747 1319 1776 moreS.
1403 1732 1460 1775 Οὶ
1484 1732 1567 1790 γὰρ

108 1788 219 1832 κατὰ
241 1791 381 1844 σάρκα
401 1783 523 1838 ὄντες
544 1815 598 1821 -
619 1788 660 1832 οὶ
682 1791 729 1832 δὲ
747 1787 859 1830 κατὰ
877 1787 1051 1840 πνεῦμα
1074 1803 1153 1845 pro
1185 1787 1226 1830 οἱ
1253 1788 1335 1843 γὰρ
1363 1803 1565 1845 σαρκι-

107 1848 270 1888 2012——
290 1843 330 1886 oi
353 1846 400 1888 δὲ
422 1843 802 1896 πνευματικοί
823 1843 873 1886 Ρ.
896 1845 969 1900 qui
990 1845 1415 1898 agnominationibus
1438 1845 1564 1888 valde

104 1903 374 1954 delectatur,
405 1902 586 1959 scripsit
605 1901 956 1958 praecedentium
981 1915 1020 1943 v.
1039 1904 1132 1948 τοῖς
1153 1898 1213 1954 μὴ
1243 1896 1380 1942 κατά
1408 1915 1446 1943 σ.
1467 1917 1564 1943 πε-

104 1957 479 2014 ριπατοῦσιν,
511 1955 552 2000 ά.
571 1975 606 1999 κ.
626 1974 702 1999 πν.
727 1958 929 1999 invitatu.
988 1955 1043 1997 τὰ
1068 1959 1146 2011 τῆς
1165 1954 1336 2011 Σαρκὸς
1368 1956 1563 2013 φρονοῦ-

105 2017 194 2069 σιν]
227 2017 404 2070 φρονεῖν
426 2012 479 2055 τά
501 2030 619 2063 τινος
645 2013 831 2069 alicujus
851 2028 921 2055 res
940 2017 1078 2055 mente
1098 2014 1339 2066 complecti,
1374 2012 1562 2068 alicujus

102 2072 227 2114 rebus
244 2071 435 2123 studere,
465 2070 518 2112 ab
537 2070 722 2126 alicujus
738 2070 937 2125 partibus
956 2073 1075 2110 sla-re
1095 2068 1318 2122 designat,
1349 2083 1458 2124 quae
1480 2083 1560 2124 pro

103 2141 275 2178 eorum,
315 2141 424 2183 quos
457 2141 667 2183 sequare,
708 2127 853 2168 indole
882 2132 926 2166 et
953 2125 1152 2166 consiliis
1184 2125 1295 2165 alias
1324 2126 1437 2166 aliae
1468 2126 1560 2166 sint

101 2197 282 2224 necesse
321 2189 404 2226 est.
471 2181 720 2224 Illustravit
762 2183 868 2223 hanc
909 2182 1137 2222 formulam
1169 2181 1318 2222 multis
1345 2181 1557 2237 exemplis

108 2239 361 2281 'Veistem'us
387 2238 441 2279 ad
460 2239 618 2282 Matth.
650 2239 823 2290 16,23.‚
864 2251 991 2293 quam
1022 2237 1096 2292 qui
1129 2236 1171 2278 h.
1202 2238 1231 2279 l.
1263 2251 1345 2277 non
1381 2237 1558 2290 agnovit

100 2295 301 2337 Reichius
331 2309 470 2351 neque
498 2292 575 2351 τήν
606 2296 752 2351 Σάρκα
783 2296 854 2335 hIc
879 2307 1103 2347 personam
1133 2293 1236 2345 fingi
1264 2293 1484 2348 reputavit
1511 2297 1558 2334 et:

100 2351 386 2393 Substantivo
408 2349 459 2392 τὸ
483 2352 688 2407 φρόνημα
709 2366 749 2394 ν.
769 2353 812 2394 (5.
834 2352 877 2394 7.
901 2349 987 2389 alia
1011 2349 1053 2389 vi
1082 2349 1224 2389 locato
1255 2348 1461 2404 deceptus
1489 2349 1555 2390 lo-

98 2409 352 2464 quutionem
370 2408 423 2448 τά
443 2422 562 2456 τινος
578 2411 754 2463 φρονεῖν
772 2420 866 2448 cum
887 2404 1071 2446 formula
1090 2408 1271 2461 φρονεῖν
1294 2420 1338 2446 τι
1358 2404 1554 2457 Col.3‚2.

97 2463 312 2507 confudit.
388 2462 615 2505 Sententia
645 2463 875 2520 perspicua
914 2468 998 2504 est.
1073 2460 1446 2516 Quemadmodum
1486 2462 1554 2504 vir

97 2519 334 2562 bellicosus
346 2519 552 2561 Bellonae
571 2526 720 2576 partes
739 2523 957 2570 sectatur,
987 2517 1051 2557 sic
1072 2515 1094 2559 ὃ
1117 2516 1328 2573 σαρκικός
1342 2517 1552 2572 τῆςΣαρ-

99 2577 175 2626 κός
183 2607 196 2626 ,
228 2574 251 2617 ὁ
278 2575 571 2627 πνευματικὸς
589 2576 668 2618 τοῦ
690 2572 947 2624 Πνεύματος
966 2573 1168 2630 partibus
1193 2574 1325 2616 favet.

210 2630 270 2674 V.
289 2632 332 2674 6.
391 2630 605 2672 iteratum
643 2633 725 2687 γάρ
760 2632 934 2673 minime
972 2629 1203 2671 secundum
1235 2627 1448 2685 quoddam
1478 2641 1552 2669 ar-

97 2693 363 2742 gumentum,
395 2701 479 2742 quo
501 2690 712 2729 sententia
733 2702 773 2730 v.
794 2688 837 2728 4.
861 2687 1125 2738 illustretur,
1155 2686 1302 2737 infert,
1332 2684 1551 2729 utRuec-k.

96 2745 303 2800 opinatur
323 2746 383 2797 (v.
404 2748 494 2785 not.
515 2742 569 2783 ad
587 2744 743 2788 matth.
766 2758 809 2800 p.
829 2743 927 2786 283.
947 2748 990 2783 et
1004 2743 1050 2786 F.
1070 2742 1118 2784 V.
1133 2738 1549 2795 EritzseleeQuaest.

93 2799 203 2841 Luc.
222 2814 267 2857 p.
289 2800 423 2852 183.).
482 2798 637 2855 Neque
662 2801 774 2840 enim
809 2813 848 2843 v.
879 2800 922 2841 6.
952 2799 1160 2840 rationem
1190 2797 1383 2839 continet
1414 2796 1468 2836 ab
1495 2795 1547 2838 ea

95 2856 337 2911 diversam,
377 2869 487 2912 quae
510 2870 550 2902 v.
568 2857 610 2901 5.
634 2856 836 2913 exposita
862 2861 945 2900 est.
1012 2855 1168 2912 inepte
1198 2854 1335 2911 igitur
1364 2854 1458 2909 Ap.
1484 2854 1547 2895 sio
