1715 3115
122 174 180 215 ’.ΞΟ
406 166 786 211 EPISTOLA
817 164 920 210 AD
952 166 1310 218 ROMANOS

130 291 237 319 mos.
260 274 585 331 apportavisset
605 272 898 324 rettulissent,
926 287 1057 328 quum
1078 289 1196 319 voce.
1217 275 1280 317 sic
1301 272 1592 316 struxissent:

128 336 218 375 νυνί.
239 334 285 372 «δὲ
314 345 491 386 κατηργ.
514 327 555 371 ἀ.
576 345 614 370 τ.
634 345 692 375 ν.,
731 321 824 384 ἐνῷ
857 329 1175 383 κατειχόμεθα,
1215 326 1522 378 ἀποθανόντες
1552 344 1591 372 ε.

130 391 220 430 νυνὶ
241 389 288 430 δὲ
307 384 613 434 ἀποθανόντες
632 399 810 440 κατηργ.
839 390 924 428 etc.
952 401 1064 428 ηιιιισ
1093 392 1236 429 autem
1262 399 1437 441 prorsus
1461 385 1594 427 soluti

130 459 276 487 samm-9
297 444 385 497 leqe
415 457 520 485 mos.
550 445 634 498 qul?
664 441 935 493 tenebamur,
977 443 1169 486 miseri
1190 457 1284 499 per
1311 455 1422 484 eum
1449 441 1568 497 fact
1579 440 1594 481 i

131 517 171 544 s.
198 505 422 555 postquam
452 497 550 553 ejus
577 496 794 538 miseriam
826 498 1160 551 dcynMarban
1207 499 1292 540 loci
1329 497 1591 540 sententiam

132 559 242 599 hanc
261 570 359 597 esse
379 569 490 596 nunc
513 558 654 594 antem
673 565 850 606 prorsus
869 553 1040 596 liberati
1068 569 1212 596 sumus
1242 568 1270 596 a
1299 554 1417 608 leye
1445 552 1594 595 mortis

128 616 193 669 (h.
215 628 254 656 c.
276 626 385 668 quae
408 609 624 651 miseriam
649 608 689 648 in
714 623 792 649 nos
812 608 1072 662 derivavit),
1100 614 1200 666 qua
1231 610 1479 652 tenebamur
1496 622 1594 649 ver-

132 672 200 711 bis
235 685 286 710 ex
315 670 357 720 8,
370 668 413 710 2.
453 666 611 706 sumtis
641 663 933 709 declararunt.
1006 666 1260 708 Koetlnerus
1290 667 1369 706 τοῦ
1395 661 1595 706 θανάτου

132 728 351 779 glossema
376 737 472 764 csse
495 721 740 771 existimat,
772 722 887 777 quod
909 722 1053 763 verbis
1073 718 1164 763 ἀπὸ
1184 723 1264 762 τοῦ
1284 718 1420 774 νόμου
1450 720 1594 778 primo

133 783 349 841 adjectum
392 779 596 834 deinceps
635 777 756 819 verbi
794 774 1098 826 ἀποθανόντες
1134 778 1273 818 locum
1305 777 1595 833 occupaverit.

133 839 234 882 Non
260 836 478 878 assentior
500 835 593 877 viro
613 834 883 877 doctissimo.
943 833 1056 876 Nam
1077 835 1115 876 si
1148 834 1206 874 ita
1236 848 1308 874 res
1337 838 1432 874 acta
1462 839 1595 883 esset,

133 895 330 938 subsidia
354 892 635 942 haberemus,
675 905 786 946 quae
822 888 912 932 ἀπὸ
941 892 1022 932 τοῦ
1054 887 1190 943 νόμου
1219 891 1317 931 τοῦ
1345 886 1597 930 θανάτου

134 951 239 994 ἀπο
256 955 325 990 θα
340 947 526 997 νόντες
546 947 808 1004 conjunctim
831 947 1107 1003 praeberent.
1165 948 1233 988 At
1256 946 1329 1002 qui
1350 945 1455 986 libri
1478 943 1597 985 ἀπο-

136 1005 347 1054 θανόντες
372 1006 547 1055 habent,
567 1005 647 1045 τοῦ
668 999 869 1044 θανάτου
886 1002 1122 1045 excludunt
1143 1008 1187 1044 et
1201 1002 1409 1046 vicissim.
1459 999 1598 1042 Prae-

135 1070 255 1105 terea
277 1063 356 1103 τοῦ
376 1056 575 1101 θανάτου
598 1073 699 1101 vera
724 1059 854 1100 lectio
888 1073 986 1101 esse
1019 1059 1172 1115 nequit
1196 1063 1452 1116 propterea,
1482 1056 1598 1113 quod

135 1121 185 1162 est
209 1118 411 1174 suscepta
433 1116 641 1158 vocabulo
664 1115 947 1157 destituimur
969 1115 1115 1158 verbis
1145 1115 1189 1156 in
1219 1116 1599 1169 argumentatione

136 1175 362 1235 primariis
384 1188 423 1216 v.
443 1172 485 1216 5.
508 1170 580 1213 ὅτε
602 1170 684 1226 γὰρ
709 1166 814 1228 ἦμεν
833 1169 877 1213 ἐν
892 1173 948 1228 τῇ
969 1170 1100 1227 σαρκί
1128 1173 1346 1229 opposito.
1404 1169 1597 1212 Eandem

139 1234 193 1275 ob
219 1245 392 1273 causam
414 1228 594 1272 semler-i
622 1227 897 1286 conjectura,
934 1228 1009 1284 qui
1037 1234 1127 1270 tum
1159 1225 1480 1276 ἀποθανόντες
1505 1234 1597 1268 tum

137 1291 217 1331 τοῦ
236 1284 432 1329 θανάτου
452 1284 651 1326 librariis
673 1285 841 1325 tributo
865 1282 913 1327 P.
933 1285 1024 1325 νυνὶ
1046 1285 1094 1325 δὲ
1113 1300 1150 1325 κ.
1171 1281 1261 1326 ἀπὸ
1279 1284 1359 1325 τοῦ
1387 1279 1524 1337 νόμου
1552 1279 1600 1324 ἐν

141 1341 175 1401 ᾧ
198 1359 357 1395 καιέιχ.
382 1342 555 1382 dedisse
576 1342 804 1391 censebat,
837 1339 1071 1397 rejicienda
1095 1345 1178 1384 est.
1234 1339 1370 1382 Recte
1399 1340 1600 1397 plerique

140 1402 335 1443 editores
357 1397 595 1454 (recentius
617 1397 779 1452 Beny„
807 1397 990 1448 Gre'esh„
1014 1395 1195 1449 Mame„
1214 1396 1409 1451 Knapp.,
1432 1397 1601 1447 Tium„

141 1457 350 1509 Luclem.)
397 1461 463 1496 et*
480 1454 750 1510 interpretes
791 1451 931 1494 Paulo
972 1452 1244 1495 vindicarunt
1281 1448 1600 1500 ἀποθανόντες,

142 1513 256 1570 quod
284 1511 499 1563 omnium,
538 1524 649 1566 quae
675 1509 755 1550 τοῦ
780 1506 982 1550 θανάτου
1009 1523 1092 1550 non
1121 1509 1330 1565 praebent
1350 1510 1411 1563 (v.
1431 1509 1602 1564 supra),

140 1569 435 1613 subsidiorum
473 1566 735 1608 auctoritate
777 1565 986 1606 munitum
1030 1566 1319 1607 necessariam
1349 1564 1403 1606 ad
1451 1561 1525 1606 ὅτε
1561 1578 1600 1618 y.

140 1625 248 1683 ἦμεν
272 1625 316 1667 ἐν
337 1639 373 1665 τ.
401 1637 441 1665 σ.
464 1638 505 1666 ν.
535 1622 577 1665 5.
610 1621 929 1678 oppositionem
963 1622 1111 1664 infert.
1177 1621 1262 1664 Sed
1293 1621 1519 1677 quaeritur
1547 1619 1602 1662 de

141 1684 372 1726 verborum
395 1679 735 1721 constructione.
793 1678 977 1730 Rueck„
1010 1677 1174 1730 Reich„
1200 1680 1250 1720 de
1269 1678 1458 1730 Wettius,
1493 1675 1601 1721 n'in.

145 1756 211 1792 gr.
236 1739 329 1781 150.
352 1735 421 1780 ed.
443 1735 486 1778 4.
508 1750 639 1791 quum
663 1732 969 1783 ἀποθανόντες
985 1743 1103 1776 arcte
1123 1749 1216 1775 cum
1248 1749 1287 1778 v.
1312 1731 1603 1789 κατηργήθη-

143 1813 222 1848 μεν
240 1794 588 1843 consociassent‚
619 1796 668 1833 ut
691 1790 861 1848 modum
886 1805 970 1846 quo
991 1792 1088 1844 lege
1110 1806 1218 1834 mos.
1240 1790 1375 1832 soluti
1404 1803 1604 1832 essemus

146 1851 307 1906 (Win.)
329 1849 596 1899 declararet,
628 1845 674 1889 ἐν
693 1849 726 1903 ‹J›
747 1863 780 1887 κ.
816 1861 911 1888 cum
940 1844 1032 1889 ἀπό
1056 1848 1136 1889 τοῦ
1161 1845 1297 1899 νόμου
1327 1846 1603 1903 copularunt.

147 1908 309 1950 Obstat
339 1906 394 1947 iis
425 1912 467 1946 et
500 1904 726 1945 verborum
757 1903 863 1944 ordo
891 1905 1008 1958 (nam
1037 1900 1340 1952 ἀποθανόντες
1368 1903 1446 1944 boc
1478 1909 1603 1960 pacto

147 1970 223 2006 aut
248 1969 346 2020 post
365 1962 458 2003 νυνὶ
479 1961 528 2002 δέ
546 1965 622 2011 aut
651 1965 751 2016 post
778 1958 1073 2012 κατειχόμεθα
1100 1959 1395 2001 collocandum
1423 1960 1605 2014 fuisset)

148 2031 192 2063 ct
230 2018 469 2070 sententia,
511 2015 859 2072 quandoquidem
898 2029 980 2057 non
1019 2016 1185 2057 diutius
1222 2016 1417 2058 homines
1449 2014 1605 2058 christ.

149 2079 246 2130 lege
277 2090 384 2118 mos.
411 2074 552 2116 teneri
576 2078 799 2129 postquam
829 2076 906 2113 ant
933 2073 1032 2128 quia
1065 2073 1223 2115 mortui
1253 2078 1426 2124 essent,
1466 2070 1606 2113 Paulo

150 2132 376 2174 dicendum
398 2136 494 2171 erat
514 2131 576 2184 (v,
598 2128 684 2183 5.),
716 2142 798 2170 nou
819 2127 932 2170 ratio
950 2128 1346 2180 commemoranda,
1376 2126 1461 2183 quai
1489 2127 1605 2180 legis

151 2205 262 2232 mos.
291 2186 474 2243 imperio
501 2186 641 2241 erepti
669 2188 834 2228 essent.
891 2183 1049 2241 Itaque
1074 2181 1376 2232 ἀποθανόντες
1403 2190 1477 2225 aut
1503 2198 1608 2224 con-

150 2245 434 2289 strurtionem
456 2242 681 2284 continuat
702 2237 1058 2297 (κατηργήθημεν
1079 2237 1119 2281 ἀ.
1143 2255 1179 2280 τ.
1203 2256 1234 2280 ν.
1260 2240 1350 2281 καὶ
1379 2236 1606 2282 ἀπεθά-

151 2317 312 2353 νομεν
339 2297 502 2354 αὐτῷ,
535 2296 579 2340 ἐν
599 2298 634 2353 ᾦ
654 2312 814 2348 κατειχ.
836 2297 975 2350 2,4.),
1005 2302 1102 2347 aut,
1132 2294 1245 2351 quod
1267 2296 1480 2352 praefero,
1504 2296 1607 2337 vul-

152 2372 257 2411 gare
280 2355 566 2411 Participium
586 2357 655 2396 est
683 2353 748 2395 rei
776 2353 922 2394 verbis
950 2366 1125 2407 κατηργ.
1157 2348 1197 2392 ἀ.
1227 2367 1260 2392 τ.
1292 2368 1326 2393 ν.
1358 2352 1606 2394 declaratae

152 2427 327 2455 causam
356 2411 566 2453 afferens:
612 2406 915 2458 ἀποθανόντες
942 2405 1083 2462 τούτῳ
1111 2422 1148 2451 s.
1177 2405 1294 2463 αι’]τῷ
1322 2409 1445 2463 (licet
1472 2408 1605 2451 etiam

153 2469 226 2513 ἀπ
240 2467 263 2511 ὁ
282 2466 442 2510 τούτου
463 2482 511 2509 su
548 2466 688 2522 plere,
720 2465 817 2521 quia
838 2467 970 2506 etiam
990 2458 1318 2518 ἀποθνήσκειν
1337 2460 1444 2506 ἀπό
1473 2478 1606 2514 τινος,

152 2525 317 2569 demon-i
335 2525 384 2564 de
404 2538 451 2564 re
465 2555 476 2574 ,
507 2481 601 2565 801.
621 2522 662 2573 2,
674 2522 744 2565 20.
764 2520 924 2561 dicitur
945 2534 983 2562 v.
1005 2517 1200 2573 1,357.)‚
1230 2518 1274 2561 ἐν
1299 2512 1333 2577 ᾧ
1363 2535 1523 2573 κατειχ.
1544 2523 1607 2576 (v.

153 2582 306 2635 1,425.
328 2579 483 2635 Eurip.
505 2578 574 2622 El.
598 2579 707 2630 33.).
767 2577 946 2619 Rectius
968 2574 1019 2618 Ρ.
1044 2577 1134 2617 νυνὶ
1156 2577 1204 2618 δὲ
1223 2573 1609 2627 ἀποθανόντες

154 2654 330 2694 κατηργ.
351 2642 434 2677 etc.
459 2634 736 2691 scripsisset,
771 2639 817 2673 ut
839 2627 1141 2680 ἀποθανόντες
1160 2632 1305 2674 verbis
1334 2646 1374 2676 V.
1394 2633 1437 2677 5.
1466 2629 1540 2676 ὅτε
1567 2649 1606 2688 γ.

151 2691 177 2749 ἦ
201 2694 233 2736 ἐ.
255 2709 292 2735 τ.
315 2707 350 2735 σ.
383 2692 478 2748 ipso
506 2693 601 2732 loco
632 2704 710 2731 suo
741 2689 1026 2744 responderet
1044 2686 1192 2745 judice
1219 2688 1464 2732 Rueckerw.
1518 2690 1608 2733 At-

153 2766 236 2806 que
260 2752 317 2790 ita
343 2747 392 2792 P.
415 2748 620 2798 dixisset,
651 2745 737 2786 nisi
755 2760 923 2787 severae
943 2760 1022 2787 nos
1050 2745 1315 2798 imperatrici
1340 2751 1478 2787 morte
1505 2745 1608 2786 sub-

151 2813 314 2849 tractos
352 2819 449 2849 esse
485 2802 645 2858 (ἀποθ.
675 2801 695 2846 ἑ
707 2818 727 2842 ν
756 2795 792 2858 ᾧ
822 2807 1004 2855 zatecz.)
1031 2801 1191 2844 addere
1222 2800 1451 2855 voluisset,
1491 2800 1607 2858 quod
