1715 3115
479 211 637 260 GAP.
662 211 790 258 Vll.
832 213 924 260 vs.
947 215 990 259 7.
1018 218 1071 257 et
1099 214 1162 261 8..
1499 224 1556 266 35

88 319 203 375 legis
223 332 360 371 moe„
389 317 622 376 impuritas
641 318 881 361 accusanda
906 323 1029 374 est.).
1085 319 1228 374 Beza,
1258 323 1353 367 Juc.
1370 324 1551 380 Coppel-

86 376 178 428 Ius,
205 377 357 427 Grot„
397 374 550 431 Wolf„
579 375 755 425 Ilvam„
787 376 944 430 curpz.
966 378 1025 421 al.
1044 377 1107 419 sic
1127 377 1409 436 interpretati
1427 389 1552 428 sunt:

87 447 186 474 nam
217 434 288 485 (ut
319 445 410 473 rem
442 432 640 488 exemplo
670 431 912 485 illustrem,
953 448 992 477 v.
1022 440 1112 478 not.
1133 434 1188 475 ad
1217 449 1256 479 v.
1275 437 1341 490 2.)
1371 452 1549 494 pravam

86 488 371 544 cupiditatem
397 493 619 542 peccatum
646 502 738 529 esse
770 490 1062 543 nese-iveram,
1105 491 1190 533 nisi
1219 498 1318 537 etc..
1390 494 1550 540 Fuisse

86 548 203 587 enim
224 545 338 586 inter
357 543 550 588 ,ludaeos
565 575 577 596 ,
608 544 683 600 qui
703 546 967 600 cogitatione
991 555 1034 589 et
1057 547 1266 601 libidine,
1296 564 1424 606 quam
1446 553 1551 595 elle-

85 607 185 643 ctus
207 615 291 643 non
321 607 606 657 sequeretur,
646 614 730 642 non
761 603 933 668 peccari
963 605 1281 649 existimarent.
1336 608 1405 649 At
1422 623 1551 666 prae-

86 665 286 714 terquam
308 657 421 714 quod
443 658 545 699 haec
564 657 799 714 explicatio
823 673 845 700 e
867 660 979 703 salsa
1002 661 1350 716 praecedentium
1364 679 1400 707 v.
1422 680 1551 708 enar-

87 715 260 756 ratione
282 715 468 769 (peccati
484 714 673 757 rationes
694 728 777 756 non
800 729 1101 771 cognoveram,
1128 719 1215 760 nisi
1236 725 1319 763 etc.
1337 734 1374 762 ν.
1394 726 1550 781 supra)

87 772 240 824 fluxit,
277 778 321 812 et
347 769 643 812 commentitia
678 776 747 813 est
774 773 1003 815 verborum
1038 768 1150 816 εἶναι
1179 771 1398 830 ἁμαρτίαν
1428 781 1550 835 (post

89 823 103 839 J

86 824 230 886 ῄδειν)
258 827 432 885 ellipsis
461 832 504 869 et
529 825 607 882 τὴν
627 822 865 882 Ἅμαρτίαν
894 827 1059 872 εἰδέναι
1090 832 1218 888 plena
1246 837 1314 874 est
1333 834 1550 892 loquutio‚

88 883 447 941 quemadmodum
469 879 797 938 zfiv‘Afaaniav
817 884 1060 940 γινώσκειν.
1538 907 1540 919 ¹

202 940 258 985 V.
276 940 320 983 8.
380 940 591 996 Sequitur
623 940 926 996 praecedentis
954 943 1198 986 sententiae
1231 957 1272 989 v.
1300 945 1344 989 7.
1375 949 1550 1005 exposi-

87 996 164 1042 tio,
184 1022 241 1028 -—
291 996 507 1039 Permulti
529 997 793 1053 interpretes
812 997 890 1053 τὴν
909 995 1129 1054 ἁμαρτίαν
1147 1001 1214 1042 vel
1231 1005 1435 1055 peccandi
1453 1020 1550 1048 con-

87 1054 350 1096 suetudinem
380 1054 565 1109 (Gran),
606 1055 673 1095 vel
702 1056 1025 1108 propensionem
1051 1057 1108 1098 ad
1130 1063 1309 1110 peccata
1336 1059 1454 1112 (Chr.
1476 1063 1548 1106 Pr.

87 1109 302 1162 Schmid„
342 1109 514 1164 Kopp„
553 1108 699 1162 Mor„
735 1109 924 1165 lVe'nz.),
964 1112 1031 1152 vel
1061 1112 1316 1165 facultatem
1343 1121 1549 1168 peccandi·

86 1165 289 1220 (Rueck.)
313 1167 618 1223 explicuerunt
645 1172 794 1208 contra
831 1183 955 1209 usum
985 1168 1192 1225 loquendi
1223 1172 1284 1225 (v.
1314 1169 1353 1222 l,
1374 1172 1460 1215 289
1479 1189 1548 1231 sq.

86 1229 132 1263 et
163 1222 389 1265 Schnlzius
414 1224 517 1268 SlBoss
548 1225 649 1277 beisst
680 1227 846 1277 glauben
873 1231 956 1267 etc.
998 1239 1041 1281 p.
1068 1226 1205 1279 266.).
1270 1225 1442 1285 Nempe
1471 1230 1549 1288 τὴν

86 1275 305 1334 ἁμαρτίαν
323 1284 542 1333 peccatum
565 1280 606 1323 h.
626 1281 657 1323 l.
679 1281 824 1322 valere
845 1295 927 1322 non
952 1295 1083 1336 posse
1103 1295 1154 1322 ex
1175 1296 1226 1323 eo
1245 1287 1448 1337 cognosci
1469 1302 1550 1344 pu-

85 1341 252 1388 tarunt,
283 1335 396 1391 quod
418 1342 589 1392 peccata
613 1350 664 1377 ex
686 1337 834 1392 pravis
852 1337 1169 1394 cupiditatibus
1185 1346 1417 1383 nascantur
1434 1347 1551 1398 (v.7.

88 1390 184 1436 Jac.
209 1394 248 1445 1,
272 1394 385 1444 15.),
423 1406 505 1433 non
528 1393 719 1433 vicissim
753 1394 891 1435 malae
912 1393 1179 1450 cupiditates
1209 1409 1231 1435 a
1256 1399 1444 1452 peccatis
1474 1416 1551 1458 pa-

87 1449 261 1490 riantur
280 1448 446 1502 (Winz.
466 1449 602 1505 p.8.).
640 1450 705 1492 At
721 1450 832 1491 enim
851 1465 950 1492 vero
965 1446 1292 1506 vJJv‘Anapu'av
1311 1468 1389 1511 per
1409 1471 1551 1511 προς-

85 1503 342 1547 ωῑτοποιΐαν
364 1504 454 1562 jam
485 1520 639 1547 numen
676 1505 723 1548 P.
746 1507 851 1547 facit
870 1522 908 1548 v.
929 1507 957 1549 8
978 1532 1016 1538 -
1035 1507 1106 1550 20.
1145 1512 1336 1564 peccatis
1366 1526 1552 1571 praepo-

91 1561 224 1603 situm
257 1563 418 1605 Genes.
438 1561 482 1615 4,
499 1563 568 1614 7.‚
598 1562 711 1618 quod
740 1568 784 1604 et
811 1563 958 1604 favere
987 1577 1066 1620 par
1084 1570 1152 1605 est
1175 1565 1358 1619 flagitiis
1383 1575 1427 1610 et
1447 1585 1551 1626 ope·

88 1632 182 1660 ram
206 1617 310 1659 dare
329 1625 376 1660 ut
397 1623 571 1675 peccata
592 1625 847 1675 patrentur,
877 1621 990 1661 sicut
1017 1620 1172 1662 Virtus
1195 1623 1397 1665 virtutem
1420 1626 1553 1681 fovet,

89 1674 330 1718 Concordia
361 1674 633 1717 concordiam
675 1676 839 1730 gignit,
885 1677 1005 1717 Mors
1035 1684 1216 1718 mortem
1246 1680 1363 1735 parit
1390 1683 1450 1733 (5,
1482 1685 1552 1729 12.

90 1730 336 1774 Senserunt
353 1746 443 1773 rem
472 1732 547 1788 qui
566 1728 756 1787 τὴνἉμ.
777 1733 1005 1775 Diabolum
1034 1732 1119 1774 dici
1140 1736 1482 1791 contenderunt,
1511 1756 1552 1785 v.

93 1788 356 1842 Theophyl.).
415 1788 550 1830 Recte
572 1789 708 1842 igitur
744 1788 793 1832 P.
818 1787 1070 1842 Peccatum,
1110 1797 1157 1832 ut
1187 1801 1360 1847 peccata
1385 1795 1551 1848 fierent,

91 1857 172 1899 per
193 1843 280 1885 div.
305 1844 579 1887 interdictum
600 1861 756 1899 pravas
784 1846 1047 1902 cupiditates
1068 1848 1318 1903 peperisse,
1355 1859 1554 1906 peccato-

92 1913 188 1940 rum
219 1900 478 1953 genitrices,
518 1916 559 1945 v.
590 1902 628 1945 8.
661 1917 727 1958 sq.
759 1901 982 1946 indicavit.
1047 1902 1175 1958 Quod
1204 1905 1387 1949 audacia
1417 1923 1553 1967 prope

93 1956 264 2013 poetica
293 1955 454 1997 dictum
487 1957 526 1997 si
559 1959 819 2014 simpliciter
846 1959 1074 2001 enuntiare
1095 1961 1285 2002 volueris
1316 1963 1423 2005 hanc
1449 1980 1553 2008 sane

94 2012 181 2053 vim
205 2012 359 2054 habet:
389 2014 549 2054 malam
568 2013 777 2054 hominum
800 2016 1055 2056 voluntatem
1081 2016 1264 2072 (quippe
1285 2032 1394 2073 quae
1416 2021 1458 2062 in
1482 2036 1554 2065 ve-

93 2068 223 2110 titum
247 2069 481 2120 niteretur)
502 2083 579 2126 per
601 2069 688 2112 div.
710 2069 987 2111 interdictum
1010 2085 1167 2125 pravas
1191 2074 1457 2128 cupiditates
1477 2093 1555 2133 ge·

91 2125 266 2176 unisse,
305 2125 417 2166 uude
445 2131 620 2182 peccata
648 2131 747 2166 nata
778 2131 942 2169 essent.
999 2127 1086 2169 Sed
1117 2127 1277 2172 idcireo
1301 2126 1555 2189 ῆῖᾼμαρῑία

92 2182 205 2223 nibil
226 2181 348 2222 aliud
373 2182 614 2237 significat,
645 2196 772 2238 quam
795 2184 1036 2225 Peccatum.
1093 2182 1213 2226 lllud
1233 2202 1403 2244 quoque
1425 2191 1555 2234 facile

92 2238 384 2291 intelligitur,
426 2253 508 2280 non
537 2252 730 2294 pugnare
756 2240 867 2280 hunc
886 2253 951 2282 vs,
979 2254 1073 2281 cum
1097 2255 1161 2284 vs.
1180 2244 1250 2295 7.,
1278 2245 1351 2285 ubi
1376 2245 1556 2304 Cupidi-

93 2300 230 2337 tatem
255 2294 454 2347 Peccati,
492 2295 618 2351 cujus
639 2302 766 2337 notus
789 2295 1081 2338 etfamiliaris
1104 2298 1184 2339 lias
1203 2303 1436 2355 peccando,
1465 2319 1555 2345 ma-

94 2357 206 2393 trem
226 2366 326 2393 esse
349 2354 441 2408 Ap.
464 2350 717 2395 declaravit.
770 2349 998 2409 Ἀφορμὴν
1017 2368 1190 2395 causam
1213 2357 1358 2412 potius
1380 2365 1454 2401 aut
1473 2361 1556 2402 im-

92 2413 239 2464 petum
259 2414 406 2460 verte,
446 2423 573 2464 quam
593 2409 868 2452 occasionem.
926 2408 1021 2451 Hoc
1049 2411 1162 2452 enim
1186 2425 1300 2466 voc„
1331 2428 1461 2470 quum
1487 2418 1555 2460 lo-

95 2465 298 2521 quutioni
325 2479 420 2506 cum
451 2465 493 2506 vi
533 2465 575 2507 in
607 2465 779 2522 periodi
817 2465 942 2507 initio
972 2467 1142 2523 positae
1171 2463 1379 2526 ἀφορμὴν
1408 2472 1556 2526 λαβεῖν

95 2528 344 2576 opponatur
371 2521 520 2576 νεκρὸν
546 2515 684 2573 εἶναι,
721 2523 980 2564 sententiam
1003 2537 1085 2565 non
1108 2526 1258 2581 explet
1286 2532 1348 2579 (v.
1370 2528 1555 2583 Belem).

97 2577 280 2620 causam
302 2579 438 2632 igitur
467 2579 515 2633 (2
534 2577 636 2622 Cor.
658 2580 727 2629 ll,
748 2580 816 2622 12.
849 2579 950 2623 Gal.
971 2580 1014 2632 5,
1033 2581 1123 2633 13.)
1153 2588 1197 2623 et
1222 2583 1396 2639 quidem
1417 2586 1557 2629 vicen-

70 2667 73 2669 -
96 2634 142 2676 di
162 2633 206 2677 h.
220 2649 259 2678 e.
277 2649 368 2677 sese
386 2634 666 2677 commovendi
684 2630 865 2691 ἀφορμή
883 2638 1008 2680 valet.
1072 2637 1276 2696 Plerique
1297 2648 1559 2686 convertunt

97 2690 265 2747 impetu
294 2696 488 2744 accepto,
526 2692 652 2748 pauci
683 2692 751 2747 (ut
781 2694 924 2745 Beza)
951 2694 1115 2752 impetu
1143 2700 1282 2739 sumto
1309 2697 1489 2755 (Polyb.
1514 2699 1558 2751 4,

97 2746 172 2796 58,
200 2748 290 2801 8.).
357 2746 454 2789 Hoc
482 2762 565 2789 uon
593 2763 776 2805 prorsus
805 2748 1023 2806 displicet.
1088 2750 1202 2795 Nam
1232 2753 1295 2795 sic
1325 2753 1559 2808 indicatur,

98 2801 176 2843 τὸν
203 2804 522 2856 κακοδαίμονα,
563 2811 612 2846 ut
636 2807 824 2847 animum
857 2808 1074 2863 expleret,
1114 2824 1228 2861 rem,
1259 2811 1412 2852 bonam
1436 2813 1556 2853 illam

99 2859 300 2915 quidem,
336 2860 412 2903 sed
442 2875 571 2917 quam
600 2861 656 2904 ad
684 2865 994 2920 procreandam
1023 2866 1253 2909 libidinem
1283 2867 1480 2911 idoneam
1498 2869 1561 2911 ri-

1055 2923 1148 2966 (32
