1715 3115
187 222 272 264 218
470 222 844 267 EPISTULA
875 225 976 268 ΑΙ)
1008 224 1370 268 ROMANOS

185 325 419 367 etiamnum
451 326 704 394 prodesse),
741 331 814 386 qui
847 344 871 371 a
900 330 984 372 Dei
1015 330 1164 373 dextra
1195 330 1315 373 sedet
1338 329 1487 384 (hahet
1506 329 1639 384 igitur

185 383 348 425 amicos
374 383 605 441 adjuvandi
636 400 718 428 mm
743 392 786 427 et
813 386 1111 442 facultatem),
1148 389 1220 443 qui
1249 390 1378 429 etiam
1416 401 1492 443 pro
1514 387 1639 428 nohis

184 437 445 493 deprecatur
470 442 596 496 (ergo
626 444 756 483 etiam
785 443 888 484 facit
918 444 1030 499 quod
1062 449 1226 499 potest,
1268 451 1315 484 ut
1347 458 1424 484 nos
1449 449 1638 486 tutetur:

184 498 262 550 qui
281 496 417 549 igitur
435 512 544 552 quos
563 505 678 538 amat
698 499 740 539 in
764 513 971 552 geennam
993 500 1307 555 compingat?).

302 552 355 594 V.
376 555 447 596 35.
463 577 518 584 --
535 554 606 596 37.
648 554 746 596 Non
765 561 811 596 ut
830 556 960 597 rebus
981 557 1177 612 proxime
1201 554 1486 598 memorandis
1507 553 1639 606 (ΘΜ-

185 613 269 658 ung
301 614 402 654 etc.)
438 624 715 664 personarum
761 611 1016 665 dignitatem
1056 613 1194 653 tribui
1232 612 1439 653 indit-aret
1486 611 1639 665 (Galea,

184 663 329 716 Beza,
359 667 479 708 (ir-ot.
498 667 578 718 al.)
600 664 651 709 P.
673 665 739 716 τίς
761 682 839 724 pro
860 666 902 708 τί
921 668 1121 724 scripsit,
1163 668 1239 710 sed
1260 675 1335 708 aut.
1359 667 1636 709 pronominis

181 733 320 771 genus
341 721 392 762 ad
408 722 785 766 Substantivorum
804 720 1234 777 θλίιίνις-μάχαιρα
1248 739 1382 778 genus
1402 737 1636 766 accommo-

182 775 327 828 davit,
366 784 464 830 aut,
503 779 618 834 quod
647 781 785 835 magis
813 780 966 832 credo,
1007 795 1070 824 vs,
1098 781 1168 823 31.
1195 781 1264 822 33.
1293 785 1336 822 et
1360 781 1431 823 34.
1451 780 1635 821 invitatu

180 829 248 880 τίς
275 835 438 889 posuit.
497 835 570 877 Sic
598 835 739 892 primo
771 837 1036 891 interrogat:
1070 837 1220 892 ecquis
1244 852 1322 879 nos
1341 836 1562 894 disjunget
1583 835 1638 876 ab

181 901 352 942 amore,
380 905 465 946 quo
483 906 561 934 nos
583 892 788 936 Christus
813 894 978 948 [Deus]
1004 889 1318 949 prosequitur?
1366 893 1572 934 neminem
1594 890 1637 932 id

179 944 433 989 effecturum
471 962 570 990 esse
600 949 871 991 indicaturus
899 950 1058 1004 (Oeen).
1123 949 1295 992 Deinde
1327 948 1635 1001 interrogatio-

177 1014 274 1042 nem
288 1004 545 1046 continuans
565 1020 662 1046 num
686 1021 761 1048 eae
781 1020 853 1047 res
871 1004 976 1047 illuc
989 1005 1202 1048 valiturae
1218 1007 1320 1058 sint,
1348 1020 1458 1062 quae
1469 1004 1635 1048 Christi

180 1057 314 1113 [Dei]
335 1074 439 1114 erga
469 1075 548 1103 nos
574 1076 763 1104 amorem
784 1063 1063 1116 exstinguere
1083 1077 1210 1116 posse
1237 1063 1488 1114 videantur,
1512 1066 1560 1102 ut
1591 1059 1633 1100 id

179 1129 353 1171 quoque
375 1122 502 1172 neget
523 1121 583 1171 (v,
602 1118 718 1173 32),
747 1124 1028 1176 percontatur
1048 1119 1239 1172 (Θλίψις
1257 1143 1312 1150 -—
1332 1119 1356 1173 ἢ
1378 1116 1573 1170 μάχαιρα
1585 1121 1633 1168 5).

178 1170 337 1227 ltaque
358 1173 424 1222 τίς
444 1188 482 1217 v·
502 1174 572 1217 35.
593 1189 731 1231 neque
752 1189 830 1232 pro
849 1173 893 1216 τί
916 1175 1104 1231 positum
1125 1181 1209 1226 est,
1238 1190 1374 1231 neque
1394 1175 1523 1215 aliam
1547 1173 1631 1213 vim

177 1228 332 1280 hahet,
364 1244 491 1285 quam
519 1246 558 1274 v.
589 1231 661 1274 31.
688 1232 759 1276 33.
779 1232 868 1274 34..
918 1228 1008 1272 ἀπὸ
1037 1232 1114 1285 τῆς
1134 1228 1395 1286 ἄγάπηςτοῦ
1409 1231 1628 1284 Χριστοῦ]

177 1282 390 1341 Plerique
418 1301 625 1340 umorem,
663 1302 741 1343 quo
768 1302 841 1329 nos
871 1286 1120 1330 Christus
1148 1288 1372 1339 amplexus
1398 1291 1462 1328 est
1497 1286 1632 1326 inter—

177 1342 429 1397 pretantur,
455 1344 605 1398 «pauci
633 1359 845 1395 amorem,
881 1345 926 1385 ’ἱη
955 1357 1032 1397 qno
1068 1359 1092 1385 η
1106 1358 1158 1385 os
1195 1344 1472 1385 Christum
1505 1342 1630 1383 habe-

177 1411 271 1438 mus
299 1398 457 1453 (02-1‘9„
485 1400 675 1441 Basilius
701 1400 819 1455 Opp.
843 1398 901 1451 ΙΙ,
922 1400 1048 1452 657.,
1094 1400 1431 1450 Ambrosiaster,
1460 1398 1582 1440 Corn.
1603 1413 1630 1440 ιι

176 1453 359 1507 Lepide,
388 1454 845 1509 Mcqy'usOhs.s.1.n‚
870 1471 912 1512 p.
928 1456 1051 1507 127.‚
1080 1457 1259 1506 Heum„
1288 1454 1430 1505 D1mn,
1459 1454 1629 1496 Koelln.

174 1509 280 1564 aL),
316 1526 573 1567 quamquam
603 1513 761 1553 multos
789 1513 1033 1567 antiquitus
1064 1512 1173 1553 hanc
1200 1511 1534 1568 explicationem
1567 1511 1629 1550 in-

175 1579 355 1635 gressos
387 1582 483 1608 esse
513 1569 669 1609 titulus
705 1568 831 1610 docet
857 1583 920 1610 vs.
949 1568 1020 1611 35.
1041 1592 1096 1598 -—-
1115 1570 1185 1611 39.
1226 1568 1377 1609 datus:
1417 1567 1521 1620 περὶ
1552 1565 1630 1619 τῆς

174 1623 465 1678 οφειλομέιής
491 1619 664 1679 ἀγάπης
690 1625 874 1678 Χριστῷ
902 1626 978 1678 (cf.
1009 1623 1243 1666 Matthaeii
1279 1623 1347 1666 ed.
1381 1623 1522 1675 mim).
1581 1622 1629 1665 Si

173 1679 255 1718 τοῦ
289 1681 483 1732 Χριστοῦ
512 1694 534 1719 a
570 1678 618 1722 P.
643 1681 880 1735 profectum
903 1684 1044 1730 esset,
1083 1680 1155 1720 illa
1178 1679 1483 1735 interpretatio
1507 1679 1630 1719 unice

173 1748 274 1774 vera
295 1742 430 1778 esset.
489 1735 605 1778 Toto
628 1737 740 1777 enim
759 1737 790 1780 l.
810 1736 902 1792 Ap.
932 1737 1029 1792 pios
1050 1736 1327 1779 Christianos
1352 1736 1500 1776 beatos
1521 1749 1634 1786 esse,

175 1791 277 1846 quia
308 1791 362 1832 iis
393 1797 436 1832 et
469 1792 589 1834 Deus
617 1793 760 1834 faveat
788 1797 832 1833 et
861 1792 1089 1843 Christus,
1124 1793 1320 1847 exponit,
1361 1806 1442 1833 non
1465 1796 1628 1832 tantam

173 1861 322 1888 eorum
347 1848 388 1888 in
410 1848 550 1889 Deum
571 1854 646 1890 aut
665 1848 887 1891 Christum
907 1849 1111 1905 pietatem
1142 1863 1240 1890 esse
1261 1848 1555 1899 demonstrat,
1586 1855 1633 1889 ut

173 1904 292 1944 nulla
321 1918 414 1945 eam
445 1906 670 1946 calamitas
703 1906 849 1947 delere
881 1904 1036 1962 possit.
1102 1903 1337 1946 insisteret
1359 1904 1492 1958 igitur
1513 1904 1630 1945 savo-

172 1961 262 2012 ris,
301 1975 386 2015 quo
415 1960 619 2004 Christus
650 1963 691 2002 in
723 1977 798 2003 nos
827 1961 1140 2018 propenderet,
1178 1961 1431 2012 cogitationi
1461 1964 1518 2015 (v.
1537 1959 1632 2010 34.)

172 2016 251 2068 ita,
283 2023 329 2058 ut
350 2032 478 2073 quum
502 2019 708 2060 neminem
732 2033 808 2059 nos
829 2019 883 2058 ab
900 2032 1061 2068 amore,
1091 2032 1174 2074 quo
1192 2017 1396 2059 Christus
1417 2032 1495 2058 nos
1513 2031 1629 2058 ama-

172 2078 264 2124 ret,
311 2073 518 2114 divellere
548 2089 676 2131 posse
705 2075 994 2125 affirmasset,
1043 2072 1084 2114 id
1115 2074 1182 2114 vel
1207 2074 1487 2114 tristissimos
1517 2072 1632 2112 vitae

169 2143 300 2170 casus
337 2129 567 2172 effecturos
614 2145 712 2172 esse
757 2145 807 2172 eo
839 2136 1045 2183 negaret,
1093 2129 1205 2185 quod
1247 2130 1286 2170 in
1327 2130 1394 2170 his
1433 2128 1631 2169 omnihus

171 2186 300 2240 longe
329 2187 584 2243 superiores
610 2187 932 2229 discederemus
960 2186 1126 2227 viribus
1162 2200 1184 2225 a
1215 2184 1391 2228 Christo
1427 2186 1631 2241 acceptis,

172 2243 249 2297 qui
287 2256 411 2284 suum
455 2258 557 2297 erga
595 2257 674 2285 nos
713 2257 900 2285 amorem
937 2249 1141 2284 testatum
1179 2242 1356 2283 fecisset
1392 2240 1629 2284 moriendo.

172 2298 309 2339 Levia
338 2305 440 2341 sunt
467 2305 744 2354 argumenta,
783 2300 940 2356 quibus
963 2299 1066 2340 haec
1095 2298 1344 2353 explanatio
1365 2298 1629 2353 impugnata,

172 2355 314 2395 altera
342 2354 520 2397 detensa
553 2363 636 2399 est.
705 2356 815 2396 Nam
846 2369 974 2413 posse
1011 2369 1082 2395 res
1113 2354 1320 2395 adversas
1345 2354 1542 2405 efficere,
1580 2359 1628 2394 ut

176 2411 389 2452 hominnm
417 2427 537 2454 amor
565 2426 666 2465 erqa
698 2412 909 2455 Christum
934 2411 1191 2464 refrigescat
1212 2414 1255 2451 et
1274 2424 1403 2466 saepe
1422 2424 1497 2451 eas
1518 2411 1626 2450 hane

174 2467 259 2508 vim
283 2467 504 2518 habuisse,
537 2474 583 2509 ut
605 2469 771 2511 Christi
792 2481 912 2509 sacra
926 2466 1246 2517 desererentur,
1275 2480 1355 2506 non
1369 2480 1488 2520 posse
1500 2466 1627 2509 Chri-

175 2524 414 2565 stianorum
439 2525 707 2566 calamitates
731 2526 867 2566 Deum
901 2529 975 2564 aut
993 2523 1201 2564 Christum
1219 2535 1410 2572 movere,
1440 2527 1486 2564 ut
1505 2523 1627 2564 mise·

174 2593 244 2620 ros
272 2579 456 2622 homiues
484 2595 632 2623 amare
661 2581 826 2623 desinat
849 2579 1062 2636 objectum
1085 2583 1168 2620 est.
1226 2576 1404 2620 Scilicet
1423 2578 1465 2618 id
1486 2579 1627 2634 ipsum

176 2633 232 2678 P.
260 2633 392 2687 dixit,
431 2637 663 2678 amicorum
685 2651 914 2677 aerumnas
944 2649 1026 2676 non
1052 2648 1144 2675 eam
1166 2634 1250 2675 vim
1270 2634 1384 2689 apud
1405 2634 1626 2676 Christum

176 2691 359 2746 [Deum]
401 2691 585 2743 habere,
632 2708 759 2748 quam
789 2693 833 2733 in
871 2693 1063 2732 homines
1112 2694 1352 2733 exerceant.
1420 2690 1631 2732 Homines

177 2748 327 2790 beatos
349 2748 509 2789 amicos
531 2748 824 2800 admirantur,
852 2747 1086 2795 extollunt,
1117 2751 1318 2789 tuentur:
1355 2760 1510 2800 graves
1540 2747 1628 2787 ior-

177 2808 309 2844 tunae
338 2803 523 2861 injurias
551 2819 705 2860 passos
733 2819 862 2860 saepe
889 2802 1006 2844 flocci
1037 2817 1119 2843 non
1150 2803 1314 2843 faciunt
1342 2817 1502 2857 easque
1528 2816 1628 2843 con-

177 2865 389 2906 temnunt.
454 2860 605 2915 Longe
632 2862 764 2903 aliter
792 2859 996 2904 Christus
1029 2859 1192 2915 [Deus]
1230 2859 1363 2914 iacit,
1401 2859 1478 2914 qui
1516 2858 1631 2901 vires
