1715 3115
159 117 189 159 2
438 112 818 159 EPtsToLA
848 112 950 157 AD
981 111 1349 157 ROMANOS

166 223 336 256 peccatius
355 218 449 256 onim
470 222 605 265 impetu
627 225 745 254 sumto
767 232 827 264 per
846 219 1094 257 interdictum,
1126 232 1188 265 per
1216 220 1312 264 qnod
1340 219 1496 264 impuras
1523 219 1626 272 cupi-

166 270 289 301 ditati—s
312 270 349 300 iis
370 268 556 307 movisset,
591 279 651 299 eos
670 266 806 309 decepit
833 273 866 298 et
893 276 1002 308 quum
1029 277 1151 309 pravas
1180 265 1386 310 cupiditates
1414 278 1475 310 per
1506 264 1540 298 id
1572 277 1631 298 tn-

169 313 342 348 {lammari
365 313 452 358 passi
475 319 700 357 peccassent,
718 317 831 343 morte
851 309 993 356 pliysiczi
1008 334 1018 352 ‚
1043 309 1111 354 quai
1131 311 1243 354 poenal
1265 312 1362 344 Deus
1383 317 1524 355 peccata
1545 310 1629 344 vin-

167 359 283 398 dicat,
311 372 371 391 vos
391 358 505 391 affecit
529 363 578 400 (v.
605 360 683 391 tw.
736 357 853 400 ltaque
873 355 983 390 Mosis
1010 356 1152 400 quidem
1180 355 1229 388 lex
1257 362 1376 390 sancta
1404 361 1454 389 est
1481 356 1630 401 ejusque

169 406 211 438 de
232 404 385 437 ximndis
406 404 522 447 pravis
542 400 792 448 cupiditatibus
812 401 1037 435 interdictum
1057 407 1218 434 sanctum
1237 407 1269 434 et
1289 402 1466 445 integrum
1497 407 1530 434 et
1559 402 1628 434 bo-

170 463 256 483 num
275 456 323 481 est
338 474 347 491 ,
370 449 428 482 sed
451 448 621 482 Pexatus
641 449 797 490 impurus
817 454 866 480 est
889 449 934 487 (v.
956 447 1039 483 12).
1088 446 1228 489 ltaque,
1254 459 1363 491 quum
1387 454 1422 480 tu
1439 446 1551 480 Musis
1570 446 1630 479 in-

170 495 360 529 terdictum
379 495 513 527 bonum
532 507 605 527 esse
624 493 811 525 astu-maris
835 505 862 528 v.
884 492 954 531 12,
985 494 1083 524 bona
1102 504 1157 524 res
1180 491 1263 525 mihi
1279 493 1410 524 mortis
1426 504 1527 526 causa
1548 491 1629 535 snit,

170 541 262 574 dicat
291 539 444 584 aliquis?
479 539 556 572 tino
584 539 753 571 l‘eccatns
780 537 838 583 qui
869 550 930 583 per
963 543 1102 582 turpem
1141 536 1321 570 interdicti
1356 538 1503 570 abusum
1544 537 1630 571 irri-

172 585 239 619 tata
261 585 404 619 libidine
420 585 583 617 maximas
601 589 827 627 peccatorum
841 609 848 623 ,
873 595 962 628 quae
981 589 1096 616 morte
1114 581 1345 627 punirentur,
1375 588 1550 616 sementes
1576 583 1631 616 fe-

170 631 261 664 cerit
281 630 499 672 (v.8—-11.)
519 629 624 662 exitio
645 627 708 660 tibi
734 627 819 671 suit,
854 641 967 673 neque
996 627 1030 661 id
1057 627 1131 660 sine
1165 627 1322 661 numine.
1369 627 1504 672 Nempe
1533 628 1633 662 Deus

173 676 362 709 Peccatum
389 687 568 708 summum
598 680 821 719 peccatorem
850 687 924 708 esse
956 686 994 707 ex
1016 685 1058 706 eo
1088 672 1257 716 cognosci
1286 671 1418 713 votuit,
1450 673 1544 718 quod
1570 673 1630 706 ille

172 721 432 755 sanctissimum
453 727 555 764 atque
574 718 747 764 optimum
766 719 995 753 interdictum
1016 719 1048 751 in
1070 717 1257 751 hominum
1277 724 1408 762 pestem
1434 718 1632 751 convertis-

174 774 224 800 set
246 770 294 809 (v.
314 767 397 807 13.).
448 765 525 798 Non
546 764 656 798 Mosis
675 765 921 802 interdictum.
947 766 1005 798 sed
1029 764 1219 797 Peccatum
1242 769 1392 796 mortem
1413 763 1474 796 tibi
1494 774 1631 797 creasse

172 810 393 846 affirmabam
414 812 465 853 (v.
489 810 572 853 13.).
622 809 712 844 Nam
731 811 842 854 legem
864 823 951 843 mos.
974 815 1128 843 sanctam
1149 821 1222 842 csse
1241 814 1399 849 constan
1423 820 1487 852 ego
1511 814 1630 841 autem

173 857 257 890 huic
277 855 343 900 tegi
362 857 540 899 subjectus
554 855 699 889 Iudaeus
722 857 865 901 corpori
885 856 1021 889 deditus
1040 868 1116 888 sum
1138 854 1383 897 I’rccalusque
1407 854 1631 896 mancipium

174 903 255 937 vivo
276 904 323 942 (v,
346 905 431 943 14.).
475 901 628 934 Temere
647 901 740 934 enim
759 909 792 935 et
810 913 914 936 caeco
936 903 1051 946 potius
1073 899 1179 934 animi
1200 899 1284 932 hero
1311 899 1453 932 obnoxii
1479 899 1630 944 impetu,

174 960 277 990 quam
299 945 489 980 delibet-ahi
509 946 643 980 ratione
670 946 762 979 lucio
790 958 877 991 quae
906 953 1093 993 perpetro;
1125 958 1238 990 neque
1265 945 1357 978 enini
1388 945 1483 990 quod
1509 951 1632 989 expeto

174 992 288 1036 facio,
314 993 372 1025 sed
394 992 489 1036 quod
507 992 662 1025 detestor
681 991 749 1025 hoe
770 1004 899 1036 perago
928 991 1073 1035 (v.15.).
1127 991 1176 1024 lta
1205 998 1317 1023 autem
1349 989 1511 1024 faciendo
1539 1002 1632 1023 con-

173 1039 262 1073 cedo
295 1036 406 1070 Mosis
434 1038 535 1082 Legi,
566 1049 643 1070 eam
673 1038 890 1082 praeclaram
917 1049 990 1070 esse
1019 1039 1067 1080 (v.
1096 1037 1178 1079 16).
1233 1034 1342 1080 Atqui
1371 1047 1441 1068 non
1470 1035 1535 1078 jam
1565 1046 1632 1087 ego

173 1083 269 1128 quod
287 1081 445 1127 displicet
467 1094 618 1127 ρει-330,
654 1082 715 1116 sed
742 1081 801 1127 qui
832 1083 865 1116 in
897 1095 953 1116 me
983 1082 1114 1116 habitat
1130 1081 1302 1116 Peccatus
1329 1084 1377 1123 (v.
1407 1081 1489 1125 17.).
1546 1080 1632 1114 Scio

173 1129 288 1165 enim.
321 1139 393 1160 non
411 1128 564 1161 habitare
584 1128 618 1161 in
641 1140 718 1166 me,
749 1128 782 1161 h.
809 1140 839 1161 e.
869 1127 904 1161 in
931 1140 1082 1174 corpore
1112 1139 1213 1165 meo,
1244 1127 1397 1171 probum
1430 1125 1634 1160 dominum.

172 1173 251 1207 Hoc
268 1172 362 1207 enim
380 1185 417 1206 ex
435 1185 477 1206 eo
498 1184 698 1216 cognosco,
723 1174 819 1217 quod
837 1174 997 1207 voluntas
1015 1173 1100 1206 mihi
1119 1173 1154 1206 in
1174 1178 1316 1218 promtu
1336 1177 1407 1213 est,
1430 1171 1566 1205 honesti
1584 1168 1635 1204 ef·

173 1218 364 1252 sectionem
390 1217 522 1251 frustra
551 1218 800 1262 circumspicio
828 1219 876 1262 (v.
910 1219 990 1254 18³.
1037 1218 1160 1263 Neque
1188 1218 1281 1252 enim
1309 1217 1404 1261 quod
1429 1218 1513 1252 volo
1540 1216 1634 1250 facio

172 1265 329 1306 bonum,
351 1263 411 1297 scd
430 1264 524 1308 quod
542 1263 626 1296 nolo
645 1265 777 1297 malum
798 1263 831 1297 id
854 1277 983 1309 perago
1003 1264 1052 1307 (v.
1072 1265 1156 1306 19.).
1202 1264 1238 1297 Si
1266 1268 1381 1296 autem
1408 1262 1504 1308 quod
1533 1261 1634 1304 nolo,

173 1309 208 1343 id
230 1309 340 1345 facio.
373 1321 443 1342 non
465 1309 533 1352 jam
553 1321 616 1354 ego
639 1309 673 1342 id
695 1316 896 1354 perpetrare
928 1309 1179 1343 existimandus
1203 1321 1306 1349 sum,
1337 1308 1397 1341 sed
1424 1308 1484 1353 qui
1511 1307 1546 1341 in
1575 1313 1632 1340 me

173 1354 305 1388 habitat
326 1354 493 1388 Pei-catus
512 1358 563 1395 (v.
586 1356 642 1390 20.
661 1356 707 1389 εἴ.
727 1367 756 1389 v.
777 1354 861 1397 17.).
910 1353 1011 1399 Quae
1031 1367 1140 1400 quum
1161 1355 1205 1387 ita
1223 1353 1312 1392 sint,
1336 1353 1420 1387 mihi
1439 1352 1498 1399 qui
1521 1352 1633 1397 legem

174 1412 268 1433 mos.
287 1399 493 1446 observare,
516 1401 548 1434 h.
569 1413 596 1433 e.
615 1401 760 1434 honesta
789 1401 927 1444 exsequi
955 1400 1087 1442 velini,
1119 1399 1300 1436 inhonesta
1328 1399 1364 1432 in
1390 1405 1532 1442 promtu
1559 1409 1634 1432 esse

172 1445 332 1489 intelligo
351 1447 402 1487 (v.
423 1445 476 1478 21.
499 1445 545 1480 cs.
567 1458 600 1480 v.
624 1447 814 1489 14-20.)
862 1446 952 1479 Nam
972 1447 1066 1479 intus
1086 1446 1250 1479 laetitiam
1270 1458 1307 1478 ex
1326 1444 1390 1478 Dei
1413 1445 1488 1489 lege
1514 1442 1632 1489 perci-

172 1491 251 1537 pio,
280 1496 450 1534 quatenus
469 1504 507 1524 ex
527 1498 646 1525 mente
665 1498 792 1525 consto
812 1494 861 1533 (v.
877 1491 964 1533 22).
1013 1490 1128 1524 Video
1147 1497 1264 1524 autem
1284 1491 1336 1532 (ut
1363 1490 1468 1533 mibi,
1493 1488 1553 1534 qui
1584 1487 1634 1522 le·

173 1548 251 1581 gem
274 1548 359 1569 mos.
379 1535 585 1578 observare,
613 1537 646 1571 h.
667 1549 697 1569 e.
717 1536 861 1570 honesta
880 1537 1047 1582 perficere
1072 1535 1190 1579 veliin,
1218 1537 1409 1568 inhonesta
1430 1536 1468 1567 in
1480 1539 1636 1577 promtu

173 1592 251 1614 esse
271 1580 410 1614 fatearis
432 1594 462 1615 v.
478 1581 549 1624 21.)
569 1582 671 1615 aliam
701 1582 812 1626 legem
834 1583 870 1615 in
893 1582 1059 1615 membris
1078 1581 1163 1614 meis
1182 1581 1311 1614 bellum
1331 1592 1451 1625 gerere
1469 1581 1635 1614 adversus

173 1626 286 1671 legem
317 1637 413 1659 meae
444 1626 574 1659 Mentis
606 1634 639 1660 et
669 1629 848 1673 captivum
878 1640 933 1660 me
962 1627 1136 1660 abducere
1164 1627 1231 1672 legi
1259 1626 1451 1671 Peccatus,
1483 1623 1633 1669 quaein

173 1671 344 1705 membris
364 1671 450 1704 meis
471 1679 520 1705 est
539 1676 589 1712 (v.
608 1672 696 1712 233.
745 1673 857 1706 Miser
877 1685 940 1717 ego
960 1673 1069 1705 homo
1085 1675 1184 1705 sum!
1214 1671 1341 1716 Ecquis
1361 1684 1416 1704 me
1443 1671 1566 1716 eripiet
1595 1681 1635 1702 ex

172 1729 345 1761 corpore,
376 1716 411 1749 in
432 1718 525 1762 quod
545 1719 650 1757 haec,
682 1730 771 1763 quae
786 1725 866 1752 aute
886 1718 1010 1752 oculos
1028 1719 1254 1756 obversatur,
1289 1717 1389 1750 Mors
1407 1714 1634 1761 tyrannidem

173 1762 338 1795 exercet?
367 1765 432 1801 (v.
456 1763 556 1803 Q).
605 1762 731 1796 Grates
759 1765 838 1797 Deo
867 1763 1032 1797 dicantur
1058 1761 1254 1796 tristissimzi
1281 1775 1400 1795 rerum
1429 1761 1636 1795 conditione

173 1806 302 1840 Christi
324 1808 522 1841 interventu
539 1807 693 1842 sublatzi!
718 1813 772 1849 (v.
791 1809 866 1849 25.)
884 1828 930 1835 -—-
955 1809 1075 1855 ltaque
1097 1821 1179 1853 ergo
1206 1809 1260 1848 (h.
1281 1821 1310 1842 e.
1335 1819 1444 1852 quum
1472 1819 1548 1840 mea
1566 1805 1637 1838 Ju-

172 1851 250 1886 daei
269 1852 426 1885 conditio
445 1854 519 1886 talis
538 1853 601 1899 sit,
627 1855 767 1898 qualem
786 1867 890 1900 supra
911 1854 978 1887 dixi
998 1867 1028 1888 v.
1052 1855 1231 1893 14-24.)
1251 1853 1322 1898 ipse
1343 1865 1406 1897 ego
1427 1852 1634 1898 (quimeam

172 1896 355 1930 fortunam
373 1897 554 1942 deploravi
571 1913 601 1934 v.
623 1900 801 1941 14-24.)
818 1912 957 1934 mecum
974 1899 1109 1933 discors
1139 1907 1256 1933 mente
1285 1898 1350 1944 legi
1371 1899 1459 1938 Dei,
1483 1907 1634 1942 corpore

173 1941 263 1987 legi,
309 1955 414 1988 quam
442 1944 499 1978 dat
526 1944 715 1987 Peccatus,
741 1948 949 1990 obtempero
984 1951 1192 1988 tantumque
1229 1944 1464 1977 infortunium
1507 1942 1634 1983 habeo,

172 1993 344 2032 quantum
367 2001 421 2022 me
439 1988 567 2023 habere
585 2002 690 2036 supra
709 1991 885 2026 declaravi
902 1994 958 2030 (v.
978 1991 1067 2030 250.
1112 1990 1206 2024 Hinc
1223 1989 1264 2031 (i.
1286 2003 1318 2023 e.
1345 2001 1456 2035 quum
1475 1986 1635 2021 Christus

172 2032 292 2066 divino
318 2033 479 2068 instituto
511 2042 644 2080 pestem
671 2049 760 2082 quae
783 2037 936 2070 judaeos
964 2043 1059 2070 vexat
1084 2037 1267 2078 averterit,
1311 2047 1341 2069 v.
1368 2047 1398 2068 v-
1426 2032 1502 2072 25.)
1537 2030 1634 2066 nulla

173 2077 304 2111 Christi
322 2079 472 2113 alumnis
491 2080 669 2115 damnatio
689 2082 731 2116 ad
753 2089 905 2116 mortem
926 2081 1113 2115 metuenda
1135 2088 1208 2126 est,
1240 2080 1301 2115 sed
1319 2092 1357 2114 ex
1384 2078 1426 2113 iis
1453 2076 1557 2112 malis
1581 2076 1634 2111 illi

175 2122 312 2158 liberati
332 2131 434 2169 sunt,
461 2125 590 2171 quibus
612 2126 739 2161 ,ludaei
758 2128 999 2164 succumbunt
1016 2127 1068 2171 (8,
1081 2129 1144 2167 1.).

309 2269 388 2319 Vs.
416 2272 458 2318 1.
529 2269 595 2320 Ἢ
622 2272 866 2338 ἀγνοεῖτε,
913 2271 1143 2338 ἀδελφοί,
1188 2269 1506 2339 (γινώσκουσι
1535 2266 1634 2334 γὰρ

172 2330 330 2395 νόμον
378 2337 530 2400 λαλιῖ)
583 2339 658 2386 ὅτι
703 2338 729 2387 ὃ
772 2338 938 2402 Νόμος
975 2341 1184 2404 κυριεύει
1227 2346 1316 2388 τοῦ
1359 2333 1634 2400 ἀνθρώπου

173 2401 255 2464 ἐφ’
276 2401 392 2449 ‘3⁶0²‘
408 2402 594 2468 χρόνον
616 2405 694 2468 ’ζῇ;
732 2410 776 2454 2·
791 2406 964 2473 Ήγᾶρ
982 2408 1231 2472 ὕπανδρος
1248 2405 1374 2473 γυνὴ
1394 2410 1466 2469 τῷ
1489 2403 1634 2463 ζῶντι

173 2467 320 2532 ἀνδρὶ
341 2468 529 2519 δέδεται
550 2470 716 2536 νόμῳ·
751 2473 838 2522 ἐὰν
857 2473 910 2523 δὲ
932 2474 1164 2537 ἀποθάνῃ
1198 2475 1223 2523 ὃ
1260 2472 1409 2537 ἀνήρ,
1456 2466 1635 2532 κατήρ-

170 2552 318 2609 γηται
338 2536 432 2585 ἀπὸ
453 2544 544 2587 τοῦ
565 2537 723 2602 νόμου
744 2547 835 2589 τοῦ
855 2541 1047 2606 ἀνδρός.
1118 2547 1162 2592 3.
1188 2544 1301 2606 Ἄρα
1330 2539 1420 2590 οὖν
1454 2538 1636 2598 ζῶντος

171 2606 262 2682 ¹⁵0²}
297 2602 479 2669 ἀνδρὸς
519 2607 742 2669 μοιχαλὶς
772 2609 1084 2672 χρηματίσει,
1144 2610 1229 2658 ἐὰν
1261 2610 1458 2675 γένηται
1490 2601 1637 2666 ἀνδρὶ

172 2668 345 2733 {reecp-
406 2671 492 2721 εὰν
522 2672 576 2723 δὲ
605 2672 838 2738 ἀποθάνῃ
870 2676 894 2724 ὁ
924 2675 1071 2741 ἀνήρ,
1116 2676 1347 2740 ἐλευθέρα
1380 2672 1511 2723 ἐστὶν
1538 2669 1634 2719 ἀπὸ

172 2741 261 2784 τοῦ
282 2734 466 2799 νόμου,
502 2746 592 2789 τοῦ
610 2743 677 2805 μὴ
700 2740 823 2791 εἶναι
850 2744 1004 2807 αὐτὴν
1034 2743 1323 2809 μοιχαλίδα,
1365 2738 1633 2809 γενομένην
