1715 3115
141 164 226 211 168
420 161 792 207 EPISTOLA
822 162 924 206 AD
956 161 1310 207 ROMANOS

142 271 363 313 concinere
391 274 632 323 gementem
663 274 708 311 et
738 274 1014 312 maerentem.
1090 269 1231 325 Quam
1262 268 1595 326 explicationem

142 329 242 369 usui
262 326 465 382 loquendi
485 332 815 368 consentaneam
837 341 933 368 esse
953 335 1041 368 tum
1063 325 1316 377 concedam,
1346 341 1474 382 quum
1530 327 1598 368 uis

143 383 313 425 idoneis
344 397 436 424 eam
465 383 495 425 l.
516 382 769 424 firmaverit.
811 381 923 425 Nam
949 383 1082 426 Marc.
1105 386 1143 435 1,
1173 383 1244 425 33.
1274 382 1345 424 καὶ
1375 378 1398 437 1‘2
1429 341 1599 431 ⁷16th

145 441 172 483 ὅ
187 440 208 479 λ
225 457 245 494 ⁷1
280 436 693 494 ἐπισυνηγμένη
711 433 760 493 ἧν
779 438 890 495 πρὸς
910 438 986 494 τὴν
1010 438 1152 495 θύραν
1171 445 1214 480 et
1235 437 1452 481 similibus
1477 438 1509 483 l.
1532 439 1599 479 ni-

145 496 210 537 hil
230 496 431 538 efficitur.
475 495 660 546 Oecum„
690 495 820 548 Cultu,
850 496 943 540 ch.
966 495 1203 548 Cuppellus,
1231 495 1421 547 Bochm„
1449 493 1600 539 Reich.

147 553 206 595 al.
227 550 303 594 01'71
321 552 374 592 ad
398 551 482 592 Dei
505 551 669 592 liberos
693 551 733 592 h.
757 566 796 594 e.
819 551 871 593 ad
894 552 990 609 pios
1011 551 1287 593 Christianos
1307 551 1383 606 (el.
1406 565 1446 594 V.
1461 551 1532 595 21.
1557 557 1603 593 et

145 609 238 660 23.)
263 609 480 665 pertinere
496 612 670 664 putant:
704 609 837 664 probe
857 609 967 650 enim
983 608 1161 658 scimus,
1191 608 1433 648 universam
1455 621 1602 648 rerum

147 673 348 706 naturam
370 665 613 706 consentire
635 678 729 705 cum
749 665 833 707 Dei
848 663 950 718 filiis
971 664 1267 720 suspirantem
1284 668 1327 704 et
1345 670 1604 718 gementem.

145 720 271 764 Haec
293 721 600 778 interpretatio
622 727 801 776 propter
820 735 936 763 voce.
959 735 985 762 σ
1000 736 1022 761 υ
1034 718 1230 770 στενάζει
1254 719 1328 761 καὶ
1357 716 1604 762 συνωδίνει

148 771 276 832 ὅχρι
307 779 405 819 τοῦ
436 778 528 818 νῦν
556 783 600 818 et
632 791 669 820 v.
699 791 739 821 v.
765 778 835 820 23.
868 775 918 818 οὗ
947 773 1081 829 μόνον
1109 776 1156 817 δὲ
1184 789 1246 819 sc.
1273 775 1395 817 πᾶσα
1416 770 1442 830 ἡ
1462 774 1603 825 κτίσις

147 830 347 884 στενάζει
377 833 483 875 iniri
516 833 668 889 nequit
696 834 756 886 (ν.
778 832 933 877 Rueck.
956 841 1000 873 et
1021 831 1260 886 Meyerus).
1317 831 1431 873 Nam
1452 846 1606 888 parum

148 897 266 932 recte
284 889 331 932 Ρ.
351 889 413 931 sic
431 890 703 947 disputaret:
725 896 841 931 totus
862 888 1045 930 mundus
1062 903 1116 929 ex
1139 889 1269 943 longo
1290 893 1482 945 tempore
1502 888 1609 943 (sie)

148 947 277 989 simul
295 962 386 988 cum
405 947 491 990 Dei
509 946 652 988 liberis
672 946 715 987 in
737 961 889 1000 magno
909 948 1028 987 luctu
1050 952 1093 985 et
1116 959 1310 986 maerore
1340 952 1410 986 est
1433 946 1610 991 immor·-

150 1004 340 1045 talitatis
372 1003 610 1059 cupiditate
644 1003 848 1044 incensus
879 1017 917 1045 v.
947 1003 1018 1046 22.
1067 1001 1185 1042 Non
1213 1007 1354 1043 atatem
1386 1001 1610 1045 mundus

123 1059 524 1110 ,tautummodo
562 1059 606 1100 in
647 1059 761 1101 luctu
801 1064 888 1111 est,
928 1057 1223 1101 verumetiam
1253 1071 1369 1109 nos,
1407 1057 1510 1099 Dei
1539 1057 1610 1100 li-

151 1115 261 1158 beri
288 1116 417 1167 (sic),
443 1130 552 1170 quos
576 1115 726 1168 lugere
747 1116 818 1156 vix
841 1115 1090 1165 existimes,
1118 1113 1329 1166 gemimus
1350 1114 1611 1155 immortali-

148 1175 255 1214 tatis
285 1171 522 1214 desiderio.
580 1171 738 1213 Restat
767 1173 926 1225 igitur,
965 1178 1012 1212 ut
1041 1169 1152 1212 illud
1180 1166 1259 1211 σύν
1286 1170 1524 1223 generatim
1557 1171 1614 1214 ad

148 1229 257 1272 alios
286 1229 530 1279 referatur,
582 1227 840 1283 quibuscum
871 1228 1054 1270 mundus
1077 1226 1170 1284 jam
1201 1225 1358 1268 dudum
1398 1227 1636 1280 gemuerit‘

149 1285 515 1342 vehementerque
538 1283 729 1326 doluerit
750 1285 970 1339 (novimus
992 1284 1103 1325 enim
1118 1316 1130 1334 ‚
1159 1287 1296 1324 totum
1318 1283 1523 1325 mundum
1553 1283 1615 1325 si-

150 1343 239 1383 mu]
260 1341 550 1397 ingemiscere
578 1346 622 1382 et
644 1355 837 1382 maerere
867 1356 1005 1397 usque
1027 1340 1080 1380 ad
1107 1340 1185 1381 hoc
1205 1341 1414 1397 tempuS.)
1443 1353 1484 1384 v.
1506 1341 1615 1385 Act.

151 1398 320 1450 22,20..
380 1397 552 1453 Quodsi
591 1398 769 1453 quinam
811 1398 880 1440 illi
917 1398 995 1440 αΙὶὶ
1031 1397 1145 1448 sint,
1201 1396 1456 1452 quibuscum
1494 1400 1616 1440 totus

152 1455 340 1500 mundus
361 1453 460 1496 inde
483 1454 537 1494 ab
560 1454 724 1497 Adami
745 1455 1016 1511 temporibus
1035 1455 1198 1507 lugeat,
1230 1452 1515 1508 quaesiveris,
1543 1452 1617 1494 ho-

152 1511 288 1554 mines
305 1526 404 1552 esse
425 1510 686 1566 respondeo.
746 1510 842 1552 Hos
862 1525 1009 1553 omnes
1023 1542 1035 1563 ‚
1065 1515 1167 1566 post
1185 1509 1349 1552 Adami
1369 1510 1514 1552 scelus
1535 1509 1618 1550 im-

151 1568 444 1610 mortalitatis
465 1567 576 1607 sacta
601 1565 775 1624 jactura
806 1567 847 1615 5,
872 1568 924 1608 12
951 1581 1019 1622 sq.
1048 1568 1072 1607 1
1095 1565 1197 1609 Cor.
1224 1565 1292 1618 15,
1312 1565 1407 1617 22.,
1444 1565 1620 1620 fragili-

154 1626 263 1668 tatis
287 1638 392 1666 suae
422 1637 505 1665 non
537 1623 679 1663 minus
700 1623 870 1675 taedet,
912 1638 1037 1678 quam
1063 1620 1292 1674 mundum,
1321 1621 1397 1662 sed
1421 1635 1503 1663 non
1528 1621 1619 1665 nisi

153 1682 242 1724 Dee·
267 1679 371 1734 filiis
403 1679 711 1720 immortalitas
744 1678 911 1721 Adami
942 1678 1152 1719 maleficio
1184 1677 1349 1718 amissa
1378 1676 1618 1734 aliquando

152 1737 416 1780 restituetur
440 1749 478 1778 v.
504 1735 594 1778 21..
654 1735 900 1791 συνωδίνει]
933 1734 1146 1777 Consulto
1161 1733 1370 1785 Paulum,
1400 1740 1448 1776 ut
1468 1734 1619 1776 nescio

156 1793 262 1850 quid
286 1791 491 1849 profundi
513 1791 866 1844 adsignilicaret,
896 1791 1071 1833 verbum
1092 1789 1362 1843 parturiendi
1379 1791 1620 1833 collocasse

154 1852 283 1892 multi
305 1850 568 1904 interpretes
590 1847 757 1903 opinati
778 1853 895 1900 sunt,
925 1861 1184 1904 quamquam
1206 1845 1259 1887 de
1272 1846 1391 1888 verbi
1413 1846 1621 1890 translati

153 1907 327 1949 ratione
348 1905 473 1947 valde
494 1905 608 1945 inter
628 1918 673 1943 se
697 1903 1020 1945 discordarunt.
1063 1902 1256 1954 Galvhw,
1285 1901 1410 1947 Beza
1429 1903 1620 1959 aliisque

155 1963 412 2005 auctoribus
438 1960 486 2004 P.
510 1974 611 2001 voce
635 1958 907 2001 συνωὸίνει
930 1961 1091 2000 laetum
1115 1958 1338 2011 dolorum,
1368 1973 1477 2015 quos
1496 1973 1622 2002 mun-

156 2020 240 2061 dus
269 2019 453 2069 sentiat,
493 2017 653 2057 exitum
685 2016 978 2058 subindicavit
1006 2014 1296 2071 (convertitur
1326 2017 1440 2057 enim
1464 2019 1621 2057 acutus

155 2090 399 2134 puerperae
419 2074 545 2115 dolor
570 2073 614 2113 in
648 2071 852 2125 gaudium
876 2073 918 2113 in
948 2074 1086 2114 lucem
1109 2071 1226 2119 edito
1245 2071 1408 2113 infante
1428 2071 1529 2115 Joh.
1552 2073 1623 2125 16,

156 2135 279 2183 ΖῙΛ,
317 2130 571 2181 Rueckerto,
613 2127 733 2171 Olsh.
761 2129 819 2173 al.
847 2129 1030 2170 arbitris
1061 2128 1153 2185 Ap.
1185 2128 1316 2168 verbo
1345 2125 1623 2170 συνωδίνει

157 2188 344 2231 melioris
367 2185 512 2228 mundi
544 2185 755 2237 originem
788 2184 1108 2239 adsignilicavit
1136 2182 1360 2237 (videlicet
1384 2183 1623 2241 etjuventfi

157 2251 203 2286 et
233 2245 399 2284 formae
428 2240 755 2298 pulchritudine
784 2242 874 2283 filia
913 2247 1093 2282 matrem
1131 2241 1353 2295 superat),
1399 2245 1623 2296 postremo

158 2301 209 2343 de
236 2299 390 2341 Wettio
409 2292 562 2356 ’judice
595 2296 645 2340 P.
667 2311 769 2338 voce
797 2311 918 2339 συνω
932 2296 1077 2338 (livet
1099 2302 1296 2337 naturam
1325 2302 1462 2337 semet
1479 2295 1621 2352 ipsam

158 2358 203 2398 in
227 2357 392 2406 lucem,
434 2354 519 2410 qua
552 2353 817 2410 sempiterno
848 2354 1041 2404 fruatur,
1080 2356 1207 2409 partu
1237 2351 1362 2394 edere
1384 2351 1623 2396 declaravit

158 2416 422 2478 (puerperas
455 2410 569 2452 enim
600 2410 793 2450 viventes
819 2409 934 2450 letus
970 2422 1122 2463 magno
1145 2422 1240 2449 cum
1271 2408 1422 2450 labore
1440 2422 1464 2448 a
1485 2415 1624 2450 morte

160 2468 385 2510 vindicare
418 2467 474 2509 V.
506 2466 566 2509 D.
598 2465 888 2518 observavit)!
936 2465 1057 2507 Haec
1087 2464 1273 2506 ridicula
1303 2471 1540 2506 commenta
1577 2469 1625 2509 et

161 2538 270 2566 usus
290 2523 497 2579 loquendi
528 2529 568 2563 et
594 2527 793 2562 contexta
820 2522 962 2563 oratio
996 2520 1237 2574 redarguit.
1294 2519 1407 2563 Nam
1437 2521 1624 2562 vocabu-

160 2580 252 2624 lum
279 2577 451 2629 ὤὸῐνες,
481 2579 726 2634 ubicunque
756 2579 966 2620 translate
996 2578 1183 2634 positum
1212 2581 1303 2629 est,
1339 2576 1621 2621 vehementem

161 2636 357 2678 dolorem
388 2636 606 2689 significat
637 2633 770 2687 (Job.
801 2635 999 2686 21,17.).
1077 2632 1340 2676 Acutissimi
1375 2637 1478 2673 sunt
1506 2632 1623 2673 enim

164 2705 482 2749 puerperarum
510 2692 699 2732 delores.
744 2689 865 2731 ‚idem
892 2690 1007 2731 valet
1028 2688 1081 2731 de
1105 2691 1252 2731 verbis
1271 2685 1441 2730 ὠδίνειν
1461 2694 1503 2729 et
1519 2701 1626 2728 συν,-

166 2746 359 2793 ωὸίνειν,
402 2761 510 2802 quae
542 2747 754 2786 translate
783 2748 992 2789 collocata
1021 2746 1299 2788 vehementem
1327 2750 1401 2785 aut
1423 2743 1623 2799 corporis

165 2810 241 2848 aut
272 2803 406 2846 animi
438 2801 582 2858 (uude
615 2803 850 2847 sollicitum
879 2817 1009 2856 esse,
1045 2803 1090 2846 in
1117 2816 1272 2860 magno
1294 2813 1488 2845 maerore
1509 2801 1628 2858 esse)
