1715 3115
156 223 214 263 34
437 218 812 262 EPISTOLA
844 218 944 262 AD
974 218 1336 263 ROMANOS

161 325 312 367 horum
341 325 661 382 explanatione.
717 321 954 366 Praeterea
983 323 1123 381 priori
1143 323 1415 367 Theodoreti
1443 328 1619 367 senten-

160 383 248 424 tiae
275 380 383 422 illud
406 389 553 433 nocet,
593 378 708 436 quod
729 378 783 424 P.
806 394 890 422 non
910 385 1162 423 ornamenta
1183 395 1294 437 quae
1314 380 1453 422 Mosis
1477 381 1546 422 lex
1572 380 1618 422 in

160 438 356 480 homines
373 438 608 480 contulerit
628 437 923 493 persequitur,
949 437 1025 480 sed
1047 452 1131 494 quo
1153 437 1277 479 modo
1300 435 1528 479 Peccatum
1541 436 1620 478 Li-

160 494 349 535 bidinem
370 501 413 535 et
431 494 589 536 Libido
613 497 785 560 peccata
815 494 1035 551 pepererit
1062 494 1332 535 demonstrat
1358 507 1398 537 ν.
1416 494 1619 544 7—11.;

160 550 380 607 posterior
399 550 622 593 Rueck-erre
655 549 801 606 opinio
826 555 871 591 et
898 551 1000 606 quia
1030 547 1143 592 ἄλλά
1174 564 1257 591 non
1285 550 1402 591 valet
1426 549 1511 594 abet
1535 548 1620 601 fret:

162 607 229 659 lid)
255 606 308 660 (ἰ.
329 620 369 650 e.
397 605 515 659 ὅμως
541 604 691 658 μέντοι
717 604 795 661 τὴν
823 601 896 657 ἆμ.
928 604 1005 648 οῦκ
1033 603 1117 660 ἔγν.
1145 606 1248 649 Job.
1269 606 1336 658 12,
1354 606 1453 657 42.‚
1495 618 1534 648 s-
1566 599 1618 646 οὗ

160 664 311 715 μέντοι
337 661 414 718 τὴν
444 658 516 714 ἃμ.
544 659 625 716 ἔγν.
649 661 748 706 Joh.
768 662 811 715 4,
826 661 920 715 27.)
949 662 1245 703 intolerabilis
1266 666 1334 703 est
1352 667 1395 702 et
1416 661 1523 702 ferri
1545 674 1620 702 ne-

162 718 258 774 quit
278 726 534 775 propterea,
564 717 676 773 quod
701 716 750 762 P.
773 732 856 774 quo
878 719 972 760 loco
992 713 1247 774 wj‘Apcaqu'a
1267 716 1504 758 incusanda
1525 716 1620 758 fue-

161 780 233 816 rat
258 789 485 831 perperam
515 775 652 828 legem
681 789 787 817 mos.
819 775 1058 830 culpasset.
1086 797 1143 804 —
1209 773 1352 814 Munit
1374 771 1425 816 Ρ.
1445 776 1619 814 senten-

162 830 268 872 tiam
289 830 512 872 vocabulis
536 827 720 887 τὴνἍμ.
741 826 818 872 οὐκ
841 827 922 885 ἔγν.
936 860 948 879 ,
987 827 1027 871 εἰ
1046 826 1105 884 μὴ
1131 828 1168 870 δ.
1187 844 1222 870 ν.
1240 843 1494 886 expressam
1514 842 1619 885 pro-

161 886 291 928 ximis
321 901 359 928 v.
383 885 461 942 τὴν
486 902 532 927 τε
560 885 641 942 γὰρ
663 885 753 927 ’Em
774 911 828 917 -
853 881 930 927 οὐκ
956 886 1098 928 ἕπιῦ..
1155 887 1216 926 Τε
1241 882 1323 940 γάρ
1351 888 1470 938 (belm
1488 909 1542 915 -
1561 885 1619 938 ia)

161 943 321 985 fortius
351 949 441 994 est,
481 957 606 998 quam
634 943 716 997 γάρ
741 943 900 985 solum.
967 940 1148 983 Scilicet
1175 955 1223 982 τε
1253 941 1371 982 istud
1402 954 1524 994 „non
1547 954 1618 981 co-

161 999 309 1054 pulat,
347 999 425 1041 sed
450 998 592 1040 lenius
620 999 809 1039 affirmat
838 1011 964 1053 quam
991 1011 1083 1047 τοι,
1113 995 1226 1038 unde
1248 1003 1394 1038 natum
1416 996 1527 1039 est.''
1574 1010 1616 1039 V.

158 1054 311 1097 Herm.
343 1054 397 1095 ad
429 1053 567 1110 Soph.
594 1053 757 1098 Trach.
788 1054 930 1098 1015..
1002 1052 1118 1093 Loca
1153 1052 1330 1104 collegit
1361 1053 1497 1096 Schae
1521 1066 1619 1094 erus

158 1109 215 1150 ad
242 1109 430 1166 Dionys.
453 1110 556 1154 Hal.
577 1124 621 1166 p.
639 1112 764 1161 409„
800 1109 854 1151 ad
884 1109 1115 1151 Demosth.
1136 1106 1201 1161 II,
1219 1110 1318 1151 579.
1345 1116 1389 1150 et
1415 1108 1469 1149 ad
1535 1109 1618 1149 lut.

157 1165 245 1219 IV,
263 1166 382 1209 324..
454 1166 543 1222 Τήν
571 1163 815 1218 ἐπιθυμίαν
846 1165 889 1208 h.
910 1166 941 1207 l.
966 1179 1147 1220 pravam
1173 1166 1447 1220 cupiditatem
1468 1163 1554 1206 dici
1573 1168 1618 1205 et
1664 1181 1667 1185 ·

158 1236 231 1264 res
259 1221 384 1264 docet
412 1224 571 1278 (neque
600 1222 712 1263 enim
742 1221 828 1262 nisi
887 1236 1016 1263 ravae
1045 1221 1308 1290 cupiditates
1334 1225 1509 1278 peccata
1539 1234 1618 1277 pa-

157 1278 296 1332 riunt)
326 1283 369 1320 et
401 1278 475 1334 qui
503 1278 662 1319 citatur
691 1279 812 1319 locus
837 1237 894 1321 5?-
913 1278 971 1321 T.
1000 1275 1076 1319 οῦκ
1099 1274 1416 1332 επιῧυμήσεις,
1456 1291 1541 1332 quo
1563 1290 1616 1317 ne

156 1348 289 1391 prave
319 1334 674 1390 concupiscamus
703 1333 999 1391 prohibemur.
1059 1331 1296 1375 Personam
1316 1338 1458 1374 autem
1483 1332 1531 1376 P.
1552 1333 1616 1374 fe-

155 1391 215 1432 cit
244 1387 612 1446 τήνἚῑτιθυμίαν
650 1394 694 1431 et
732 1390 880 1446 posuit
919 1388 1082 1432 εἰδέναι
1119 1388 1196 1443 τὴν
1219 1385 1488 1441 Ἐπιθυμίαν
1529 1403 1614 1444 quo

155 1461 284 1489 sensu
315 1444 481 1493 εἰδέναι
509 1439 749 1497 ἄνθρωπον
778 1450 839 1500 (v.
860 1445 961 1489 Joh.
982 1447 1023 1495 6,
1043 1445 1115 1487 42.
1155 1445 1210 1488 cl.
1235 1445 1334 1488 Gal.
1357 1446 1399 1495 4,
1418 1446 1500 1494 8.).
1573 1442 1614 1486 εἰ

151 1500 214 1558 μὴ
249 1497 271 1543 ὅ
300 1498 433 1554 νόμος
460 1501 618 1556 ἔλεγεν]
649 1500 788 1545 Exod.
810 1504 880 1554 20,
905 1503 971 1544 17.
1009 1501 1145 1542 Dent.
1165 1502 1206 1553 5,
1225 1501 1313 1544 21..
1375 1500 1491 1543 Hinc
1519 1503 1613 1542 sola

153 1573 193 1602 v.
217 1556 294 1600 οὐκ
314 1555 610 1613 ἐπιθυμήσεις
631 1562 733 1610 (non
757 1563 826 1610 tu,
855 1558 1031 1613 opinor,
1061 1558 1369 1612 concupisces,
1399 1558 1440 1600 h.
1461 1572 1501 1600 e.
1523 1557 1615 1598 noli

152 1615 484 1669 concupiscere3
524 1627 562 1656 V.
585 1613 637 1654 ad
658 1614 794 1656 Marc.
827 1629 869 1669 p.
888 1614 988 1655 524.
1017 1619 1060 1654 et
1095 1612 1200 1655 Wim
1219 1627 1285 1667 gr.
1311 1628 1354 1670 p.
1375 1614 1496 1666 289.)
1523 1614 1613 1669 Ap.

150 1671 348 1727 repetiit.
414 1668 594 1711 Scilicet
617 1670 752 1710 Mosis
774 1676 1077 1726 praeceptum,
1116 1683 1225 1724 quo,
1266 1683 1317 1710 ne
1338 1670 1612 1724 cupiditatem

150 1727 205 1768 ad
237 1726 425 1767 animum
455 1724 807 1777 admitteremus,
846 1725 1124 1767 interdictum
1154 1731 1242 1777 est,
1271 1725 1429 1766 secisse
1459 1731 1507 1766 ut
1536 1739 1612 1765 no-

150 1783 248 1824 titia
271 1781 395 1823 nohis
419 1795 511 1823 cum
529 1780 768 1836 (lapiditate
787 1788 904 1823 esset
926 1782 977 1824 P.
999 1780 1228 1822 ostendere
1250 1782 1403 1823 voluit.
1462 1780 1613 1836 Quare

149 1853 315 1890 rerum,
339 1852 446 1894 quas
459 1836 605 1878 Moses
629 1838 720 1878 illis
738 1838 845 1880 locis
856 1837 1047 1881 Judaeos
1069 1837 1370 1894 concupiscere
1383 1837 1614 1890 noluisset,

150 1895 312 1936 mentio
340 1909 363 1934 a
396 1892 445 1937 P.
472 1895 656 1935 consilio
684 1894 822 1934 aliena
856 1900 938 1937 est.
1009 1892 1245 1950 Perperam
1268 1894 1405 1948 igitur
1425 1899 1468 1935 et
1489 1895 1612 1938 Grot.

149 1965 200 1991 ex
231 1951 324 1990 illis
352 1952 385 1993 1.
416 1956 556 1990 mente
586 1949 746 2006 adjecit
771 1948 848 2005 τὴν
879 1952 1057 2004 γυναῖκα
1087 1950 1167 1991 τοῦ
1194 1948 1388 2005 πλησίου
1418 1964 1500 1992 σου
1527 1955 1610 1992 etc.

149 2013 194 2047 et
227 2005 419 2048 Tloolotcc.
451 1999 692 2062 suppletum
723 2006 860 2047 voluit
899 2006 988 2046 καὶ
1023 2004 1086 2047 τὰ
1123 2001 1406 2056 ἑπόμενα.ἔ
1471 2004 1524 2049 P.
1544 2005 1607 2047 sic

148 2061 411 2118 disputavit:
451 2076 533 2103 non
560 2068 625 2103 est
646 2063 711 2102 lex
736 2077 841 2103 mos.
864 2062 1107 2118 peccatrix;
1148 2061 1348 2113 minime3
1385 2062 1472 2102 imo
1501 2061 1607 2116 (quai

148 2133 196 2160 re
227 2120 330 2159 haec
357 2118 549 2174 suspicio
579 2119 773 2169 tollitur)
807 2116 1033 2159 Peccatum
1067 2132 1147 2158 non
1177 2132 1483 2172 cognoveram,
1521 2118 1609 2159 nisi

147 2189 227 2231 per
255 2176 395 2225 legem
425 2189 531 2217 mos,
562 2175 885 2228 cognovissem3
924 2188 1028 2216 sane
1049 2173 1161 2215 enim
1183 2187 1356 2229 pravam
1380 2172 1609 2229 Cupidita-

147 2237 234 2272 tem
264 2229 459 2284 (Peccati
482 2236 660 2272 matrem
686 2230 778 2274 Jac.
800 2233 838 2280 1,
860 2230 949 2283 15.)
979 2244 1061 2271 non
1088 2242 1394 2281 cognoveram,
1434 2230 1520 2271 nisi
1538 2230 1609 2271 lex

149 2302 256 2328 mos.
288 2286 365 2328 hoc
395 2293 670 2344 praeceptum
700 2286 847 2329 daret:
886 2286 975 2327 noli
1005 2285 1325 2341 concupiscere.
1382 2283 1606 2342 (Ineptum

149 2343 209 2384 sit
229 2342 340 2382 enim
361 2348 578 2395 statuere,
607 2343 744 2384 Mosis
764 2344 900 2396 legem
920 2341 1196 2398 peccatricem
1217 2355 1329 2393 esse,
1359 2356 1489 2398 quum
1509 2341 1606 2398 ipsa

149 2399 348 2452 genuerit
373 2397 599 2440 Peccatum
623 2413 761 2454 neque
783 2399 825 2439 id
844 2412 894 2439 ex
915 2412 962 2438 se
985 2396 1150 2438 fuderit
1170 2396 1245 2438 sed
1266 2411 1318 2438 ex
1339 2397 1608 2455 Cupiditate,

151 2468 277 2510 quam
298 2456 564 2510 peperisset,
594 2455 850 2511 susceperit.
910 2452 999 2507 Qui
1021 2453 1157 2507 igitur
1179 2452 1316 2495 Mosis
1336 2455 1408 2496 lex
1429 2452 1607 2496 Peccati

149 2516 346 2551 naturam
370 2511 547 2561 haheat,
592 2511 636 2554 h.
657 2525 694 2554 e.
726 2513 789 2552 rei
818 2516 861 2551 et
887 2515 986 2566 post
1013 2510 1150 2563 legem
1185 2524 1290 2554 mos.
1313 2515 1439 2551 natae
1465 2524 1605 2566 neque

150 2580 201 2607 ex
230 2567 325 2619 lege
360 2580 491 2619 mos.,
531 2567 608 2607 sed
639 2581 662 2607 e
693 2566 964 2624 Cupiditate,
1012 2581 1137 2622 quam
1169 2567 1245 2607 illa
1275 2567 1348 2608 lex
1380 2567 1604 2618 movisset,

151 2618 438 2678 procreatae?
513 2622 764 2663 Dilucidius
811 2637 931 2664 suam
980 2622 1238 2663 sententiam
1290 2623 1467 2678 exponit
1510 2622 1605 2678 Ap.

151 2693 191 2721 v.
211 2680 252 2721 8.
274 2681 376 2733 sq.).
434 2679 591 2720 Demtzi
623 2679 935 2735 prosopopoeia
967 2679 1069 2720 haec
1098 2679 1234 2721 dixit:
1273 2693 1354 2720 non
1379 2683 1447 2720 est
1465 2677 1606 2720 Mosis

151 2735 221 2775 lox
253 2735 444 2791 impura3
484 2734 569 2776 imo
600 2736 733 2776 multo
768 2737 968 2790 pauciora
1002 2741 1174 2792 peccata
1204 2735 1399 2776 homines
1426 2733 1605 2776 commi-

152 2791 314 2831 sissent
337 2805 461 2846 quam
483 2791 814 2842 commiserunt,
853 2792 937 2832 nisi
960 2792 1096 2834 libido
1117 2804 1193 2848 per
1212 2791 1349 2844 legem
1371 2805 1479 2834 mos.
1499 2790 1604 2832 irri-

152 2851 242 2888 tata
276 2861 350 2889 eos
378 2846 431 2889 ad
458 2847 721 2904 peccandum
751 2849 1040 2895 stimulasset.
1102 2847 1241 2904 (Ergo
1263 2845 1487 2900 libidinis,
1516 2859 1603 2889 non
