1715 3115
155 194 246 239 448
441 189 820 235 EPISTOLA
856 191 954 235 AD
986 191 1345 240 ROMANOS

158 303 391 352 tulissem,
429 299 544 341 hunc
561 299 594 342 l.
619 299 660 340 in
686 298 741 339 iis
763 298 1028 350 numnraiit,
1068 301 1142 355 qni
1169 301 1495 358 antiquissimis
1522 307 1632 349 tem-

158 361 342 422 poribus
363 371 518 412 graves
538 356 693 412 plagas
715 355 885 411 experti
914 370 934 396 e
970 358 1133 397 nostris
1163 359 1375 400 subsidiis
1403 361 1523 402 retici
1551 376 1628 404 ne-

160 421 349 477 queunt,
379 413 456 455 sed
478 411 726 467 conjecturs)
747 412 930 452 sanandi
952 418 1069 454 sunt.
1140 413 1266 456 Duas
1294 416 1430 470 igitur
1460 431 1639 462 mecum*

158 474 433 532 conjecturas
464 468 821 520 communicavit,
869 483 996 509 unam
1029 466 1084 511 Εἰ
1115 470 1162 512 δὲ
1186 472 1355 524 χάριτι,
1405 469 1554 516 οὐκέτι
1577 473 1627 525 ἐξ

156 533 317 587 ἔργων·
362 527 461 568 ἐπεὶ
491 520 516 582 ἦ
543 523 670 578 χάρις
699 519 847 566 οὐκί-’τι
874 523 1037 579 γίνεται
1065 526 1215 579 χάρις,
1263 523 1312 568 εἰ
1332 527 1390 572 ἐξ
1427 529 1622 583 ἔργων.

158 587 260 632 ἐπεὶ
282 583 331 626 τὸ
353 581 480 639 ἔργον
501 598 523 624 ο
539 580 596 623 ι”κ
615 581 736 623 ἔστι.
756 577 936 636 χάρις.
962 582 1169 625 alteram:
1199 580 1253 625 Εἰ
1270 584 1317 626 δὲ
1331 573 1493 640 χᾶριτι,
1515 582 1625 627 οὒκ-

156 644 222 688 έτι
255 641 303 692 ἐξ
327 639 485 694 ἔργων·
535 637 634 680 ἐπεὶ
667 632 689 694 t‘s
716 635 844 691 χάρις
874 634 1066 679 οὐκέτι
1095 636 1282 695 χάρις,
1324 639 1373 683 εἰ
1403 641 1624 696 γίνεται

155 700 216 752 ἐξ
243 699 436 754 ἔργων·
489 692 589 737 ἐπεὶ.
613 691 662 734 τὸ
690 693 816 747 ἔργον
847 692 942 735 οὐκ
971 691 1086 736 ἔστι
1115 692 1289 750 χάρις.
1358 689 1621 751 Ingeniosas

155 759 236 800 has
256 770 352 798 esse
373 751 685 809 conjecturas„
700 751 948 804 eleganteS,
972 756 1193 806 postremo
1216 753 1352 804 tales,
1376 768 1484 809 quae
1503 755 1620 811 opti-

155 829 224 857 me
262 812 508 855 conclusam
544 807 802 849 sententiam
827 808 1065 863 praebeant
1088 822 1210 849 nemo
1231 811 1472 862 negaverit.
1529 811 1618 854 Sed

152 873 374 926 vulgatam
396 867 658 922 scripturam
680 864 926 921 corruptela
952 863 1147 905 all'ectam
1171 879 1268 906 esse
1299 866 1404 908 mihi
1436 880 1618 924 persua-

153 929 258 971 dere
281 941 362 968 non
385 924 507 981 potui
534 923 842 977 nitunturque,
884 921 968 961 nisi
1001 921 1156 974 fallor,
1200 921 1301 963 Viri
1329 916 1619 978 praestantisss.

152 985 254 1029 simi
273 982 548 1041 conjecturae
571 992 652 1019 non
685 977 935 1019 firmissimo
963 978 1258 1022 fundamento,
1317 979 1430 1022 Nam
1463 995 1618 1037 super-

151 1047 346 1086 structae
369 1043 470 1080 sunt
491 1035 570 1078 Cd.
594 1035 645 1078 Β.
668 1033 845 1075 lectioni
867 1032 965 1075 ἐπεὶ
988 1033 1037 1074 τὸ
1066 1033 1191 1088 ἔργον
1222 1032 1365 1078 οῖ’τκέτι
1393 1034 1486 1078 ἐστὶ
1515 1035 1621 1090 χάέ

150 1114 261 1157 ρις,
295 1110 404 1153 quae
430 1092 534 1134 mihi
554 1092 784 1133 verborum
803 1089 903 1132 ἐπεὶ
925 1090 974 1131 τὸ
1002 1090 1126 1146 ἔργον
1159 1087 1304 1132 οὐκέτι
1331 1090 1448 1134 ἐστὶν
1474 1091 1616 1148 ἔργον,

151 1157 312 1214 quibus
341 1151 467 1193 multi
494 1148 647 1191 offensi
672 1154 797 1200 sunt,
847 1147 1164 1204 qualiscunque
1198 1149 1410 1191 correctio
1445 1151 1619 1193 videtur

148 1218 211 1270 (V.
232 1211 404 1267 supra).

265 1269 324 1310 V.
346 1267 388 1308 7.
449 1261 846 1317 Argumentatione
869 1274 921 1302 ex
949 1260 1031 1313 iis,
1071 1274 1182 1317 qnae
1209 1275 1249 1305 V.
1279 1260 1323 1304 2.
1344 1288 1398 1292 —
1419 1263 1460 1306 6.
1490 1261 1616 1316 dixit,

147 1327 192 1370 id
214 1328 307 1383 Ap.
328 1320 524 1370 conlicit,
555 1317 670 1375 quod
692 1324 1005 1373 consequatur,
1044 1325 1089 1358 ut
1112 1332 1194 1373 quo
1221 1319 1315 1360 loco
1343 1333 1415 1360 res
1447 1319 1507 1360 sit
1535 1319 1613 1360 do-

146 1389 259 1426 ceat.
319 1379 435 1436 Quid
458 1377 593 1430 igitur
611 1378 757 1431 (quum
779 1375 901 1415 Deus
921 1374 1080 1430 aliquos
1104 1373 1355 1427 israelitas,
1388 1376 1461 1430 qni
1484 1375 1612 1418 tidem

146 1441 325 1485 Christo
347 1437 416 1493 pie
445 1434 632 1475 habeant
659 1439 702 1472 et
730 1445 808 1488 per
839 1431 1047 1488 pietatem
1077 1431 1282 1481 beentur,
1322 1431 1506 1485 benigne
1538 1432 1613 1474 de-

144 1499 285 1541 lectos
325 1500 494 1536 restare
525 1488 713 1547 jusserit
742 1503 780 1530 v.
808 1487 851 1530 2.
873 1488 1006 1542 -6.)
1037 1483 1271 1542 sequitur?
1310 1486 1476 1543 Nempe
1507 1489 1610 1533 hoc:

146 1568 274 1612 quam
295 1566 383 1592 rem
407 1546 720 1599 (integritatem
743 1549 785 1585 et
807 1543 1116 1599 sempiternam
1144 1544 1394 1585 felicitatem
1423 1546 1610 1600 integris

144 1627 170 1653 a
193 1610 289 1653 Deo
311 1603 648 1654 concedendam)
666 1600 834 1657 appetit
856 1599 1154 1640 Israeliiarnm
1175 1601 1375 1653 populus,
1404 1614 1496 1642 eam
1524 1617 1610 1644 non

144 1668 440 1720 consequutus
461 1663 528 1701 est
545 1661 703 1713 (neque
722 1656 834 1696 enim
857 1669 996 1696 omnes
1018 1653 1250 1696 Israelitas
1276 1657 1458 1709 benigne
1482 1657 1609 1700 Deus

144 1723 335 1776 delegit,
366 1718 441 1760 sed
462 1714 692 1756 admodum
714 1726 874 1768 paucos
907 1725 946 1754 v.
966 1712 1054 1762 5.),
1086 1711 1162 1752 sed
1192 1711 1397 1754 delecti
1423 1713 1607 1756 Israeli-

142 1787 216 1826 tae
233 1776 382 1834 adepti
403 1778 525 1815 sunt:
557 1770 691 1812 ceteri
716 1774 857 1810 autem
879 1768 1061 1824 (quippe
1083 1767 1122 1808 in
1157 1767 1328 1808 delectu
1357 1781 1379 1809 a
1403 1768 1501 1811 Deo
1531 1785 1611 1812 ne-

144 1836 296 1895 glecti)
317 1837 590 1874 contumaces
610 1829 654 1878 (a
676 1824 795 1879 Deo)
820 1823 980 1865 redditi
1000 1829 1125 1876 sunt,
1157 1828 1202 1865 ut
1234 1830 1358 1865 vetus
1385 1827 1610 1870 oraculum

142 1891 378 1953 praedixit.
445 1886 564 1928 Bene
597 1882 902 1925 Tlaeodoretus:
948 1878 992 1921 τί
1025 1873 1150 1934 οὗνς]
1191 1878 1387 1922 ἐνταῦθα
1415 1879 1609 1925 ὑποστι,

141 1950 266 1994 κτέον
279 1963 288 1973 ·
322 1940 414 1987 κατ’
433 1939 646 1998 ἐρώτησιν
665 1936 747 1993 γὰρ
766 1939 906 1979 κεῖται
926 1932 1019 1978 ἀντὶ
1038 1937 1137 1978 τοῦ·
1169 1934 1214 1977 τί
1230 1936 1376 1978 τοίνυν
1397 1935 1514 1980 ἐστὶν
1537 1936 1608 1981 εἱ-

141 2010 267 2057 πεῖν;
309 1997 402 2045 εἶτα
431 1998 541 2040 κατὰ
570 1994 809 2049 ἀπόκρισιν
835 1992 890 2034 τὰ
921 1989 1077 2034 λοιπά.
1146 1991 1262 2034 Male
1292 1992 1475 2037 Lachm.
1505 2000 1607 2051 post

140 2062 275 2107 τοῦτο
298 2057 376 2101 οὐκ
395 2056 601 2105 ἐπέτυχεν
618 2049 963 2109 percontationis
995 2049 1166 2101 signum
1195 2050 1362 2106 posuit.
1419 2048 1520 2092 Non
1549 2065 1607 2094 an

139 2117 447 2164 Israelitarum
471 2110 660 2168 populus
692 2122 781 2149 rem
810 2106 1101 2148 desideratam
1135 2120 1217 2147 non
1247 2119 1346 2148 asse
1382 2112 1512 2148 uutus
1545 2107 1608 2149 sit:

139 2177 196 2222 P,
216 2177 260 2217 h.
280 2175 312 2218 l.
334 2173 590 2221 interrogat,
609 2171 657 2206 ut
676 2178 782 2215 rem,
801 2163 853 2204 de
873 2162 956 2219 qna
980 2162 1332 2216 interrogaverit,
1351 2119 1513 2205 ‘deinde
1531 2170 1610 2207 aut

139 2233 368 2276 confirmet
387 2231 462 2268 aut
482 2223 612 2265 tollat
631 2224 691 2277 (v.
712 2219 750 2273 Ι,
770 2221 910 2273 172.),
929 2217 1004 2260 sed
1026 2232 1174 2260 omnes
1193 2219 1436 2276 promiscue
1458 2217 1607 2263 Israe-

137 2291 245 2333 litas
265 2285 391 2343 cujus
410 2294 564 2333 magno
588 2277 807 2319 desiderio
820 2278 1076 2318 tenerentur
1096 2289 1186 2316 rem
1203 2289 1284 2316 non
1298 2274 1478 2332 adeptos
1490 2290 1605 2329 esse,

138 2347 332 2389 delectos
352 2338 585 2383 Israelitas
606 2339 898 2390 consequutos
921 2345 1018 2373 esse
1039 2345 1092 2372 ex
1115 2337 1214 2372 ante
1233 2330 1361 2373 dictis
1393 2333 1605 2388 consequi

139 2406 305 2446 monet.
371 2393 529 2439 Rueck.
567 2396 612 2433 et
642 2390 897 2432 Koellnerus
935 2388 1230 2443 Apostolum,
1278 2394 1325 2428 ut
1358 2388 1605 2442 corrigeret

139 2457 256 2516 quod
273 2455 368 2507 9,6.
398 2452 465 2494 15.
488 2464 556 2505 sq.
586 2449 658 2490 30.
677 2461 746 2502 sq.
773 2444 936 2487 nullum
965 2443 1216 2485 Israelitam
1246 2443 1335 2484 voti
1362 2450 1603 2501 compotem

135 2518 297 2558 factum
319 2524 417 2552 esse
437 2503 761 2554 contendisset,
790 2501 1009 2542 nonrmllos
1029 2499 1259 2542 israelitas
1276 2499 1525 2542 desiderata
1550 2515 1602 2543 re

135 2573 304 2630 potitos
335 2579 431 2607 esse
463 2564 506 2604 h.
530 2562 563 2604 l.
591 2557 860 2601 concessisse
891 2557 1089 2600 credunt.
1158 2556 1226 2600 At
1250 2569 1382 2612 supra
1411 2572 1600 2613 quoque,

136 2641 268 2684 quum
288 2620 363 2665 τὸν
385 2616 558 2674 Ἰσραὴλ
587 2617 640 2658 ad
667 2613 798 2666 νόμον
830 2610 1110 2668 δικαιοσύνης
1137 2615 1389 2668 pervenisse
1420 2621 1600 2668 negaret

134 2684 287 2738 9,31‚,
324 2677 548 2719 maximam
571 2672 875 2715 Israelitarum
905 2673 1095 2724 partem,
1135 2681 1216 2709 non
1247 2682 1395 2711 omnes
1421 2671 1598 2712 omnino

134 2738 368 2782 Israelitas
396 2734 488 2787 Ap.
520 2729 661 2779 dixit,
700 2728 756 2769 ef.
785 2727 906 2777 9‚2.3.
937 2725 1027 2768 24..
1097 2723 1315 2780 Opinione
1345 2725 1497 2782 lapsus
1527 2728 1598 2767 est

135 2795 253 2837 Ven.
282 2790 505 2838 Reickizas,
547 2799 676 2841 quum
707 2781 1069 2834 interrogationis
1108 2782 1277 2833 signum
1310 2789 1409 2835 post
1438 2778 1482 2822 τί
1520 2776 1598 2823 οὖν

135 2851 356 2896 sublatum
378 2857 491 2903 pone
513 2856 552 2888 v.
571 2854 703 2884 τουτο
722 2835 800 2882 οὐκ
818 2835 1021 2890 ἐπέτυχεν
1040 2836 1265 2894 rejiceret,
1297 2837 1498 2892 quoniam
1518 2849 1597 2878 cur

1526 2906 1599 2935 ac-
