1715 3115
130 182 216 226 286
418 182 798 227 EPlSTOLA
834 183 932 227 AD
964 182 1324 229 ROMAROS

128 303 168 332 v.
189 288 233 333 2.
256 303 341 345 sq..
399 288 554 345 Neque
589 289 743 342 eliqerc
776 289 944 339 καλεῖν,
985 301 1068 346 &⁸31³
1096 289 1190 335 Jes,
1210 292 1281 344 42,
1301 293 1371 346 6,,
1403 292 1446 336 h,
1467 294 1499 337 1,
1523 307 1600 336 no-

125 351 221 389 tare
250 350 394 403 potest
422 349 481 401 (v.
518 347 721 397 Εειιῖῦῖὠϊ.
752 359 803 389 an
833 338 1115 415 sslmlucffp.
1134 348 1242 402 25.>.
1309 349 1518 393 Fortasse
1547 350 1601 397 P.

129 403 318 446 Genesis
345 417 488 443 vocem
521 416 604 444 non
636 402 943 459 exposuisset,
974 403 1012 444 si
1033 419 1162 445 τεκνα
1186 419 1264 461 pro
1289 406 1468 462 σπέρμα
1487 408 1528 448 iu
1549 409 1602 451 ea

125 461 301 502 fuisset.
359 459 489 502 Certe
518 473 539 499 a
571 460 725 514 quovis
753 464 844 499 tum
874 465 991 501 recte
1020 460 1187 516 percipi
1217 462 1450 517 potuisset.
1511 463 1600 508 Sed

126 530 257 573 quum
284 513 333 558 P.
365 515 585 570 σπέρμα
606 512 802 570 Ἀβραάμ
830 519 873 557 et
902 514 1063 556 τέκνα
1087 514 1282 572 Ἀβραάμ
1303 516 1599 574 distinxisset,

124 587 177 614 ne
202 572 286 614 Dei
306 571 467 613 dictum
484 574 672 615 lectores
693 585 818 614 secus
840 572 1162 626 intelligerent,
1199 572 1452 628 σπέρματος
1469 589 1596 618 voca-

126 631 274 671 bulum
299 628 460 672 Genes.
479 629 550 678 21,
566 629 632 672 12.
660 630 783 683 pleno
805 627 902 680 iure
919 629 1072 671 liberos
1101 629 1130 672 i.
1157 643 1200 685 q.
1221 628 1349 671 τέκνα
1371 638 1524 674 notare
1545 647 1597 675 ex

123 685 308 728 historia
336 690 380 726 et
407 699 454 727 re
481 685 793 727 ostendendum
820 691 932 728 erat.
1001 684 1150 740 Quare
1174 684 1228 730 P.
1258 686 1379 730 finita
1419 690 1595 745 exposi-

121 744 240 784 tione
255 742 345 784 v.8.
367 742 425 783 ad
444 741 700 798 σπέρλιιατος
722 755 864 783 vocem
888 742 928 782 in
953 742 1117 784 Genesi
1137 743 1426 800 perscriptam
1448 759 1598 788 rever-

120 800 248 844 titur.
309 797 366 841 V.
385 799 428 842 8.
458 799 513 840 τὰ
542 797 670 840 τέκνα
699 799 777 854 τῆς
808 794 988 853 σαρκός]
1019 798 1143 841 liberi
1154 831 1166 851 ,
1202 813 1303 855 quos
1323 802 1512 855 corporis
1530 803 1596 845 vis

116 855 327 912 yenuere’t.
386 854 516 897 Talis
538 853 698 896 Ismael
720 855 818 907 fuit,
848 869 899 896 ex
920 855 1097 909 Hagare
1117 855 1442 899 abAbrahamo
1462 871 1594 912 gene-

119 919 244 955 ratus
284 911 445 955 Genes.
480 913 544 962 16,
566 911 607 956 3.
631 927 699 968 sq.
742 912 842 955 Gal.
865 912 908 965 4,
928 911 999 954 29.
1040 912 1241 968 talesque
1277 911 1437 956 Judaei
1475 920 1593 967 sunt,

118 969 346 1011 naturales
388 969 635 1011 Abrahami
678 968 861 1027 posteri.
934 968 1074 1009 ταῦτα
1118 968 1246 1010 τέκνα
1291 971 1394 1011 τοῦ
1428 968 1589 1027 θεοῦ]

119 1025 349 1069 Potuisset
372 1024 420 1070 P.
441 1027 580 1067 ταῦτα
603 1024 732 1067 τέκνα
760 1025 855 1066 τοῦ
878 1020 1116 1078 ’Λβραάμ
1145 1024 1308 1070 dicere.
1366 1024 1482 1068 Nam
1512 1030 1589 1084 qui

115 1081 364 1141 plenojure
387 1082 632 1125 Abrahami
661 1082 741 1124 filii
768 1085 896 1132 sunt,
932 1080 1063 1122 etiam
1084 1081 1171 1122 Dei
1194 1082 1274 1123 filii
1309 1088 1428 1126 sunt.
1487 1082 1592 1127 Illis

116 1141 231 1182 euim
261 1145 439 1181 aeterna
469 1139 659 1181 felicitas
689 1139 944 1181 Abrahamo
982 1138 1198 1193 promissa
1230 1138 1407 1181 dabitur
1435 1138 1478 1191 4,
1505 1142 1591 1194 16„

114 1202 339 1253 nequeunt
360 1201 501 1238 autem
523 1194 600 1250 τὴν
620 1193 913 1252 κληρονομίαν
934 1194 1083 1247 adire,
1114 1194 1200 1236 nisi
1228 1195 1317 1237 Dei
1338 1195 1421 1237 filii
1440 1196 1588 1248 8,1⁷..

116 1254 207 1295 Sed
229 1254 380 1311 posuit
401 1252 451 1298 P.
470 1254 609 1293 ταῦτα
630 1250 757 1294 τέκνα
783 1252 878 1293 τοῦ
906 1253 972 1292 &a
988 1252 1048 1292 οὗ
1078 1252 1409 1308 perspicuitatis
1437 1252 1586 1295 studio

113 1310 352 1362 adductus,
398 1309 557 1365 usqua
591 1309 630 1350 vi
660 1306 839 1364 σπέρμα
870 1307 1034 1350 Genes.
1055 1309 1125 1361 21,
1151 1310 1216 1352 12.
1254 1309 1443 1365 polleret
1470 1309 1586 1351 dilu..

111 1367 209 1410 cide
246 1366 475 1409 indicaret.
548 1365 598 1407 F.
634 1364 688 1408 G.
721 1366 933 1421 paucique
971 1364 1050 1405 alii
1085 1367 1186 1406 τοῦ
1222 1366 1454 1416 omittunt,
1499 1374 1583 1408 non

110 1427 175 1466 θε
191 1426 267 1476 οὔ,
299 1430 346 1465 ut
368 1423 515 1466 Reicle.
540 1422 730 1464 rettulit.
786 1420 886 1463 Non
909 1421 1131 1462 naturales
1151 1421 1398 1464 Abrahami
1417 1423 1583 1464 liberos

109 1495 239 1524 veros
270 1480 516 1523 Abrahami
552 1479 740 1528 liberos,
785 1479 859 1534 qui
895 1477 1151 1518 felicitatem
1185 1478 1442 1520 Abrahamo
1480 1492 1583 1535 pro·

109 1538 287 1579 missam
311 1537 556 1585 obtineant,
585 1541 659 1575 aut
689 1534 771 1574 Dei
796 1535 959 1575 liberos
981 1547 1076 1574 esse
1099 1547 1150 1574 eo
1170 1533 1213 1575 in
1238 1534 1400 1576 Genesi
1420 1535 1491 1587 21,
1512 1535 1584 1580 12.

107 1593 295 1636 indicari
319 1590 368 1636 P.
388 1600 505 1633 recte
524 1591 702 1641 statuit,
742 1590 855 1644 quod
889 1590 1012 1630 Deus
1045 1589 1103 1629 ibi
1137 1587 1181 1630 ἐν
1203 1588 1350 1631 Ἰσαάκ
1376 1590 1419 1632 h.
1440 1605 1479 1634 e.
1503 1605 1584 1646 per

108 1651 336 1701 Isaac-nm,
383 1663 479 1689 non
515 1661 609 1700 per
658 1646 938 1686 Jsmaelem
989 1644 1150 1686 dixerit
1195 1649 1256 1699 (v.
1287 1647 1458 1702 supra).
1526 1643 1584 1688 τοὶ

106 1708 237 1749 τέκνα
264 1707 341 1760 τῆς
373 1701 655 1758 ἐπαγγελίας]
692 1701 814 1743 Haec
846 1716 960 1743 voce.
998 1708 1044 1742 et
1077 1702 1252 1754 liberos,
1287 1704 1358 1757 qui
1376 1702 1464 1745 Dei
1480 1717 1581 1757 pro-

107 1763 283 1805 missum
319 1761 533 1814 possident
568 1759 645 1813 (ad
682 1773 790 1814 quos
830 1757 915 1799 Dei
955 1758 1218 1814 promissum
1252 1759 1490 1814 pertinet),
1536 1763 1582 1800 et

106 1819 282 1869 liberos,
311 1831 414 1873 quos
440 1816 529 1859 Dei
551 1815 772 1868 promissio
799 1819 1013 1868 nattwnpat
1039 1814 1091 1869 (i.
1113 1828 1152 1858 e.
1179 1814 1345 1856 liberos
1367 1814 1580 1857 divinitus

105 1875 396 1934 promissos),
434 1878 475 1915 et
502 1873 677 1923 liberm,
705 1884 807 1926 qnos
837 1871 922 1912 Dee·
948 1871 1207 1924 promissum
1231 1872 1471 1925 procreavit
1503 1871 1579 1913 de-

104 1935 276 1975 clarare
309 1933 511 1988 possunt.
580 1927 851 1970 Postremam
880 1926 1200 1968 ennarrationem
1237 1941 1382 1969 veram
1411 1942 1508 1970 esse
1535 1933 1579 1968 et

102 1989 288 2032 historia
319 1987 444 2028 docet
473 1991 517 2027 et
545 1983 672 2027 Pauli
706 1985 828 2025 locus
862 1982 914 2024 ad
937 1983 1037 2026 Gal.
1059 1983 1101 2034 4,
1122 1984 1194 2026 23.
1227 2007 1283 2015 —-
1313 1979 1336 2025 ὃ
1365 1985 1413 2026 δὲ
1434 1983 1481 2026 ἐκ
1499 1985 1580 2038 τῆς

102 2044 345 2099 ἐλευθέρας
390 2040 487 2084 διὰ
532 2042 625 2098 τῆς
672 2037 1009 2095 ἐπαγγελίας
1055 2037 1376 2095 (γεγέννηται).
1461 2038 1576 2081 Nam

102 2116 234 2160 quum
269 2100 551 2142 Abrahamus
589 2112 720 2139 senex
759 2101 878 2138 esset
910 2103 1081 2137 centum
1123 2110 1334 2136 annorum
1363 2100 1407 2137 et
1435 2094 1577 2137 Sarah

101 2173 186 2201 non
211 2158 350 2200 solum
379 2156 570 2207 sterilis,
609 2154 683 2195 sed
705 2154 834 2194 etiam
855 2153 1025 2203 vetula,
1065 2166 1176 2208 quae
1196 2158 1416 2193 menstrua
1437 2151 1575 2193 effun-

100 2216 203 2258 dere
224 2215 430 2255 desiisset
451 2211 769 2262 Genes.17‚l7.
796 2210 861 2261 18,
877 2211 968 2260 11.‚
1001 2207 1181 2250 Isaacus
1201 2214 1375 2264 praeter
1394 2215 1575 2250 naturae

100 2272 296 2315 ordinem
322 2270 404 2311 Dei
430 2267 747 2324 omnipotentia
775 2266 904 2322 vique
921 2265 1058 2307 divini
1086 2265 1293 2321 promissi
1313 2264 1367 2304 ab
1390 2264 1446 2305 iis
1471 2279 1573 2321 pro-

99 2336 273 2371 creatus
300 2332 368 2369 est
403 2326 564 2368 Genes.
595 2324 662 2376 18,
686 2323 773 2366 14..
841 2322 953 2363 Sunt
984 2326 1128 2362 autem
1162 2320 1291 2362 liberi
1316 2321 1571 2363 Abrahamo

97 2400 177 2443 per
210 2385 292 2425 vim
322 2383 459 2424 divini
486 2380 695 2438 promissi
723 2379 945 2433 generati,
984 2391 1265 2433 quoscunque
1289 2377 1409 2419 Deus
1445 2391 1571 2421 veros

99 2440 347 2485 Abrahami
374 2440 563 2489 liberos,
601 2436 678 2493 qui
707 2435 961 2477 felicitatem
992 2448 1154 2491 proavo
1179 2434 1435 2491 promissam
1466 2448 1570 2476 con-

98 2501 365 2554 sequantur,
395 2510 493 2537 esse
512 2492 713 2549 jusserit.
770 2491 936 2533 Verbis
959 2515 1013 2522 —-
1031 2489 1252 2545 λογίζεται
1279 2487 1363 2538 εἰς
1391 2489 1569 2546 σπέρ-

97 2569 169 2607 μα
203 2552 252 2596 Ρ.
279 2552 333 2594 ad
361 2552 548 2594 Genesis
572 2550 712 2591 locum
740 2563 779 2593 v.
797 2550 840 2591 7.
868 2547 999 2590 redit.
1069 2545 1183 2589 Nam
1216 2551 1445 2602 postquam
1473 2547 1569 2604 Ap.

97 2612 183 2652 vim
210 2609 328 2652 vocis
355 2607 534 2662 σπέρμα
561 2607 674 2650 Gen.
695 2606 766 2657 21,
791 2606 858 2647 12.
900 2604 1047 2645 verbis
1086 2603 1236 2644 παῦτα
1272 2601 1433 2644 τέκνα
1469 2603 1568 2645 τοῦ

97 2668 238 2708 θεοῦ
268 2664 543 2714 ostenderat,
583 2663 735 2704 vocula
763 2661 984 2702 illustrata
1014 2659 1107 2700 sine
1133 2657 1419 2712 ambiguitate
1439 2661 1493 2701 ab
1512 2672 1565 2700 eo

97 2723 241 2779 repeti
268 2721 428 2780 potuit.
495 2719 555 2761 V.
575 2720 618 2761 9.
651 2717 798 2759 Fulsit
821 2716 871 2760 P.
894 2715 1297 2772 interpretationem
1327 2729 1446 2757 suam
1468 2729 1565 2757 ver-

97 2781 188 2831 bis,
228 2779 386 2835 quihus
423 2776 510 2817 Dei
547 2775 808 2831 promissum
846 2773 1103 2815 Abrahamo
1134 2770 1279 2812 datum
1307 2777 1562 2828 conceptum

98 2842 183 2881 est.
242 2835 332 2878 Dei
359 2833 545 2877 dictum:
589 2845 670 2886 per
700 2831 903 2872 Jsaacum
928 2828 1096 2885 posteri
1131 2828 1259 2884 pleno
1285 2827 1387 2886 jure
1418 2827 1563 2870 ornati
