1715 3115
121 214 207 258 108
401 211 779 257 EPISTOLA
810 211 912 255 AD
941 211 1305 258 ROMANOS

122 319 310 362 veritate
330 331 589 375 persuasum
608 316 693 369 sit,
732 317 921 360 animum
948 318 1073 361 valde
1102 333 1327 373 recreare,
1369 318 1583 375 probandi

118 377 209 418 vim
233 375 394 416 nullam
420 375 574 427 hahet,
604 374 690 415 nisi
723 375 1030 431 explicationis
1059 383 1158 418 tuae
1186 375 1488 418 necessitatem
1517 376 1585 416 io-

121 432 254 474 victis
283 430 552 484 argumentis
582 430 783 472 stabilire
809 433 1022 487 potueris.
1093 431 1158 474 Ut
1188 432 1301 474 enim
1331 433 1375 474 in
1410 446 1583 488 quoque

121 494 215 530 tum
237 488 393 529 mentis
414 487 618 528 celeritas
636 492 704 528 est
723 494 811 528 tum
832 487 1078 541 φαντασίας
1101 489 1347 541 mobilitas,
1379 489 1439 529 ita
1460 488 1582 530 nullo

120 544 300 597 negotio
340 557 469 586 unam
509 542 776 594 eandemque
812 557 901 585 rem
933 551 1099 599 gestam
1130 546 1172 586 in
1203 544 1403 588 diversas
1433 549 1583 600 partes

120 601 261 643 trahit
282 598 628 656 interpretando.
687 598 978 654 Quamobrem
1001 615 1081 643 non
1113 601 1267 642 mirum
1294 606 1388 654 est,
1427 601 1470 642 in
1504 601 1583 641 hoe

123 671 284 712 genere
308 663 351 699 et
370 657 456 697 alia
479 655 581 696 aliis
603 669 741 711 neque
771 659 844 698 uni
872 657 1041 698 cuidam
1070 658 1234 699 homini
1268 671 1440 714 semper
1467 655 1581 698 idem

121 715 313 772 placere.
391 712 530 754 Velut
557 709 721 764 Paulo,
768 712 972 768 quamdiu
1014 714 1125 768 legis
1158 727 1266 756 mos.
1294 713 1583 754 admiratione

121 775 278 826 eaptus
298 768 553 821 tenebatur,
583 768 708 809 Deus
732 768 957 810 Peccatum
975 769 1151 811 Musis
1179 772 1308 820 opera
1331 769 1378 810 in
1406 782 1584 822 corpore

120 826 327 880 supplicio
345 825 566 867 addixisse
588 823 727 866 videri
756 826 994 881 potuisset,
1035 840 1162 882 quum
1183 825 1306 868 Mose
1338 825 1582 881 interprete

124 896 234 924 usus
253 887 297 923 et
324 881 522 923 homines
545 881 710 922 nefaria
740 882 931 924 facinora
962 896 1092 924 ausos
1122 881 1233 923 diris
1260 880 1507 923 devovisset
1537 884 1583 921 et

120 939 289 980 atrocia
327 938 498 980 scelera
529 937 744 994 supplicio
773 938 987 994 punienda
1019 953 1116 981 esse
1146 938 1414 980 declarasset
1443 937 1581 980 Deut-

120 997 193 1047 27,
212 995 280 1039 15.
308 1009 379 1050 sq.
411 994 559 1045 18,19.
589 1008 657 1050 sq.
687 996 792 1036 Act.
821 994 943 1045 3‚23.
974 994 1078 1038 Gal.
1102 996 1242 1048 3,10..
1272 1019 1327 1026 ——
1391 993 1582 1036 Dissen-

118 1052 324 1094 tientium
346 1052 635 1107 interpretum
668 1050 893 1108 opiniones
920 1065 1005 1092 non
1035 1056 1104 1094 est
1133 1050 1248 1107 quod
1275 1050 1454 1106 eopiosa
1482 1063 1582 1091 ora-

118 1109 241 1151 tione
261 1121 523 1165 persequar.
581 1106 704 1150 Aliis
723 1107 837 1148 enim
860 1108 1042 1161 levitas,
1072 1108 1175 1149 aliis
1196 1107 1415 1164 cupiditas
1442 1106 1580 1149 obsti-

119 1166 203 1216 tit,
235 1164 468 1220 quominus
488 1162 618 1221 hujus
640 1163 671 1207 l.
692 1164 950 1205 sententiam
978 1171 1334 1221 assequerentur.
1392 1164 1450 1205 Et
1479 1177 1581 1220 pes-

119 1228 226 1264 sunt
250 1235 273 1261 a
307 1221 461 1277 quovis
492 1220 549 1262 iis
578 1220 764 1261 refutari
796 1235 905 1275 quae
938 1236 1069 1278 supra
1099 1221 1435 1278 disputavimus.
1508 1219 1580 1261 De

119 1279 402 1331 Chrysostomi
433 1275 617 1334 ejusque
654 1276 1013 1333 pedissequorum
1052 1278 1267 1319 sententia
1292 1277 1385 1336 jam
1414 1276 1577 1318 dictum

119 1340 205 1379 est.
270 1332 382 1376 Item
421 1349 498 1375 eos
536 1347 590 1375 ne
619 1347 642 1374 e
671 1333 912 1389 longinquo
944 1333 1117 1390 quidem
1150 1335 1362 1391 Apostoli
1393 1338 1578 1374 mentem

118 1392 398 1449 percepisse,
436 1391 512 1446 qui
534 1404 584 1432 eo
602 1389 744 1431 Deum
767 1403 844 1431 nos
868 1404 890 1430 a
915 1391 1103 1445 peccatis
1132 1387 1194 1445 (‘?)
1229 1396 1272 1432 et
1301 1397 1440 1432 morte
1469 1390 1579 1444 lihe-

115 1462 267 1500 rasse,
307 1447 423 1505 quod
451 1446 675 1491 Christum
703 1446 925 1488 commissa
945 1452 1122 1501 peccata
1151 1447 1367 1504 supplicio
1394 1461 1473 1491 sue
1501 1445 1580 1487 ea:-

116 1506 242 1562 pt'are
254 1504 466 1562 jussisset
478 1518 518 1548 v.
530 1504 571 1547 3.
585 1502 773 1556 (Christi
786 1503 1029 1544 obedientia
1041 1504 1231 1555 passiva)
1242 1509 1283 1545 et
1295 1502 1580 1554 instituisset,

119 1567 170 1603 ut
189 1560 357 1603 Christi
377 1561 518 1603 virtus
539 1565 582 1601 et
600 1559 743 1615 pietas
764 1559 890 1600 nobis
912 1560 987 1614 qui
1012 1559 1142 1612 sidem
1170 1560 1470 1602 habuissemus
1499 1559 1579 1599 im-

119 1625 352 1676 putaretur
374 1632 414 1660 v.
436 1617 480 1659 4.
498 1615 762 1671 (obedientia
783 1613 951 1657 Christi
972 1616 1131 1668 recliva)
1157 1614 1338 1656 Paulum
1362 1615 1406 1660 h.
1437 1616 1467 1658 l.
1500 1614 1577 1654 do-

121 1689 222 1716 eere
244 1674 411 1731 opinati
440 1678 566 1724 sunt,
596 1672 746 1728 paullo
770 1677 868 1712 ante
889 1671 1131 1712 monuimus
1153 1676 1212 1724 (ν.
1234 1671 1398 1723 ΟαΙου.,
1437 1670 1578 1725 Wolfi,

121 1731 321 1785 Garpz.).
395 1728 552 1784 Itaque
595 1727 890 1769 tantummodo
928 1728 1132 1769 nonnulla
1175 1728 1577 1770 recentissimorucn

119 1787 449 1841 Theologorum
477 1791 713 1826 commenta
747 1798 976 1840 apponam.
1059 1784 1247 1825 Usnerius
1275 1784 1579 1837 (Qntmicfehmg

120 1858 163 1889 ιι.
182 1846 207 1897 s.
227 1857 275 1891 m.
300 1859 342 1900 p.
363 1843 464 1885 208.
485 1843 607 1898 sqq.)
636 1842 746 1881 hnne
779 1842 809 1883 l.
840 1841 902 1881 sie
931 1839 1165 1895 pervertit:
1207 1840 1292 1880 Dei
1320 1840 1579 1889 institutum,

119 1901 229 1957 qnod
248 1901 289 1940 in
318 1899 462 1941 vitalis
489 1899 665 1952 spiritus
693 1896 1068 1938 connnnnieutimce
1096 1897 1287 1937 cernitur
1313 1897 1435 1950 [sic-L
1469 1895 1579 1935 lihe-

117 1957 236 1999 ravit
258 1970 324 1997 me
345 1969 370 1996 a
401 1959 618 2021 potestate
646 1953 810 1995 letiferi
835 1951 1042 1995 Peccatus
1071 1952 1140 2005 (v,
1167 1952 1254 2006 2.).
1319 1951 1432 1994 Nam
1463 1949 1578 2006 quod

118 2013 194 2055 lex
217 2027 325 2055 mos,
347 2011 518 2053 efficere
541 2024 625 2051 non
654 2010 799 2065 potuit
829 2009 921 2062 (ηρ.
951 2013 997 2049 ut
1023 2007 1207 2049 homines
1234 2007 1316 2050 sibi
1342 2008 1582 2050 obedientes

119 2070 339 2113 redderet:
365 2067 484 2121 sic),
512 2067 556 2107 in
576 2069 659 2123 qm?
680 2080 726 2107 re
747 2065 841 2120 [sic]
864 2065 1032 2106 infirma
1052 2070 1146 2105 erat
1166 2069 1341 2119 propter
1361 2064 1458 2117 [sic]
1481 2075 1578 2102 cor-

119 2140 204 2181 pus
221 2125 287 2180 (in
308 2139 392 2180 quo
413 2126 588 2181 peecata
609 2122 807 2163 habitant
835 2127 878 2162 et
907 2122 1055 2173 vigent
1074 2121 1242 2174 7‚18.),
1272 2119 1316 2160 id
1333 2119 1437 2175 fecit
1458 2119 1578 2159 Deus

116 2182 251 2237 {sic]‚
281 2195 412 2237 quum
436 2180 574 2220 filium
594 2193 719 2219 suum
739 2177 897 2232 impuri
928 2177 1127 2233 corporis
1153 2176 1378 2218 simulacro
1405 2169 1466 2228 (⁵2)
1493 2175 1579 2215 cir-

120 2237 366 2280 cumdatum
406 2241 453 2278 tet
489 2240 669 2289 patrata
708 2235 761 2276 ab
790 2234 1023 2275 hominibus
1045 2237 1222 2286 peccata
1250 2231 1447 2284 expiaret
1478 2230 1579 2284 [sic]

120 2294 319 2336 misisset
343 2298 388 2335 et
415 2298 553 2332 morte
585 2293 718 2346 (quae
748 2290 942 2342 legitima
972 2293 1243 2344 peccatorum
1271 2300 1410 2343 poena
1441 2292 1509 2327 est
1534 2287 1579 2337 5,

121 2351 218 2403 12.)
236 2353 412 2404 peccata
430 2349 474 2388 in
495 2348 652 2390 Christi
675 2347 771 2401 [sie]
794 2359 972 2400 corpore
993 2348 1109 2398 (nam
1141 2344 1183 2383 in
1213 2356 1408 2397 corpore,
1439 2341 1577 2383 (lomi-

121 2407 227 2449 cilio
247 2420 349 2457 suo,
380 2410 553 2460 peccata
576 2401 788 2458 punienda
815 2402 951 2442 fuisse
983 2401 1184 2455 apparet)
1212 2400 1387 2455 puniret
1413 2401 1475 2452 (ν.
1497 2399 1577 2449 3.),

123 2468 176 2504 ut
194 2476 271 2514 per
289 2475 365 2501 nos
396 2462 514 2515 [sic]
543 2473 698 2514 (letoque
731 2457 799 2512 [Ξ]
830 2457 932 2510 Ιρφῖς
962 2470 1062 2496 υνυς.
1091 2455 1321 2509 postulatis
1347 2454 1580 2506 satisfieret

120 2518 249 2574 [sic-l,
279 2517 352 2572 qui
373 2518 544 2569 (sumus
563 2515 676 2556 enim
695 2528 746 2555 eo
768 2514 882 2568 qued
905 2512 1107 2555 Christus
1126 2511 1214 2552 loco
1232 2516 1375 2553 nostro
1394 2515 1576 2550 mortem

121 2567 262 2617 subiit
279 2579 323 2614 et
347 2572 431 2627 ipsi
467 2572 650 2622 mortui,
688 2569 901 2625 siquidem
931 2568 1055 2608 fidem
1089 2567 1267 2610 Christo
1296 2566 1577 2607 habuerimus

120 2633 152 2673 2
173 2629 276 2672 Cor.
295 2629 336 2679 5,
352 2628 419 2668 14.
442 2628 534 2678 15.;
575 2626 794 2667 moriendo
811 2630 952 2665 autem
985 2624 1154 2679 eulpam
1186 2622 1375 2679 peccatis
1404 2628 1577 2662 eontra-

121 2693 235 2728 etam
257 2685 419 2726 luimus
443 2683 706 2738 liberatique
735 2696 884 2723 sumus
909 2694 931 2720 a
958 2678 1168 2721 Peccatus
1199 2678 1421 2719 dominatu
1450 2677 1577 2728 5,12.

121 2743 243 2795 6,⁷.;
274 2747 319 2782 et
348 2738 550 2795 quoniam
580 2738 746 2780 Christi
776 2738 870 2778 loeo
897 2742 1048 2778 nostro
1079 2735 1238 2777 mortui
1266 2748 1414 2786 corpus
1441 2734 1577 2775 inter-

122 2800 285 2842 fectum
302 2803 372 2838 est
392 2801 588 2837 nostrum
611 2807 783 2848 quoque
815 2806 973 2848 eorpus
1002 2792 1263 2833 exstinctum
1293 2797 1359 2830 est
1387 2790 1578 2844 licetque

124 2854 251 2899 nohis
269 2867 295 2897 a
325 2851 527 2911 corperis
553 2849 782 2907 tyrannide
811 2848 1013 2892 liberatis
1040 2848 1171 2892 vitam
1200 2846 1255 2889 ad
1282 2847 1366 2892 div.
1397 2845 1577 2900 spiritus
