<?xml version="1.0" encoding="UTF-8"?>
<!DOCTYPE html PUBLIC "-//W3C//DTD XHTML 1.0 Transitional//EN"
    "http://www.w3.org/TR/xhtml1/DTD/xhtml1-transitional.dtd">
<html xmlns="http://www.w3.org/1999/xhtml" xml:lang="en" lang="en">
 <head>
  <title>
</title>
<meta http-equiv="Content-Type" content="text/html;charset=utf-8" />
  <meta name='ocr-system' content='tesseract 3.04.00' />
  <meta name='ocr-capabilities' content='ocr_page ocr_carea ocr_par ocr_line ocrx_word'/>
</head>
<body>
  <div class='ocr_page' id='page_1' title='image "./pauliadromanosep02frituoft/pauliadromanosep02frituoft_0041.png"; bbox 0 0 1715 3115; ppageno 0'>
   <div class='ocr_carea' id='block_1_1' title="bbox 211 189 1568 242">
    <p class='ocr_par' dir='ltr' id='par_1_1' title="bbox 211 189 1568 242">
     <span class='ocr_line' id='line_1_1' title="bbox 211 189 1568 242; baseline -0.009 0"><span class='ocrx_word' id='word_1_1' title='bbox 211 195 369 242; x_wconf 81' lang='lat' dir='ltr'><strong>cAP.</strong></span> <span class='ocrx_word' id='word_1_2' title='bbox 401 192 533 240; x_wconf 86' lang='lat' dir='ltr'><strong>VII.</strong></span> <span class='ocrx_word' id='word_1_3' title='bbox 563 193 657 238; x_wconf 74' lang='lat' dir='ltr'><strong>Vs.</strong></span> <span class='ocrx_word' id='word_1_4' title='bbox 685 194 730 238; x_wconf 88' lang='grc'><strong>7.</strong></span> <span class='ocrx_word' id='word_1_5' title='bbox 759 218 815 226; x_wconf 91' lang='lat'><strong>-—-</strong></span> <span class='ocrx_word' id='word_1_6' title='bbox 842 191 1001 239; x_wconf 82' lang='lat' dir='ltr'><strong>CAP.</strong></span> <span class='ocrx_word' id='word_1_7' title='bbox 1031 189 1201 238; x_wconf 86' lang='lat' dir='ltr'><strong>V111.</strong></span> <span class='ocrx_word' id='word_1_8' title='bbox 1232 191 1325 238; x_wconf 82' lang='lat' dir='ltr'><strong>Vs.</strong></span> <span class='ocrx_word' id='word_1_9' title='bbox 1355 192 1452 237; x_wconf 87' lang='lat'><strong>1⁷..</strong></span> <span class='ocrx_word' id='word_1_10' title='bbox 1508 189 1568 231; x_wconf 76' lang='lat'><strong>29</strong></span> 
     </span>
    </p>
   </div>
   <div class='ocr_carea' id='block_1_2' title="bbox 98 295 1580 1495">
    <p class='ocr_par' dir='ltr' id='par_1_2' title="bbox 98 295 1580 1495">
     <span class='ocr_line' id='line_1_2' title="bbox 99 295 1569 359; baseline -0.006 -12"><span class='ocrx_word' id='word_1_11' title='bbox 99 302 347 358; x_wconf 83' lang='lat' dir='ltr'><strong>Augustini</strong></span> <span class='ocrx_word' id='word_1_12' title='bbox 368 302 613 344; x_wconf 79' lang='lat' dir='ltr'><strong>imitatores</strong></span> <span class='ocrx_word' id='word_1_13' title='bbox 633 304 681 343; x_wconf 90' lang='lat' dir='ltr'><strong>ut</strong></span> <span class='ocrx_word' id='word_1_14' title='bbox 701 304 1058 359; x_wconf 75' lang='lat' dir='ltr'>praeconceptam</span> <span class='ocrx_word' id='word_1_15' title='bbox 1089 299 1336 357; x_wconf 76' lang='lat' dir='ltr'>opinionem</span> <span class='ocrx_word' id='word_1_16' title='bbox 1362 295 1569 340; x_wconf 78' lang='lat' dir='ltr'><strong>defende-</strong></span> 
     </span>
     <span class='ocr_line' id='line_1_3' title="bbox 100 354 1571 412; baseline -0.005 -9"><span class='ocrx_word' id='word_1_17' title='bbox 100 366 201 403; x_wconf 82' lang='lat' dir='ltr'><strong>rent</strong></span> <span class='ocrx_word' id='word_1_18' title='bbox 223 364 362 401; x_wconf 90' lang='lat' dir='ltr'><strong>totum</strong></span> <span class='ocrx_word' id='word_1_19' title='bbox 386 361 497 401; x_wconf 87' lang='lat' dir='ltr'><strong>hunc</strong></span> <span class='ocrx_word' id='word_1_20' title='bbox 517 359 549 402; x_wconf 92' lang='lat' dir='ltr'><strong>l.</strong></span> <span class='ocrx_word' id='word_1_21' title='bbox 571 363 879 400; x_wconf 88' lang='lat' dir='ltr'><strong>contorserunt</strong></span> <span class='ocrx_word' id='word_1_22' title='bbox 898 364 942 399; x_wconf 89' lang='lat' dir='ltr'><strong>et</strong></span> <span class='ocrx_word' id='word_1_23' title='bbox 969 357 1242 400; x_wconf 80' lang='lat' dir='ltr'><strong>certissimas</strong></span> <span class='ocrx_word' id='word_1_24' title='bbox 1268 354 1475 412; x_wconf 91' lang='lat' dir='ltr'><strong>loquendi</strong></span> <span class='ocrx_word' id='word_1_25' title='bbox 1506 355 1571 396; x_wconf 87' lang='lat' dir='ltr'><strong>le-</strong></span> 
     </span>
     <span class='ocr_line' id='line_1_4' title="bbox 101 411 1571 474; baseline -0.003 -16"><span class='ocrx_word' id='word_1_26' title='bbox 101 431 178 472; x_wconf 85' lang='lat' dir='ltr'><strong>ges</strong></span> <span class='ocrx_word' id='word_1_27' title='bbox 202 431 333 474; x_wconf 80' lang='lat' dir='ltr'><strong>saepo</strong></span> <span class='ocrx_word' id='word_1_28' title='bbox 356 416 682 458; x_wconf 72' lang='lat' dir='ltr'><strong>conculcarunt.</strong></span> <span class='ocrx_word' id='word_1_29' title='bbox 741 413 928 456; x_wconf 77' lang='lat' dir='ltr'><strong>Mediam</strong></span> <span class='ocrx_word' id='word_1_30' title='bbox 950 413 1164 471; x_wconf 74' lang='lat' dir='ltr'><strong>quandam</strong></span> <span class='ocrx_word' id='word_1_31' title='bbox 1183 413 1295 456; x_wconf 78' lang='lat' dir='ltr'><strong>viam</strong></span> <span class='ocrx_word' id='word_1_32' title='bbox 1317 416 1417 467; x_wconf 81' lang='lat' dir='ltr'><strong>post</strong></span> <span class='ocrx_word' id='word_1_33' title='bbox 1433 411 1571 454; x_wconf 90' lang='lat' dir='ltr'><strong>Scho-</strong></span> 
     </span>
     <span class='ocr_line' id='line_1_5' title="bbox 103 469 1573 527; baseline -0.005 -12"><span class='ocrx_word' id='word_1_34' title='bbox 103 488 297 525; x_wconf 84' lang='lat' dir='ltr'><strong>merum,</strong></span> <span class='ocrx_word' id='word_1_35' title='bbox 327 473 552 515; x_wconf 89' lang='lat' dir='ltr'><strong>Buddenm</strong></span> <span class='ocrx_word' id='word_1_36' title='bbox 575 472 776 527; x_wconf 76' lang='lat' dir='ltr'><strong>aliosque</strong></span> <span class='ocrx_word' id='word_1_37' title='bbox 797 485 935 527; x_wconf 86' lang='lat' dir='ltr'><strong>nuper</strong></span> <span class='ocrx_word' id='word_1_38' title='bbox 958 475 1184 526; x_wconf 84' lang='lat' dir='ltr'><strong>ingressus</strong></span> <span class='ocrx_word' id='word_1_39' title='bbox 1214 474 1283 512; x_wconf 85' lang='lat' dir='ltr'><strong>est</strong></span> <span class='ocrx_word' id='word_1_40' title='bbox 1304 469 1573 519; x_wconf 72' lang='lat' dir='ltr'><strong>Tlioluccius,</strong></span> 
     </span>
     <span class='ocr_line' id='line_1_6' title="bbox 103 524 1573 584; baseline -0.005 -12"><span class='ocrx_word' id='word_1_41' title='bbox 103 530 292 572; x_wconf 80' lang='lat' dir='ltr'><strong>describi</strong></span> <span class='ocrx_word' id='word_1_42' title='bbox 328 530 382 571; x_wconf 73' lang='lat' dir='ltr'><strong>ab</strong></span> <span class='ocrx_word' id='word_1_43' title='bbox 413 530 506 584; x_wconf 89' lang='lat' dir='ltr'><strong>Ap.</strong></span> <span class='ocrx_word' id='word_1_44' title='bbox 535 528 748 584; x_wconf 84' lang='lat' dir='ltr'><strong>ejusmodi</strong></span> <span class='ocrx_word' id='word_1_45' title='bbox 778 527 1023 579; x_wconf 90' lang='lat' dir='ltr'><strong>hominum,</strong></span> <span class='ocrx_word' id='word_1_46' title='bbox 1064 527 1139 584; x_wconf 87' lang='lat' dir='ltr'><strong>qui</strong></span> <span class='ocrx_word' id='word_1_47' title='bbox 1170 527 1252 582; x_wconf 78' lang='lat' dir='ltr'><strong>leyi</strong></span> <span class='ocrx_word' id='word_1_48' title='bbox 1279 540 1384 569; x_wconf 81' lang='lat' dir='ltr'><strong>mos.</strong></span> <span class='ocrx_word' id='word_1_49' title='bbox 1413 524 1573 567; x_wconf 74' lang='lat' dir='ltr'><strong>subditi</strong></span> 
     </span>
     <span class='ocr_line' id='line_1_7' title="bbox 99 577 1571 640; baseline -0.005 -11"><span class='ocrx_word' id='word_1_50' title='bbox 99 587 349 629; x_wconf 72' lang='lat' dir='ltr'><strong>sanctitatis</strong></span> <span class='ocrx_word' id='word_1_51' title='bbox 370 586 510 628; x_wconf 78' lang='lat' dir='ltr'><strong>studio</strong></span> <span class='ocrx_word' id='word_1_52' title='bbox 525 577 790 640; x_wconf 66' lang='lat' dir='ltr'><strong>sltryrcert’nt,</strong></span> <span class='ocrx_word' id='word_1_53' title='bbox 820 586 1138 626; x_wconf 81' lang='lat' dir='ltr'><strong>contentionem</strong></span> <span class='ocrx_word' id='word_1_54' title='bbox 1159 583 1419 625; x_wconf 76' lang='lat' dir='ltr'><strong>arbitratus.</strong></span> <span class='ocrx_word' id='word_1_55' title='bbox 1477 580 1571 635; x_wconf 74' lang='lat' dir='ltr'><strong>Qui</strong></span> 
     </span>
     <span class='ocr_line' id='line_1_8' title="bbox 102 637 1571 693; baseline -0.005 -8"><span class='ocrx_word' id='word_1_56' title='bbox 102 644 141 685; x_wconf 82' lang='lat' dir='ltr'><strong>si</strong></span> <span class='ocrx_word' id='word_1_57' title='bbox 187 658 269 684; x_wconf 90' lang='lat' dir='ltr'><strong>non</strong></span> <span class='ocrx_word' id='word_1_58' title='bbox 306 643 393 685; x_wconf 90' lang='lat' dir='ltr'><strong>nisi</strong></span> <span class='ocrx_word' id='word_1_59' title='bbox 435 643 514 684; x_wconf 91' lang='lat' dir='ltr'><strong>hoc</strong></span> <span class='ocrx_word' id='word_1_60' title='bbox 551 641 637 684; x_wconf 87' lang='lat' dir='ltr'><strong>sibi</strong></span> <span class='ocrx_word' id='word_1_61' title='bbox 668 641 904 693; x_wconf 75' lang='lat' dir='ltr'><strong>voluisset,</strong></span> <span class='ocrx_word' id='word_1_62' title='bbox 950 640 1132 683; x_wconf 82' lang='lat' dir='ltr'><strong>Paulum</strong></span> <span class='ocrx_word' id='word_1_63' title='bbox 1163 640 1284 682; x_wconf 65' lang='lat' dir='ltr'><strong>nullst</strong></span> <span class='ocrx_word' id='word_1_64' title='bbox 1312 653 1460 681; x_wconf 92' lang='lat' dir='ltr'><strong>eorum</strong></span> <span class='ocrx_word' id='word_1_65' title='bbox 1490 637 1571 682; x_wconf 80' lang='lat' dir='ltr'><strong>Ju-</strong></span> 
     </span>
     <span class='ocr_line' id='line_1_9' title="bbox 102 696 1574 755; baseline -0.005 -14"><span class='ocrx_word' id='word_1_66' title='bbox 102 700 335 750; x_wconf 80' lang='lat' dir='ltr'><strong>daeorum,</strong></span> <span class='ocrx_word' id='word_1_67' title='bbox 373 699 448 755; x_wconf 87' lang='lat' dir='ltr'><strong>qui</strong></span> <span class='ocrx_word' id='word_1_68' title='bbox 473 699 645 741; x_wconf 87' lang='lat' dir='ltr'><strong>nomine</strong></span> <span class='ocrx_word' id='word_1_69' title='bbox 670 704 837 739; x_wconf 77' lang='lat' dir='ltr'><strong>tantum</strong></span> <span class='ocrx_word' id='word_1_70' title='bbox 859 697 1018 742; x_wconf 84' lang='lat' dir='ltr'><strong>Judaei</strong></span> <span class='ocrx_word' id='word_1_71' title='bbox 1050 698 1260 751; x_wconf 78' lang='lat' dir='ltr'><strong>fuissent,</strong></span> <span class='ocrx_word' id='word_1_72' title='bbox 1298 697 1468 738; x_wconf 79' lang='lat' dir='ltr'><strong>ratione</strong></span> <span class='ocrx_word' id='word_1_73' title='bbox 1495 696 1574 736; x_wconf 82' lang='lat' dir='ltr'><strong>ha-</strong></span> 
     </span>
     <span class='ocr_line' id='line_1_10' title="bbox 102 751 1574 812; baseline -0.002 -15"><span class='ocrx_word' id='word_1_74' title='bbox 102 757 193 798; x_wconf 60' lang='lat' dir='ltr'><strong>hiis»</strong></span> <span class='ocrx_word' id='word_1_75' title='bbox 227 756 446 808; x_wconf 68' lang='lat' dir='ltr'><strong>homines,</strong></span> <span class='ocrx_word' id='word_1_76' title='bbox 496 770 678 812; x_wconf 86' lang='lat' dir='ltr'><strong>quorum</strong></span> <span class='ocrx_word' id='word_1_77' title='bbox 710 755 882 796; x_wconf 87' lang='lat' dir='ltr'><strong>nomine</strong></span> <span class='ocrx_word' id='word_1_78' title='bbox 915 755 1144 811; x_wconf 80' lang='lat' dir='ltr'><strong>loquatur,</strong></span> <span class='ocrx_word' id='word_1_79' title='bbox 1195 754 1360 808; x_wconf 82' lang='lat' dir='ltr'><strong>fingere</strong></span> <span class='ocrx_word' id='word_1_80' title='bbox 1397 751 1574 794; x_wconf 82' lang='lat' dir='ltr'><strong>honesti</strong></span> 
     </span>
     <span class='ocr_line' id='line_1_11' title="bbox 103 809 1574 869; baseline -0.003 -15"><span class='ocrx_word' id='word_1_81' title='bbox 103 812 253 855; x_wconf 83' lang='lat' dir='ltr'><strong>studio</strong></span> <span class='ocrx_word' id='word_1_82' title='bbox 275 813 589 866; x_wconf 80' lang='lat' dir='ltr'><strong>inflammatos,</strong></span> <span class='ocrx_word' id='word_1_83' title='bbox 618 811 788 869; x_wconf 81' lang='lat' dir='ltr'><strong>aliquid</strong></span> <span class='ocrx_word' id='word_1_84' title='bbox 807 811 1014 864; x_wconf 80' lang='lat' dir='ltr'><strong>dixisset,</strong></span> <span class='ocrx_word' id='word_1_85' title='bbox 1045 811 1121 853; x_wconf 88' lang='lat' dir='ltr'><strong>sed</strong></span> <span class='ocrx_word' id='word_1_86' title='bbox 1147 811 1262 868; x_wconf 89' lang='lat' dir='ltr'><strong>quod</strong></span> <span class='ocrx_word' id='word_1_87' title='bbox 1282 823 1422 866; x_wconf 88' lang='lat' dir='ltr'><strong>neque</strong></span> <span class='ocrx_word' id='word_1_88' title='bbox 1446 809 1476 851; x_wconf 92' lang='lat' dir='ltr'><strong>ii</strong></span> <span class='ocrx_word' id='word_1_89' title='bbox 1498 822 1574 849; x_wconf 92' lang='lat' dir='ltr'><strong>ne-</strong></span> 
     </span>
     <span class='ocr_line' id='line_1_12' title="bbox 104 867 1574 926; baseline -0.003 -16"><span class='ocrx_word' id='word_1_90' title='bbox 104 877 284 924; x_wconf 76' lang='lat' dir='ltr'><strong>gassent</strong></span> <span class='ocrx_word' id='word_1_91' title='bbox 305 870 380 926; x_wconf 88' lang='lat' dir='ltr'><strong>qni</strong></span> <span class='ocrx_word' id='word_1_92' title='bbox 407 868 564 911; x_wconf 78' lang='lat' dir='ltr'><strong>Patres</strong></span> <span class='ocrx_word' id='word_1_93' title='bbox 593 883 660 922; x_wconf 81' lang='lat' dir='ltr'><strong>gr.</strong></span> <span class='ocrx_word' id='word_1_94' title='bbox 690 868 866 924; x_wconf 85' lang='lat' dir='ltr'><strong>sequuti</strong></span> <span class='ocrx_word' id='word_1_95' title='bbox 895 874 997 910; x_wconf 85' lang='lat' dir='ltr'><strong>sunt</strong></span> <span class='ocrx_word' id='word_1_96' title='bbox 1031 869 1107 922; x_wconf 79' lang='lat' dir='ltr'><strong>(cf.</strong></span> <span class='ocrx_word' id='word_1_97' title='bbox 1136 883 1175 912; x_wconf 74' lang='grc' dir='ltr'><strong>ν.</strong></span> <span class='ocrx_word' id='word_1_98' title='bbox 1203 882 1241 911; x_wconf 90' lang='lat' dir='ltr'><strong>c.</strong></span> <span class='ocrx_word' id='word_1_99' title='bbox 1263 867 1441 922; x_wconf 82' lang='lat' dir='ltr'><strong>Knapp.</strong></span> <span class='ocrx_word' id='word_1_100' title='bbox 1470 867 1502 909; x_wconf 90' lang='lat' dir='ltr'><strong>l.</strong></span> <span class='ocrx_word' id='word_1_101' title='bbox 1534 880 1574 910; x_wconf 88' lang='lat' dir='ltr'><strong>c.</strong></span> 
     </span>
     <span class='ocr_line' id='line_1_13' title="bbox 103 923 1575 993; baseline -0.002 -27"><span class='ocrx_word' id='word_1_102' title='bbox 103 941 149 993; x_wconf 89' lang='lat' dir='ltr'><strong>p.</strong></span> <span class='ocrx_word' id='word_1_103' title='bbox 170 927 271 970; x_wconf 76' lang='lat'><strong>403.</strong></span> <span class='ocrx_word' id='word_1_104' title='bbox 292 932 381 968; x_wconf 84' lang='lat' dir='ltr'><strong>not.</strong></span> <span class='ocrx_word' id='word_1_105' title='bbox 404 928 494 980; x_wconf 88' lang='grc'><strong>12.)</strong></span> <span class='ocrx_word' id='word_1_106' title='bbox 518 933 560 968; x_wconf 90' lang='lat' dir='ltr'><strong>et</strong></span> <span class='ocrx_word' id='word_1_107' title='bbox 590 941 661 967; x_wconf 86' lang='lat' dir='ltr'><strong>res</strong></span> <span class='ocrx_word' id='word_1_108' title='bbox 686 925 788 982; x_wconf 70' lang='lat' dir='ltr'><strong>⁴ipsa</strong></span> <span class='ocrx_word' id='word_1_109' title='bbox 815 926 1075 982; x_wconf 82' lang='lat' dir='ltr'><strong>postularet.</strong></span> <span class='ocrx_word' id='word_1_110' title='bbox 1133 924 1247 967; x_wconf 83' lang='lat' dir='ltr'><strong>Nam</strong></span> <span class='ocrx_word' id='word_1_111' title='bbox 1277 938 1407 980; x_wconf 89' lang='lat' dir='ltr'><strong>quum</strong></span> <span class='ocrx_word' id='word_1_112' title='bbox 1436 923 1575 964; x_wconf 82' lang='lat' dir='ltr'><strong>alicu-</strong></span> 
     </span>
     <span class='ocr_line' id='line_1_14' title="bbox 98 980 1576 1042; baseline -0.003 -18"><span class='ocrx_word' id='word_1_113' title='bbox 98 998 174 1042; x_wconf 82' lang='lat' dir='ltr'><strong>Jus</strong></span> <span class='ocrx_word' id='word_1_114' title='bbox 211 982 473 1040; x_wconf 82' lang='lat' dir='ltr'><strong>disciplinae</strong></span> <span class='ocrx_word' id='word_1_115' title='bbox 513 983 581 1025; x_wconf 74' lang='lat' dir='ltr'><strong>vel</strong></span> <span class='ocrx_word' id='word_1_116' title='bbox 616 981 838 1023; x_wconf 82' lang='lat' dir='ltr'><strong>commoda</strong></span> <span class='ocrx_word' id='word_1_117' title='bbox 873 983 942 1024; x_wconf 84' lang='lat' dir='ltr'><strong>vel</strong></span> <span class='ocrx_word' id='word_1_118' title='bbox 970 980 1236 1023; x_wconf 82' lang='lat' dir='ltr'><strong>incommoda</strong></span> <span class='ocrx_word' id='word_1_119' title='bbox 1266 980 1576 1038; x_wconf 87' lang='lat' dir='ltr'><strong>persequimur</strong></span> 
     </span>
     <span class='ocr_line' id='line_1_15' title="bbox 104 1036 1576 1093; baseline -0.003 -12"><span class='ocrx_word' id='word_1_120' title='bbox 104 1055 182 1082; x_wconf 85' lang='lat' dir='ltr'><strong>eos</strong></span> <span class='ocrx_word' id='word_1_121' title='bbox 202 1039 504 1081; x_wconf 83' lang='lat' dir='ltr'><strong>tantummodo</strong></span> <span class='ocrx_word' id='word_1_122' title='bbox 526 1040 594 1081; x_wconf 81' lang='lat' dir='ltr'><strong>vel</strong></span> <span class='ocrx_word' id='word_1_123' title='bbox 621 1040 837 1080; x_wconf 82' lang='lat' dir='ltr'><strong>laetantes</strong></span> <span class='ocrx_word' id='word_1_124' title='bbox 868 1040 936 1081; x_wconf 83' lang='lat' dir='ltr'><strong>vel</strong></span> <span class='ocrx_word' id='word_1_125' title='bbox 965 1039 1163 1080; x_wconf 84' lang='lat' dir='ltr'><strong>dolentes</strong></span> <span class='ocrx_word' id='word_1_126' title='bbox 1191 1037 1459 1090; x_wconf 88' lang='lat' dir='ltr'><strong>inducimus,</strong></span> <span class='ocrx_word' id='word_1_127' title='bbox 1499 1036 1576 1093; x_wconf 84' lang='lat' dir='ltr'><strong>qui</strong></span> 
     </span>
     <span class='ocr_line' id='line_1_16' title="bbox 106 1092 1574 1154; baseline -0.002 -17"><span class='ocrx_word' id='word_1_128' title='bbox 106 1097 365 1154; x_wconf 67' lang='lat' dir='ltr'><strong>disciplinzi,</strong></span> <span class='ocrx_word' id='word_1_129' title='bbox 405 1096 449 1137; x_wconf 91' lang='lat' dir='ltr'><strong>in</strong></span> <span class='ocrx_word' id='word_1_130' title='bbox 483 1097 566 1153; x_wconf 65' lang='lat' dir='ltr'><strong>quzi</strong></span> <span class='ocrx_word' id='word_1_131' title='bbox 601 1110 768 1137; x_wconf 89' lang='lat' dir='ltr'><strong>omnem</strong></span> <span class='ocrx_word' id='word_1_132' title='bbox 798 1110 918 1137; x_wconf 82' lang='lat' dir='ltr'><strong>suam</strong></span> <span class='ocrx_word' id='word_1_133' title='bbox 948 1110 1068 1153; x_wconf 85' lang='lat' dir='ltr'><strong>spem</strong></span> <span class='ocrx_word' id='word_1_134' title='bbox 1101 1103 1416 1152; x_wconf 85' lang='lat' dir='ltr'><strong>reposuerunt,</strong></span> <span class='ocrx_word' id='word_1_135' title='bbox 1454 1092 1574 1134; x_wconf 86' lang='lat' dir='ltr'><strong>dele-</strong></span> 
     </span>
     <span class='ocr_line' id='line_1_17' title="bbox 105 1151 1579 1206; baseline -0.003 -11"><span class='ocrx_word' id='word_1_136' title='bbox 105 1159 303 1206; x_wconf 77' lang='lat' dir='ltr'><strong>ctantur,</strong></span> <span class='ocrx_word' id='word_1_137' title='bbox 335 1168 485 1195; x_wconf 89' lang='lat' dir='ltr'><strong>eorum</strong></span> <span class='ocrx_word' id='word_1_138' title='bbox 506 1154 668 1194; x_wconf 83' lang='lat' dir='ltr'><strong>nullam</strong></span> <span class='ocrx_word' id='word_1_139' title='bbox 691 1152 864 1194; x_wconf 89' lang='lat' dir='ltr'><strong>omnino</strong></span> <span class='ocrx_word' id='word_1_140' title='bbox 887 1153 1098 1194; x_wconf 82' lang='lat' dir='ltr'><strong>rationem</strong></span> <span class='ocrx_word' id='word_1_141' title='bbox 1118 1151 1356 1194; x_wconf 80' lang='lat' dir='ltr'><strong>ducendam</strong></span> <span class='ocrx_word' id='word_1_142' title='bbox 1378 1165 1476 1192; x_wconf 88' lang='lat' dir='ltr'><strong>esse</strong></span> <span class='ocrx_word' id='word_1_143' title='bbox 1503 1164 1579 1192; x_wconf 88' lang='lat' dir='ltr'><strong>ex-</strong></span> 
     </span>
     <span class='ocr_line' id='line_1_18' title="bbox 107 1208 1578 1266; baseline -0.002 -14"><span class='ocrx_word' id='word_1_144' title='bbox 107 1211 380 1262; x_wconf 76' lang='lat' dir='ltr'><strong>istimamus,</strong></span> <span class='ocrx_word' id='word_1_145' title='bbox 420 1225 602 1266; x_wconf 89' lang='lat' dir='ltr'><strong>quorum</strong></span> <span class='ocrx_word' id='word_1_146' title='bbox 631 1210 802 1251; x_wconf 82' lang='lat' dir='ltr'><strong>animus</strong></span> <span class='ocrx_word' id='word_1_147' title='bbox 834 1210 969 1264; x_wconf 82' lang='lat' dir='ltr'><strong>friget</strong></span> <span class='ocrx_word' id='word_1_148' title='bbox 995 1214 1040 1251; x_wconf 85' lang='lat' dir='ltr'><strong>et</strong></span> <span class='ocrx_word' id='word_1_149' title='bbox 1068 1209 1143 1266; x_wconf 88' lang='lat' dir='ltr'><strong>qui</strong></span> <span class='ocrx_word' id='word_1_150' title='bbox 1173 1215 1318 1251; x_wconf 90' lang='lat' dir='ltr'><strong>utrum</strong></span> <span class='ocrx_word' id='word_1_151' title='bbox 1349 1208 1578 1250; x_wconf 83' lang='lat' dir='ltr'><strong>fructuosa</strong></span> 
     </span>
     <span class='ocr_line' id='line_1_19' title="bbox 106 1265 1577 1323; baseline -0.003 -14"><span class='ocrx_word' id='word_1_152' title='bbox 106 1282 161 1309; x_wconf 80' lang='lat' dir='ltr'><strong>au</strong></span> <span class='ocrx_word' id='word_1_153' title='bbox 192 1267 506 1309; x_wconf 84' lang='lat' dir='ltr'><strong>detrimentosa</strong></span> <span class='ocrx_word' id='word_1_154' title='bbox 538 1267 772 1323; x_wconf 76' lang='lat' dir='ltr'><strong>disciplina</strong></span> <span class='ocrx_word' id='word_1_155' title='bbox 804 1267 864 1307; x_wconf 90' lang='lat' dir='ltr'><strong>sit</strong></span> <span class='ocrx_word' id='word_1_156' title='bbox 892 1267 945 1307; x_wconf 83' lang='lat' dir='ltr'><strong>ad</strong></span> <span class='ocrx_word' id='word_1_157' title='bbox 979 1280 1082 1307; x_wconf 81' lang='lat' dir='ltr'><strong>suas</strong></span> <span class='ocrx_word' id='word_1_158' title='bbox 1109 1280 1180 1308; x_wconf 90' lang='lat' dir='ltr'><strong>res</strong></span> <span class='ocrx_word' id='word_1_159' title='bbox 1209 1265 1321 1307; x_wconf 89' lang='lat' dir='ltr'><strong>nihil</strong></span> <span class='ocrx_word' id='word_1_160' title='bbox 1350 1265 1577 1322; x_wconf 85' lang='lat' dir='ltr'><strong>pertinere</strong></span> 
     </span>
     <span class='ocr_line' id='line_1_20' title="bbox 107 1320 1580 1382; baseline -0.002 -17"><span class='ocrx_word' id='word_1_161' title='bbox 107 1328 280 1382; x_wconf 83' lang='lat' dir='ltr'><strong>putant.</strong></span> <span class='ocrx_word' id='word_1_162' title='bbox 348 1323 436 1366; x_wconf 86' lang='lat' dir='ltr'><strong>Sed</strong></span> <span class='ocrx_word' id='word_1_163' title='bbox 476 1324 714 1366; x_wconf 88' lang='lat' dir='ltr'><strong>immiscuit</strong></span> <span class='ocrx_word' id='word_1_164' title='bbox 745 1323 1016 1377; x_wconf 72' lang='lat' dir='ltr'><strong>Tholuccius,</strong></span> <span class='ocrx_word' id='word_1_165' title='bbox 1066 1327 1114 1365; x_wconf 85' lang='lat' dir='ltr'><strong>ut</strong></span> <span class='ocrx_word' id='word_1_166' title='bbox 1141 1322 1389 1377; x_wconf 84' lang='lat' dir='ltr'><strong>Augustini</strong></span> <span class='ocrx_word' id='word_1_167' title='bbox 1418 1320 1472 1363; x_wconf 85' lang='lat' dir='ltr'><strong>de</strong></span> <span class='ocrx_word' id='word_1_168' title='bbox 1502 1321 1580 1362; x_wconf 89' lang='lat' dir='ltr'><strong>ho-</strong></span> 
     </span>
     <span class='ocr_line' id='line_1_21' title="bbox 109 1378 1580 1438; baseline 0 -16"><span class='ocrx_word' id='word_1_169' title='bbox 109 1381 224 1423; x_wconf 87' lang='lat' dir='ltr'><strong>mine</strong></span> <span class='ocrx_word' id='word_1_170' title='bbox 244 1395 328 1422; x_wconf 90' lang='lat' dir='ltr'><strong>non</strong></span> <span class='ocrx_word' id='word_1_171' title='bbox 353 1386 504 1423; x_wconf 84' lang='lat' dir='ltr'><strong>renato</strong></span> <span class='ocrx_word' id='word_1_172' title='bbox 536 1381 783 1438; x_wconf 86' lang='lat' dir='ltr'><strong>opinionem</strong></span> <span class='ocrx_word' id='word_1_173' title='bbox 815 1380 1132 1436; x_wconf 76' lang='lat' dir='ltr'><strong>quadamtenus</strong></span> <span class='ocrx_word' id='word_1_174' title='bbox 1159 1384 1383 1431; x_wconf 86' lang='lat' dir='ltr'><strong>tueretur,</strong></span> <span class='ocrx_word' id='word_1_175' title='bbox 1412 1393 1457 1435; x_wconf 89' lang='lat' dir='ltr'><strong>p.</strong></span> <span class='ocrx_word' id='word_1_176' title='bbox 1477 1378 1580 1422; x_wconf 79' lang='lat'><strong>250.</strong></span> 
     </span>
     <span class='ocr_line' id='line_1_22' title="bbox 107 1437 1580 1495; baseline -0.001 -15"><span class='ocrx_word' id='word_1_177' title='bbox 107 1439 297 1494; x_wconf 81' lang='lat' dir='ltr'><strong>gratiam</strong></span> <span class='ocrx_word' id='word_1_178' title='bbox 329 1437 420 1480; x_wconf 90' lang='lat' dir='ltr'><strong>Dei</strong></span> <span class='ocrx_word' id='word_1_179' title='bbox 442 1438 813 1495; x_wconf 75' lang='lat' dir='ltr'><strong>praevenientem,</strong></span> <span class='ocrx_word' id='word_1_180' title='bbox 854 1451 985 1493; x_wconf 90' lang='lat' dir='ltr'><strong>quum</strong></span> <span class='ocrx_word' id='word_1_181' title='bbox 1012 1437 1100 1481; x_wconf 81' lang='lat' dir='ltr'><strong>div.</strong></span> <span class='ocrx_word' id='word_1_182' title='bbox 1127 1437 1314 1494; x_wconf 85' lang='lat' dir='ltr'><strong>spiritus</strong></span> <span class='ocrx_word' id='word_1_183' title='bbox 1339 1450 1450 1494; x_wconf 81' lang='lat' dir='ltr'><strong>opus</strong></span> <span class='ocrx_word' id='word_1_184' title='bbox 1479 1449 1580 1478; x_wconf 82' lang='lat' dir='ltr'><strong>esse</strong></span> 
     </span>
    </p>
   </div>
   <div class='ocr_carea' id='block_1_3' title="bbox 203 1587 1590 2824">
    <p class='ocr_par' dir='ltr' id='par_1_3' title="bbox 203 1587 1590 2824">
     <span class='ocr_line' id='line_1_23' title="bbox 203 1587 1582 1637; baseline -0.001 -13"><span class='ocrx_word' id='word_1_185' title='bbox 203 1603 303 1626; x_wconf 90' lang='lat' dir='ltr'><strong>nam.</strong></span> <span class='ocrx_word' id='word_1_186' title='bbox 363 1589 531 1625; x_wconf 88' lang='lat' dir='ltr'><strong>Ceterum</strong></span> <span class='ocrx_word' id='word_1_187' title='bbox 569 1589 818 1626; x_wconf 79' lang='lat' dir='ltr'><strong>infirmissimis</strong></span> <span class='ocrx_word' id='word_1_188' title='bbox 842 1590 1059 1637; x_wconf 81' lang='lat' dir='ltr'><strong>argumentis</strong></span> <span class='ocrx_word' id='word_1_189' title='bbox 1085 1603 1183 1625; x_wconf 86' lang='lat' dir='ltr'><strong>suam</strong></span> <span class='ocrx_word' id='word_1_190' title='bbox 1210 1589 1418 1635; x_wconf 84' lang='lat' dir='ltr'><strong>opinionem</strong></span> <span class='ocrx_word' id='word_1_191' title='bbox 1445 1587 1582 1623; x_wconf 73' lang='lat' dir='ltr'><strong>Rueck.</strong></span> 
     </span>
     <span class='ocr_line' id='line_1_24' title="bbox 207 1635 1583 1683; baseline -0.001 -13"><span class='ocrx_word' id='word_1_192' title='bbox 207 1636 454 1683; x_wconf 76' lang='lat' dir='ltr'><strong>superstruxit.</strong></span> <span class='ocrx_word' id='word_1_193' title='bbox 503 1636 671 1680; x_wconf 79' lang='lat' dir='ltr'><strong>Diutius,</strong></span> <span class='ocrx_word' id='word_1_194' title='bbox 704 1638 839 1683; x_wconf 82' lang='lat' dir='ltr'><strong>inquit,</strong></span> <span class='ocrx_word' id='word_1_195' title='bbox 874 1650 978 1682; x_wconf 89' lang='lat' dir='ltr'><strong>quam</strong></span> <span class='ocrx_word' id='word_1_196' title='bbox 1007 1637 1090 1671; x_wconf 80' lang='lat' dir='ltr'><strong>alias</strong></span> <span class='ocrx_word' id='word_1_197' title='bbox 1118 1636 1210 1671; x_wconf 87' lang='lat' dir='ltr'><strong>solet</strong></span> <span class='ocrx_word' id='word_1_198' title='bbox 1236 1635 1411 1672; x_wconf 87' lang='lat' dir='ltr'><strong>schemate</strong></span> <span class='ocrx_word' id='word_1_199' title='bbox 1430 1635 1471 1670; x_wconf 90' lang='lat' dir='ltr'><strong>P.</strong></span> <span class='ocrx_word' id='word_1_200' title='bbox 1500 1646 1583 1668; x_wconf 79' lang='lat' dir='ltr'><strong>usus</strong></span> 
     </span>
     <span class='ocr_line' id='line_1_25' title="bbox 211 1680 1584 1728; baseline -0.004 -11"><span class='ocrx_word' id='word_1_201' title='bbox 211 1692 283 1723; x_wconf 76' lang='lat' dir='ltr'><strong>est,</strong></span> <span class='ocrx_word' id='word_1_202' title='bbox 308 1695 379 1728; x_wconf 88' lang='lat' dir='ltr'><strong>quo</strong></span> <span class='ocrx_word' id='word_1_203' title='bbox 401 1695 489 1728; x_wconf 83' lang='lat' dir='ltr'><strong>quae</strong></span> <span class='ocrx_word' id='word_1_204' title='bbox 507 1683 549 1715; x_wconf 92' lang='lat' dir='ltr'><strong>de</strong></span> <span class='ocrx_word' id='word_1_205' title='bbox 575 1682 651 1716; x_wconf 86' lang='lat' dir='ltr'><strong>aliis</strong></span> <span class='ocrx_word' id='word_1_206' title='bbox 680 1683 883 1717; x_wconf 71' lang='lat' dir='ltr'><strong>homiuibus</strong></span> <span class='ocrx_word' id='word_1_207' title='bbox 910 1684 1065 1718; x_wconf 80' lang='lat' dir='ltr'><strong>valerent</strong></span> <span class='ocrx_word' id='word_1_208' title='bbox 1091 1683 1132 1716; x_wconf 92' lang='lat' dir='ltr'><strong>ad</strong></span> <span class='ocrx_word' id='word_1_209' title='bbox 1161 1695 1196 1716; x_wconf 89' lang='lat' dir='ltr'><strong>se</strong></span> <span class='ocrx_word' id='word_1_210' title='bbox 1226 1682 1416 1717; x_wconf 83' lang='lat' dir='ltr'><strong>transtulit.</strong></span> <span class='ocrx_word' id='word_1_211' title='bbox 1465 1680 1584 1715; x_wconf 74' lang='lat' dir='ltr'><strong>Ninni-</strong></span> 
     </span>
     <span class='ocr_line' id='line_1_26' title="bbox 205 1727 1581 1775; baseline -0.002 -13"><span class='ocrx_word' id='word_1_212' title='bbox 205 1742 286 1762; x_wconf 87' lang='lat' dir='ltr'><strong>rum</strong></span> <span class='ocrx_word' id='word_1_213' title='bbox 308 1737 498 1775; x_wconf 80' lang='lat' dir='ltr'><strong>postquam</strong></span> <span class='ocrx_word' id='word_1_214' title='bbox 520 1728 761 1771; x_wconf 81' lang='lat' dir='ltr'><strong>objectionem</strong></span> <span class='ocrx_word' id='word_1_215' title='bbox 785 1743 814 1762; x_wconf 86' lang='lat' dir='ltr'><strong>v.</strong></span> <span class='ocrx_word' id='word_1_216' title='bbox 839 1729 894 1762; x_wconf 80' lang='lat'><strong>13.</strong></span> <span class='ocrx_word' id='word_1_217' title='bbox 913 1743 950 1763; x_wconf 90' lang='lat' dir='ltr'><strong>ex</strong></span> <span class='ocrx_word' id='word_1_218' title='bbox 981 1736 1061 1763; x_wconf 87' lang='lat' dir='ltr'><strong>ante</strong></span> <span class='ocrx_word' id='word_1_219' title='bbox 1089 1729 1191 1763; x_wconf 88' lang='lat' dir='ltr'><strong>dictis</strong></span> <span class='ocrx_word' id='word_1_220' title='bbox 1218 1741 1248 1761; x_wconf 81' lang='lat' dir='ltr'><strong>v.</strong></span> <span class='ocrx_word' id='word_1_221' title='bbox 1269 1727 1291 1761; x_wconf 89' lang='lat'><strong>7</strong></span> <span class='ocrx_word' id='word_1_222' title='bbox 1309 1728 1426 1761; x_wconf 72' lang='lat'><strong>-12</strong></span> <span class='ocrx_word' id='word_1_223' title='bbox 1462 1733 1581 1762; x_wconf 81' lang='lat' dir='ltr'><strong>natam</strong></span> 
     </span>
     <span class='ocr_line' id='line_1_27' title="bbox 206 1774 1583 1820; baseline -0.001 -13"><span class='ocrx_word' id='word_1_224' title='bbox 206 1774 252 1808; x_wconf 87' lang='lat' dir='ltr'><strong>ita</strong></span> <span class='ocrx_word' id='word_1_225' title='bbox 276 1776 506 1814; x_wconf 77' lang='lat' dir='ltr'><strong>formaverat,</strong></span> <span class='ocrx_word' id='word_1_226' title='bbox 532 1781 568 1807; x_wconf 92' lang='lat' dir='ltr'><strong>ut</strong></span> <span class='ocrx_word' id='word_1_227' title='bbox 586 1775 729 1809; x_wconf 83' lang='lat' dir='ltr'><strong>schema</strong></span> <span class='ocrx_word' id='word_1_228' title='bbox 749 1775 911 1820; x_wconf 90' lang='lat' dir='ltr'><strong>superius</strong></span> <span class='ocrx_word' id='word_1_229' title='bbox 931 1782 1139 1816; x_wconf 79' lang='lat' dir='ltr'><strong>usurpatum</strong></span> <span class='ocrx_word' id='word_1_230' title='bbox 1162 1775 1351 1817; x_wconf 85' lang='lat' dir='ltr'><strong>retineret,</strong></span> <span class='ocrx_word' id='word_1_231' title='bbox 1380 1787 1424 1807; x_wconf 91' lang='lat' dir='ltr'><strong>ne</strong></span> <span class='ocrx_word' id='word_1_232' title='bbox 1444 1779 1583 1819; x_wconf 77' lang='lat' dir='ltr'><strong>poterat</strong></span> 
     </span>
     <span class='ocr_line' id='line_1_28' title="bbox 206 1818 1585 1867; baseline -0.001 -15"><span class='ocrx_word' id='word_1_233' title='bbox 206 1820 349 1864; x_wconf 81' lang='lat' dir='ltr'><strong>quidem</strong></span> <span class='ocrx_word' id='word_1_234' title='bbox 371 1821 466 1864; x_wconf 85' lang='lat' dir='ltr'><strong>prius</strong></span> <span class='ocrx_word' id='word_1_235' title='bbox 494 1820 537 1854; x_wconf 90' lang='lat' dir='ltr'><strong>ab</strong></span> <span class='ocrx_word' id='word_1_236' title='bbox 566 1832 609 1852; x_wconf 89' lang='lat' dir='ltr'><strong>eo</strong></span> <span class='ocrx_word' id='word_1_237' title='bbox 643 1821 847 1864; x_wconf 78' lang='lat' dir='ltr'><strong>discedere,</strong></span> <span class='ocrx_word' id='word_1_238' title='bbox 879 1834 983 1867; x_wconf 89' lang='lat' dir='ltr'><strong>quam</strong></span> <span class='ocrx_word' id='word_1_239' title='bbox 1013 1821 1106 1855; x_wconf 86' lang='lat' dir='ltr'><strong>illam</strong></span> <span class='ocrx_word' id='word_1_240' title='bbox 1138 1820 1378 1865; x_wconf 87' lang='lat' dir='ltr'><strong>objectionem</strong></span> <span class='ocrx_word' id='word_1_241' title='bbox 1396 1818 1585 1854; x_wconf 75' lang='lat' dir='ltr'><strong>refellisset</strong></span> 
     </span>
     <span class='ocr_line' id='line_1_29' title="bbox 208 1865 1583 1910; baseline -0.001 -12"><span class='ocrx_word' id='word_1_242' title='bbox 208 1873 375 1910; x_wconf 66' lang='lat' dir='ltr'><strong>recteque</strong></span> <span class='ocrx_word' id='word_1_243' title='bbox 397 1878 472 1898; x_wconf 86' lang='lat' dir='ltr'><strong>eam</strong></span> <span class='ocrx_word' id='word_1_244' title='bbox 492 1867 534 1899; x_wconf 88' lang='lat' dir='ltr'><strong>ab</strong></span> <span class='ocrx_word' id='word_1_245' title='bbox 553 1878 589 1899; x_wconf 86' lang='lat' dir='ltr'><strong>se</strong></span> <span class='ocrx_word' id='word_1_246' title='bbox 611 1865 800 1900; x_wconf 73' lang='lat' dir='ltr'><strong>refutatam</strong></span> <span class='ocrx_word' id='word_1_247' title='bbox 822 1880 896 1901; x_wconf 79' lang='lat' dir='ltr'><strong>csse</strong></span> <span class='ocrx_word' id='word_1_248' title='bbox 914 1866 1125 1901; x_wconf 79' lang='lat' dir='ltr'><strong>ostendisset</strong></span> <span class='ocrx_word' id='word_1_249' title='bbox 1142 1879 1174 1900; x_wconf 79' lang='lat' dir='ltr'><strong>v.</strong></span> <span class='ocrx_word' id='word_1_250' title='bbox 1197 1866 1370 1901; x_wconf 74' lang='lat'><strong>13—25..</strong></span> <span class='ocrx_word' id='word_1_251' title='bbox 1420 1868 1468 1900; x_wconf 83' lang='lat' dir='ltr'><strong>At</strong></span> <span class='ocrx_word' id='word_1_252' title='bbox 1487 1872 1583 1899; x_wconf 86' lang='lat' dir='ltr'><strong>tem-</strong></span> 
     </span>
     <span class='ocr_line' id='line_1_30' title="bbox 209 1912 1582 1959; baseline 0.004 -18"><span class='ocrx_word' id='word_1_253' title='bbox 209 1924 293 1952; x_wconf 71' lang='lat' dir='ltr'><strong>pora</strong></span> <span class='ocrx_word' id='word_1_254' title='bbox 324 1912 518 1955; x_wconf 79' lang='lat' dir='ltr'><strong>praesentia</strong></span> <span class='ocrx_word' id='word_1_255' title='bbox 557 1925 586 1944; x_wconf 93' lang='lat' dir='ltr'><strong>v.</strong></span> <span class='ocrx_word' id='word_1_256' title='bbox 619 1914 671 1946; x_wconf 79' lang='lat'><strong>14.</strong></span> <span class='ocrx_word' id='word_1_257' title='bbox 697 1925 750 1957; x_wconf 83' lang='lat' dir='ltr'><strong>sq.</strong></span> <span class='ocrx_word' id='word_1_258' title='bbox 788 1913 1066 1959; x_wconf 82' lang='lat' dir='ltr'><strong>praejudicatam</strong></span> <span class='ocrx_word' id='word_1_259' title='bbox 1093 1912 1301 1955; x_wconf 82' lang='lat' dir='ltr'><strong>opinionem</strong></span> <span class='ocrx_word' id='word_1_260' title='bbox 1330 1912 1582 1946; x_wconf 86' lang='lat' dir='ltr'><strong>corroborant.</strong></span> 
     </span>
     <span class='ocr_line' id='line_1_31' title="bbox 211 1955 1583 2002; baseline 0.001 -13"><span class='ocrx_word' id='word_1_261' title='bbox 211 1956 363 1990; x_wconf 80' lang='lat' dir='ltr'><strong>Minime</strong></span> <span class='ocrx_word' id='word_1_262' title='bbox 393 1955 457 1997; x_wconf 85' lang='lat' dir='ltr'><strong>(cs.</strong></span> <span class='ocrx_word' id='word_1_263' title='bbox 489 1969 593 2001; x_wconf 84' lang='lat' dir='ltr'><strong>supra</strong></span> <span class='ocrx_word' id='word_1_264' title='bbox 621 1964 653 1989; x_wconf 88' lang='lat' dir='ltr'><strong>et</strong></span> <span class='ocrx_word' id='word_1_265' title='bbox 680 1959 723 1991; x_wconf 87' lang='lat' dir='ltr'><strong>ad</strong></span> <span class='ocrx_word' id='word_1_266' title='bbox 753 1972 782 1992; x_wconf 84' lang='lat' dir='ltr'><strong>v.</strong></span> <span class='ocrx_word' id='word_1_267' title='bbox 817 1958 868 1992; x_wconf 83' lang='lat'><strong>14.</strong></span> <span class='ocrx_word' id='word_1_268' title='bbox 900 1962 1002 2002; x_wconf 91' lang='lat' dir='ltr'><strong>not.).</strong></span> <span class='ocrx_word' id='word_1_269' title='bbox 1065 1957 1209 1992; x_wconf 86' lang='lat' dir='ltr'><strong>Scilicet</strong></span> <span class='ocrx_word' id='word_1_270' title='bbox 1235 1965 1305 1991; x_wconf 88' lang='lat' dir='ltr'><strong>tam</strong></span> <span class='ocrx_word' id='word_1_271' title='bbox 1335 1959 1583 2002; x_wconf 83' lang='lat' dir='ltr'><strong>perturbatum</strong></span> 
     </span>
     <span class='ocr_line' id='line_1_32' title="bbox 208 2001 1584 2049; baseline 0.001 -14"><span class='ocrx_word' id='word_1_272' title='bbox 208 2001 423 2047; x_wconf 69' lang='lat' dir='ltr'><strong>scriptorem</strong></span> <span class='ocrx_word' id='word_1_273' title='bbox 446 2001 596 2034; x_wconf 90' lang='lat' dir='ltr'><strong>Paulum</strong></span> <span class='ocrx_word' id='word_1_274' title='bbox 615 2002 731 2045; x_wconf 80' lang='lat' dir='ltr'><strong>fuisse,</strong></span> <span class='ocrx_word' id='word_1_275' title='bbox 755 2012 791 2037; x_wconf 86' lang='lat' dir='ltr'><strong>ut</strong></span> <span class='ocrx_word' id='word_1_276' title='bbox 811 2017 920 2048; x_wconf 86' lang='lat' dir='ltr'><strong>quum</strong></span> <span class='ocrx_word' id='word_1_277' title='bbox 943 2017 1021 2037; x_wconf 87' lang='lat' dir='ltr'><strong>eum</strong></span> <span class='ocrx_word' id='word_1_278' title='bbox 1045 2016 1188 2036; x_wconf 85' lang='lat' dir='ltr'><strong>narrare</strong></span> <span class='ocrx_word' id='word_1_279' title='bbox 1206 2004 1434 2049; x_wconf 86' lang='lat' dir='ltr'><strong>oportuisset,</strong></span> <span class='ocrx_word' id='word_1_280' title='bbox 1454 2012 1584 2048; x_wconf 89' lang='lat' dir='ltr'><strong>quanta</strong></span> 
     </span>
     <span class='ocr_line' id='line_1_33' title="bbox 210 2047 1585 2094; baseline 0.001 -14"><span class='ocrx_word' id='word_1_281' title='bbox 210 2047 399 2080; x_wconf 77' lang='lat' dir='ltr'><strong>hominum</strong></span> <span class='ocrx_word' id='word_1_282' title='bbox 415 2048 474 2091; x_wconf 88' lang='lat' dir='ltr'><strong>qui</strong></span> <span class='ocrx_word' id='word_1_283' title='bbox 496 2047 560 2090; x_wconf 69' lang='lat' dir='ltr'><strong>legi</strong></span> <span class='ocrx_word' id='word_1_284' title='bbox 582 2060 669 2079; x_wconf 81' lang='lat' dir='ltr'><strong>mos.</strong></span> <span class='ocrx_word' id='word_1_285' title='bbox 696 2056 859 2091; x_wconf 78' lang='lat' dir='ltr'><strong>parerent</strong></span> <span class='ocrx_word' id='word_1_286' title='bbox 881 2050 1066 2093; x_wconf 87' lang='lat' dir='ltr'><strong>impuritas</strong></span> <span class='ocrx_word' id='word_1_287' title='bbox 1087 2049 1220 2089; x_wconf 82' lang='lat' dir='ltr'><strong>fuisset,</strong></span> <span class='ocrx_word' id='word_1_288' title='bbox 1240 2049 1410 2094; x_wconf 84' lang='lat' dir='ltr'><strong>quoniam</strong></span> <span class='ocrx_word' id='word_1_289' title='bbox 1430 2061 1466 2082; x_wconf 87' lang='lat' dir='ltr'><strong>se</strong></span> <span class='ocrx_word' id='word_1_290' title='bbox 1486 2062 1585 2082; x_wconf 84' lang='lat' dir='ltr'><strong>nunc</strong></span> 
     </span>
     <span class='ocr_line' id='line_1_34' title="bbox 205 2092 1588 2139; baseline 0.001 -13"><span class='ocrx_word' id='word_1_291' title='bbox 205 2107 372 2139; x_wconf 85' lang='lat' dir='ltr'><strong>quoque,</strong></span> <span class='ocrx_word' id='word_1_292' title='bbox 416 2092 656 2127; x_wconf 83' lang='lat' dir='ltr'><strong>Christianum</strong></span> <span class='ocrx_word' id='word_1_293' title='bbox 686 2102 831 2136; x_wconf 83' lang='lat' dir='ltr'><strong>actum,</strong></span> <span class='ocrx_word' id='word_1_294' title='bbox 876 2094 1024 2128; x_wconf 83' lang='lat' dir='ltr'><strong>libidine</strong></span> <span class='ocrx_word' id='word_1_295' title='bbox 1053 2095 1133 2128; x_wconf 89' lang='lat' dir='ltr'><strong>duci</strong></span> <span class='ocrx_word' id='word_1_296' title='bbox 1171 2096 1355 2136; x_wconf 77' lang='lat' dir='ltr'><strong>sensisset,</strong></span> <span class='ocrx_word' id='word_1_297' title='bbox 1393 2096 1588 2138; x_wconf 79' lang='lat' dir='ltr'><strong>praesenti</strong></span> 
     </span>
     <span class='ocr_line' id='line_1_35' title="bbox 210 2141 1590 2184; baseline 0.002 -12"><span class='ocrx_word' id='word_1_298' title='bbox 210 2146 379 2181; x_wconf 67' lang='lat' dir='ltr'><strong>tempore</strong></span> <span class='ocrx_word' id='word_1_299' title='bbox 398 2150 487 2172; x_wconf 77' lang='lat' dir='ltr'><strong>usus</strong></span> <span class='ocrx_word' id='word_1_300' title='bbox 504 2142 550 2171; x_wconf 79' lang='lat' dir='ltr'><strong>de</strong></span> <span class='ocrx_word' id='word_1_301' title='bbox 565 2149 604 2171; x_wconf 80' lang='lat' dir='ltr'><strong>se</strong></span> <span class='ocrx_word' id='word_1_302' title='bbox 623 2141 835 2183; x_wconf 80' lang='lat' dir='ltr'><strong>loqueretur</strong></span> <span class='ocrx_word' id='word_1_303' title='bbox 853 2151 964 2184; x_wconf 78' lang='lat' dir='ltr'><strong>seque</strong></span> <span class='ocrx_word' id='word_1_304' title='bbox 983 2142 1167 2184; x_wconf 77' lang='lat' dir='ltr'><strong>lmnn&#39;nem</strong></span> <span class='ocrx_word' id='word_1_305' title='bbox 1192 2142 1313 2175; x_wconf 77' lang='lat' dir='ltr'><strong>christ.</strong></span> <span class='ocrx_word' id='word_1_306' title='bbox 1331 2154 1411 2175; x_wconf 85' lang='lat' dir='ltr'><strong>cum</strong></span> <span class='ocrx_word' id='word_1_307' title='bbox 1430 2141 1590 2175; x_wconf 68' lang='lat' dir='ltr'><strong>dudonis</strong></span> 
     </span>
     <span class='ocr_line' id='line_1_36' title="bbox 209 2184 1586 2232; baseline 0.001 -15"><span class='ocrx_word' id='word_1_308' title='bbox 209 2184 476 2227; x_wconf 77' lang='lat' dir='ltr'><strong>confunderet,</strong></span> <span class='ocrx_word' id='word_1_309' title='bbox 521 2195 680 2227; x_wconf 76' lang='lat' dir='ltr'><strong>qcmrum</strong></span> <span class='ocrx_word' id='word_1_310' title='bbox 717 2188 890 2228; x_wconf 79' lang='lat' dir='ltr'><strong>querelas</strong></span> <span class='ocrx_word' id='word_1_311' title='bbox 914 2186 1093 2229; x_wconf 81' lang='lat' dir='ltr'><strong>referret,</strong></span> <span class='ocrx_word' id='word_1_312' title='bbox 1126 2187 1265 2222; x_wconf 70' lang='lat' dir='ltr'><strong>Rueck.</strong></span> <span class='ocrx_word' id='word_1_313' title='bbox 1295 2199 1328 2231; x_wconf 85' lang='lat' dir='ltr'><strong>p.</strong></span> <span class='ocrx_word' id='word_1_314' title='bbox 1359 2188 1441 2222; x_wconf 70' lang='lat'><strong>297.</strong></span> <span class='ocrx_word' id='word_1_315' title='bbox 1471 2200 1522 2232; x_wconf 86' lang='lat' dir='ltr'><strong>sq.</strong></span> <span class='ocrx_word' id='word_1_316' title='bbox 1551 2193 1586 2220; x_wconf 90' lang='lat' dir='ltr'><strong>et</strong></span> 
     </span>
     <span class='ocr_line' id='line_1_37' title="bbox 209 2231 1586 2278; baseline 0.001 -13"><span class='ocrx_word' id='word_1_317' title='bbox 209 2232 287 2266; x_wconf 79' lang='grc'><strong>308.</strong></span> <span class='ocrx_word' id='word_1_318' title='bbox 307 2231 471 2276; x_wconf 80' lang='lat' dir='ltr'><strong>opinatus</strong></span> <span class='ocrx_word' id='word_1_319' title='bbox 490 2237 539 2264; x_wconf 75' lang='lat' dir='ltr'><strong>est</strong></span> <span class='ocrx_word' id='word_1_320' title='bbox 558 2232 630 2272; x_wconf 72' lang='grc' dir='ltr'><strong>(ΞΕ).</strong></span> <span class='ocrx_word' id='word_1_321' title='bbox 680 2232 727 2264; x_wconf 80' lang='lat' dir='ltr'><strong>At</strong></span> <span class='ocrx_word' id='word_1_322' title='bbox 746 2231 842 2264; x_wconf 89' lang='lat' dir='ltr'><strong>enim</strong></span> <span class='ocrx_word' id='word_1_323' title='bbox 863 2232 1005 2273; x_wconf 88' lang='lat' dir='ltr'><strong>ultima,</strong></span> <span class='ocrx_word' id='word_1_324' title='bbox 1028 2232 1156 2277; x_wconf 85' lang='lat' dir='ltr'><strong>quibus</strong></span> <span class='ocrx_word' id='word_1_325' title='bbox 1175 2232 1364 2278; x_wconf 77' lang='lat' dir='ltr'><strong>Augustini</strong></span> <span class='ocrx_word' id='word_1_326' title='bbox 1391 2245 1586 2267; x_wconf 83' lang='lat' dir='ltr'><strong>commen·</strong></span> 
     </span>
     <span class='ocr_line' id='line_1_38' title="bbox 211 2276 1586 2324; baseline 0.001 -13"><span class='ocrx_word' id='word_1_327' title='bbox 211 2284 287 2311; x_wconf 80' lang='lat' dir='ltr'><strong>tuni</strong></span> <span class='ocrx_word' id='word_1_328' title='bbox 316 2276 559 2322; x_wconf 75' lang='lat' dir='ltr'><strong>pseudothyro</strong></span> <span class='ocrx_word' id='word_1_329' title='bbox 587 2277 723 2310; x_wconf 61' lang='lat' dir='ltr'><strong>Rueck.</strong></span> <span class='ocrx_word' id='word_1_330' title='bbox 753 2276 967 2318; x_wconf 84' lang='lat' dir='ltr'><strong>intromisit,</strong></span> <span class='ocrx_word' id='word_1_331' title='bbox 1001 2291 1072 2312; x_wconf 89' lang='lat' dir='ltr'><strong>non</strong></span> <span class='ocrx_word' id='word_1_332' title='bbox 1100 2280 1324 2313; x_wconf 84' lang='lat' dir='ltr'><strong>concordant</strong></span> <span class='ocrx_word' id='word_1_333' title='bbox 1349 2291 1430 2314; x_wconf 90' lang='lat' dir='ltr'><strong>cum</strong></span> <span class='ocrx_word' id='word_1_334' title='bbox 1461 2278 1586 2324; x_wconf 67' lang='lat' dir='ltr'><strong>primis</strong></span> 
     </span>
     <span class='ocr_line' id='line_1_39' title="bbox 211 2322 1587 2369; baseline 0.001 -13"><span class='ocrx_word' id='word_1_335' title='bbox 211 2331 336 2369; x_wconf 88' lang='lat' dir='ltr'><strong>(supra</strong></span> <span class='ocrx_word' id='word_1_336' title='bbox 358 2323 452 2355; x_wconf 88' lang='lat' dir='ltr'><strong>enim</strong></span> <span class='ocrx_word' id='word_1_337' title='bbox 473 2323 580 2367; x_wconf 78' lang='lat' dir='ltr'><strong>dixit,</strong></span> <span class='ocrx_word' id='word_1_338' title='bbox 606 2322 755 2356; x_wconf 75' lang='lat' dir='ltr'><strong>Paulum</strong></span> <span class='ocrx_word' id='word_1_339' title='bbox 775 2336 850 2356; x_wconf 85' lang='lat' dir='ltr'><strong>eam</strong></span> <span class='ocrx_word' id='word_1_340' title='bbox 872 2323 1138 2364; x_wconf 89' lang='lat' dir='ltr'><strong>conditionem,</strong></span> <span class='ocrx_word' id='word_1_341' title='bbox 1164 2324 1199 2358; x_wconf 91' lang='lat' dir='ltr'><strong>in</strong></span> <span class='ocrx_word' id='word_1_342' title='bbox 1220 2323 1290 2369; x_wconf 75' lang='lat' dir='ltr'><strong>quii</strong></span> <span class='ocrx_word' id='word_1_343' title='bbox 1310 2323 1433 2358; x_wconf 81' lang='lat' dir='ltr'><strong>fuisset</strong></span> <span class='ocrx_word' id='word_1_344' title='bbox 1454 2326 1587 2367; x_wconf 80' lang='lat' dir='ltr'><strong>prius-</strong></span> 
     </span>
     <span class='ocr_line' id='line_1_40' title="bbox 213 2369 1586 2416; baseline 0.003 -15"><span class='ocrx_word' id='word_1_345' title='bbox 213 2381 327 2412; x_wconf 80' lang='lat' dir='ltr'><strong>quam</strong></span> <span class='ocrx_word' id='word_1_346' title='bbox 342 2370 393 2401; x_wconf 83' lang='lat' dir='ltr'><strong>ad</strong></span> <span class='ocrx_word' id='word_1_347' title='bbox 413 2369 553 2401; x_wconf 73' lang='lat' dir='ltr'><strong>Christi</strong></span> <span class='ocrx_word' id='word_1_348' title='bbox 568 2380 677 2402; x_wconf 81' lang='lat' dir='ltr'><strong>sacra</strong></span> <span class='ocrx_word' id='word_1_349' title='bbox 696 2371 904 2402; x_wconf 74' lang='lat' dir='ltr'><strong>transiisset</strong></span> <span class='ocrx_word' id='word_1_350' title='bbox 918 2394 927 2411; x_wconf 92' lang='lat'>‚</span> <span class='ocrx_word' id='word_1_351' title='bbox 951 2369 986 2402; x_wconf 91' lang='lat' dir='ltr'><strong>in</strong></span> <span class='ocrx_word' id='word_1_352' title='bbox 1006 2369 1170 2403; x_wconf 85' lang='lat' dir='ltr'><strong>homines</strong></span> <span class='ocrx_word' id='word_1_353' title='bbox 1192 2369 1406 2409; x_wconf 87' lang='lat' dir='ltr'><strong>contulisse,</strong></span> <span class='ocrx_word' id='word_1_354' title='bbox 1430 2383 1586 2416; x_wconf 83' lang='lat' dir='ltr'><strong>quorum</strong></span> 
     </span>
     <span class='ocr_line' id='line_1_41' title="bbox 212 2413 1589 2461; baseline 0 -11"><span class='ocrx_word' id='word_1_355' title='bbox 212 2422 342 2450; x_wconf 69' lang='lat' dir='ltr'><strong>statum</strong></span> <span class='ocrx_word' id='word_1_356' title='bbox 363 2413 512 2447; x_wconf 82' lang='lat' dir='ltr'><strong>referret</strong></span> <span class='ocrx_word' id='word_1_357' title='bbox 534 2427 568 2458; x_wconf 89' lang='lat' dir='ltr'><strong>p.</strong></span> <span class='ocrx_word' id='word_1_358' title='bbox 592 2415 687 2458; x_wconf 71' lang='grc'>289.)</span> <span class='ocrx_word' id='word_1_359' title='bbox 706 2428 937 2458; x_wconf 85' lang='lat' dir='ltr'><strong>summaeque</strong></span> <span class='ocrx_word' id='word_1_360' title='bbox 967 2415 1199 2460; x_wconf 76' lang='lat' dir='ltr'><strong>negligentiae</strong></span> <span class='ocrx_word' id='word_1_361' title='bbox 1226 2415 1366 2461; x_wconf 85' lang='lat' dir='ltr'><strong>culpam</strong></span> <span class='ocrx_word' id='word_1_362' title='bbox 1388 2417 1589 2451; x_wconf 73' lang='lat' dir='ltr'><strong>Rueckerci</strong></span> 
     </span>
     <span class='ocr_line' id='line_1_42' title="bbox 213 2459 1586 2507; baseline 0.003 -13"><span class='ocrx_word' id='word_1_363' title='bbox 213 2459 372 2507; x_wconf 87' lang='lat' dir='ltr'><strong>opinatio</strong></span> <span class='ocrx_word' id='word_1_364' title='bbox 411 2460 446 2493; x_wconf 91' lang='lat' dir='ltr'><strong>in</strong></span> <span class='ocrx_word' id='word_1_365' title='bbox 471 2459 620 2494; x_wconf 88' lang='lat' dir='ltr'><strong>Paulum</strong></span> <span class='ocrx_word' id='word_1_366' title='bbox 658 2461 817 2503; x_wconf 84' lang='lat' dir='ltr'><strong>confert,</strong></span> <span class='ocrx_word' id='word_1_367' title='bbox 861 2461 974 2494; x_wconf 71' lang='lat' dir='ltr'><strong>virum</strong></span> <span class='ocrx_word' id='word_1_368' title='bbox 1012 2461 1275 2495; x_wconf 85' lang='lat' dir='ltr'><strong>consideratum</strong></span> <span class='ocrx_word' id='word_1_369' title='bbox 1305 2469 1338 2496; x_wconf 90' lang='lat' dir='ltr'><strong>et</strong></span> <span class='ocrx_word' id='word_1_370' title='bbox 1359 2463 1586 2506; x_wconf 81' lang='lat' dir='ltr'><strong>prudentem.</strong></span> 
     </span>
     <span class='ocr_line' id='line_1_43' title="bbox 214 2506 1588 2552; baseline 0.003 -13"><span class='ocrx_word' id='word_1_371' title='bbox 214 2507 296 2541; x_wconf 77' lang='lat' dir='ltr'><strong>lino</strong></span> <span class='ocrx_word' id='word_1_372' title='bbox 318 2507 356 2539; x_wconf 84' lang='lat' dir='ltr'><strong>P.</strong></span> <span class='ocrx_word' id='word_1_373' title='bbox 378 2510 521 2539; x_wconf 74' lang='lat' dir='ltr'><strong>sunima</strong></span> <span class='ocrx_word' id='word_1_374' title='bbox 539 2506 661 2540; x_wconf 86' lang='lat' dir='ltr'><strong>christ.</strong></span> <span class='ocrx_word' id='word_1_375' title='bbox 682 2507 911 2552; x_wconf 87' lang='lat' dir='ltr'><strong>disciplinae.</strong></span> <span class='ocrx_word' id='word_1_376' title='bbox 940 2507 1034 2551; x_wconf 90' lang='lat' dir='ltr'><strong>quod</strong></span> <span class='ocrx_word' id='word_1_377' title='bbox 1056 2507 1136 2540; x_wconf 86' lang='lat' dir='ltr'><strong>dato</strong></span> <span class='ocrx_word' id='word_1_378' title='bbox 1157 2508 1225 2541; x_wconf 81' lang='lat' dir='ltr'><strong>div.</strong></span> <span class='ocrx_word' id='word_1_379' title='bbox 1243 2508 1369 2552; x_wconf 85' lang='lat' dir='ltr'><strong>spiritu</strong></span> <span class='ocrx_word' id='word_1_380' title='bbox 1387 2508 1550 2543; x_wconf 80' lang='lat' dir='ltr'><strong>homines</strong></span> <span class='ocrx_word' id='word_1_381' title='bbox 1569 2522 1588 2543; x_wconf 83' lang='lat' dir='ltr'><strong>a</strong></span> 
     </span>
     <span class='ocr_line' id='line_1_44' title="bbox 214 2552 1589 2599; baseline 0.003 -14"><span class='ocrx_word' id='word_1_382' title='bbox 214 2565 400 2599; x_wconf 83' lang='lat' dir='ltr'><strong>pravarum</strong></span> <span class='ocrx_word' id='word_1_383' title='bbox 424 2552 656 2596; x_wconf 84' lang='lat' dir='ltr'><strong>cupiditatum</strong></span> <span class='ocrx_word' id='word_1_384' title='bbox 676 2553 864 2598; x_wconf 75' lang='lat' dir='ltr'><strong>tyrannide</strong></span> <span class='ocrx_word' id='word_1_385' title='bbox 886 2552 1087 2594; x_wconf 84' lang='lat' dir='ltr'><strong>liberasset,</strong></span> <span class='ocrx_word' id='word_1_386' title='bbox 1122 2566 1227 2597; x_wconf 88' lang='lat' dir='ltr'><strong>quam</strong></span> <span class='ocrx_word' id='word_1_387' title='bbox 1259 2554 1312 2587; x_wconf 83' lang='lat' dir='ltr'><strong>lex</strong></span> <span class='ocrx_word' id='word_1_388' title='bbox 1338 2567 1430 2590; x_wconf 83' lang='lat' dir='ltr'><strong>mos.</strong></span> <span class='ocrx_word' id='word_1_389' title='bbox 1455 2555 1589 2589; x_wconf 85' lang='lat' dir='ltr'><strong>attulis-</strong></span> 
     </span>
     <span class='ocr_line' id='line_1_45' title="bbox 215 2597 1589 2644; baseline 0.002 -12"><span class='ocrx_word' id='word_1_390' title='bbox 215 2603 290 2640; x_wconf 72' lang='lat' dir='ltr'><strong>set,</strong></span> <span class='ocrx_word' id='word_1_391' title='bbox 320 2598 553 2630; x_wconf 85' lang='lat' dir='ltr'><strong>admiratione</strong></span> <span class='ocrx_word' id='word_1_392' title='bbox 575 2597 732 2632; x_wconf 87' lang='lat' dir='ltr'><strong>imbutus</strong></span> <span class='ocrx_word' id='word_1_393' title='bbox 751 2611 824 2632; x_wconf 90' lang='lat' dir='ltr'><strong>non</strong></span> <span class='ocrx_word' id='word_1_394' title='bbox 847 2612 951 2644; x_wconf 83' lang='lat' dir='ltr'><strong>quam</strong></span> <span class='ocrx_word' id='word_1_395' title='bbox 972 2600 1022 2632; x_wconf 75' lang='lat' dir='ltr'><strong>vel</strong></span> <span class='ocrx_word' id='word_1_396' title='bbox 1045 2599 1117 2644; x_wconf 83' lang='lat' dir='ltr'><strong>ipse</strong></span> <span class='ocrx_word' id='word_1_397' title='bbox 1141 2598 1226 2632; x_wconf 90' lang='lat' dir='ltr'><strong>olim</strong></span> <span class='ocrx_word' id='word_1_398' title='bbox 1245 2600 1399 2634; x_wconf 85' lang='lat' dir='ltr'><strong>Judaeus</strong></span> <span class='ocrx_word' id='word_1_399' title='bbox 1424 2602 1589 2635; x_wconf 83' lang='lat' dir='ltr'><strong>sensisset</strong></span> 
     </span>
     <span class='ocr_line' id='line_1_46' title="bbox 217 2642 1589 2692; baseline 0.005 -18"><span class='ocrx_word' id='word_1_400' title='bbox 217 2644 268 2677; x_wconf 80' lang='lat' dir='ltr'><strong>vel</strong></span> <span class='ocrx_word' id='word_1_401' title='bbox 300 2645 409 2685; x_wconf 67' lang='lat' dir='ltr'><strong>vutgo</strong></span> <span class='ocrx_word' id='word_1_402' title='bbox 437 2642 563 2675; x_wconf 64' lang='lat' dir='ltr'><strong>judaei</strong></span> <span class='ocrx_word' id='word_1_403' title='bbox 591 2643 761 2677; x_wconf 88' lang='lat' dir='ltr'><strong>sentirent</strong></span> <span class='ocrx_word' id='word_1_404' title='bbox 790 2645 1048 2682; x_wconf 78' lang='lat' dir='ltr'><strong>calamitatem,</strong></span> <span class='ocrx_word' id='word_1_405' title='bbox 1080 2645 1140 2678; x_wconf 82' lang='lat' dir='ltr'><strong>sed</strong></span> <span class='ocrx_word' id='word_1_406' title='bbox 1169 2658 1273 2690; x_wconf 89' lang='lat' dir='ltr'><strong>quam</strong></span> <span class='ocrx_word' id='word_1_407' title='bbox 1301 2653 1376 2679; x_wconf 90' lang='lat' dir='ltr'><strong>tum</strong></span> <span class='ocrx_word' id='word_1_408' title='bbox 1403 2649 1589 2692; x_wconf 79' lang='lat' dir='ltr'><strong>temporis,</strong></span> 
     </span>
     <span class='ocr_line' id='line_1_47' title="bbox 216 2688 1588 2738; baseline 0.004 -18"><span class='ocrx_word' id='word_1_409' title='bbox 216 2702 327 2736; x_wconf 84' lang='lat' dir='ltr'><strong>quum</strong></span> <span class='ocrx_word' id='word_1_410' title='bbox 351 2688 537 2722; x_wconf 82' lang='lat' dir='ltr'><strong>libidinem</strong></span> <span class='ocrx_word' id='word_1_411' title='bbox 561 2689 745 2734; x_wconf 78' lang='lat' dir='ltr'><strong>perMosis</strong></span> <span class='ocrx_word' id='word_1_412' title='bbox 770 2690 881 2735; x_wconf 78' lang='lat' dir='ltr'><strong>legem</strong></span> <span class='ocrx_word' id='word_1_413' title='bbox 905 2688 1076 2723; x_wconf 83' lang='lat' dir='ltr'><strong>irritatam</strong></span> <span class='ocrx_word' id='word_1_414' title='bbox 1091 2689 1220 2724; x_wconf 80' lang='lat' dir='ltr'><strong>Christi</strong></span> <span class='ocrx_word' id='word_1_415' title='bbox 1243 2691 1465 2738; x_wconf 79' lang='lat' dir='ltr'><strong>disciplinam</strong></span> <span class='ocrx_word' id='word_1_416' title='bbox 1487 2695 1588 2738; x_wconf 86' lang='lat' dir='ltr'><strong>sopi-</strong></span> 
     </span>
     <span class='ocr_line' id='line_1_48' title="bbox 215 2733 1588 2782; baseline 0.004 -16"><span class='ocrx_word' id='word_1_417' title='bbox 215 2736 305 2769; x_wconf 64' lang='lat' dir='ltr'><strong>visse</strong></span> <span class='ocrx_word' id='word_1_418' title='bbox 338 2733 609 2767; x_wconf 77' lang='lat' dir='ltr'><strong>malefactorum</strong></span> <span class='ocrx_word' id='word_1_419' title='bbox 641 2736 768 2779; x_wconf 83' lang='lat' dir='ltr'><strong>quibus</strong></span> <span class='ocrx_word' id='word_1_420' title='bbox 797 2735 883 2768; x_wconf 81' lang='lat' dir='ltr'><strong>olim</strong></span> <span class='ocrx_word' id='word_1_421' title='bbox 918 2735 1036 2770; x_wconf 84' lang='lat' dir='ltr'><strong>christ.</strong></span> <span class='ocrx_word' id='word_1_422' title='bbox 1066 2736 1291 2782; x_wconf 84' lang='lat' dir='ltr'><strong>disciplinam</strong></span> <span class='ocrx_word' id='word_1_423' title='bbox 1316 2745 1472 2772; x_wconf 77' lang='lat' dir='ltr'><strong>vexasset</strong></span> <span class='ocrx_word' id='word_1_424' title='bbox 1494 2751 1588 2773; x_wconf 86' lang='lat' dir='ltr'><strong>con-</strong></span> 
     </span>
     <span class='ocr_line' id='line_1_49' title="bbox 214 2779 1588 2824; baseline 0.002 -10"><span class='ocrx_word' id='word_1_425' title='bbox 214 2779 361 2814; x_wconf 64' lang='lat' dir='ltr'><strong>scientizi</strong></span> <span class='ocrx_word' id='word_1_426' title='bbox 391 2779 595 2813; x_wconf 76' lang='lat' dir='ltr'><strong>stimulatus</strong></span> <span class='ocrx_word' id='word_1_427' title='bbox 625 2782 743 2815; x_wconf 68' lang='lat' dir='ltr'><strong>teor.</strong></span> <span class='ocrx_word' id='word_1_428' title='bbox 768 2782 860 2824; x_wconf 84' lang='lat'><strong>15,9.</strong></span> <span class='ocrx_word' id='word_1_429' title='bbox 892 2782 1021 2817; x_wconf 75' lang='lat' dir='ltr'><strong>l&#39;l&#39;im.</strong></span> <span class='ocrx_word' id='word_1_430' title='bbox 1051 2782 1148 2824; x_wconf 82' lang='lat'><strong>1,13.</strong></span> <span class='ocrx_word' id='word_1_431' title='bbox 1178 2781 1278 2816; x_wconf 82' lang='lat' dir='ltr'><strong>firme</strong></span> <span class='ocrx_word' id='word_1_432' title='bbox 1306 2785 1484 2822; x_wconf 64' lang='lat' dir='ltr'><strong>crederet,</strong></span> <span class='ocrx_word' id='word_1_433' title='bbox 1517 2799 1588 2820; x_wconf 86' lang='lat' dir='ltr'><strong>nnn</strong></span> 
     </span>
    </p>
   </div>
   <div class='ocr_carea' id='block_1_4' title="bbox 217 2825 1590 2917">
    <p class='ocr_par' dir='ltr' id='par_1_4' title="bbox 217 2825 1590 2917">
     <span class='ocr_line' id='line_1_50' title="bbox 217 2825 1590 2873; baseline 0.006 -16"><span class='ocrx_word' id='word_1_434' title='bbox 217 2838 320 2872; x_wconf 73' lang='lat' dir='ltr'><strong>posse</strong></span> <span class='ocrx_word' id='word_1_435' title='bbox 343 2839 424 2869; x_wconf 82' lang='lat' dir='ltr'><strong>cos,</strong></span> <span class='ocrx_word' id='word_1_436' title='bbox 449 2828 507 2870; x_wconf 83' lang='lat' dir='ltr'><strong>qni</strong></span> <span class='ocrx_word' id='word_1_437' title='bbox 526 2825 712 2872; x_wconf 29' lang='lat' dir='ltr'><strong>legilmos.</strong></span> <span class='ocrx_word' id='word_1_438' title='bbox 738 2827 871 2863; x_wconf 85' lang='lat' dir='ltr'><strong>addicti</strong></span> <span class='ocrx_word' id='word_1_439' title='bbox 899 2828 1078 2873; x_wconf 67' lang='lat' dir='ltr'><strong>viverent,</strong></span> <span class='ocrx_word' id='word_1_440' title='bbox 1106 2841 1178 2864; x_wconf 89' lang='lat' dir='ltr'><strong>non</strong></span> <span class='ocrx_word' id='word_1_441' title='bbox 1204 2829 1333 2864; x_wconf 84' lang='lat' dir='ltr'><strong>sentire</strong></span> <span class='ocrx_word' id='word_1_442' title='bbox 1363 2831 1590 2867; x_wconf 76' lang='lat' dir='ltr'><strong>existimasset</strong></span> 
     </span>
     <span class='ocr_line' id='line_1_51' title="bbox 218 2879 542 2917; baseline 0.003 -11"><span class='ocrx_word' id='word_1_443' title='bbox 218 2879 455 2917; x_wconf 78' lang='lat' dir='ltr'><strong>persequutus</strong></span> <span class='ocrx_word' id='word_1_444' title='bbox 477 2879 542 2911; x_wconf 77' lang='lat' dir='ltr'><strong>cst.</strong></span> 
     </span>
    </p>
   </div>
  </div>
 </body>
</html>
