1715 3115
112 165 198 207 520
392 160 768 204 EPlSTOLA
799 162 899 206 AD
933 159 1293 206 ROMANOS

120 275 286 319 strum,
324 267 516 308 divinum
550 265 781 323 spiritum,
819 281 975 324 capere
1007 273 1223 323 nequeant
1253 270 1275 310 l
1305 267 1408 312 Cor.
1438 269 1582 321 2‚14..

118 324 334 368 Miraculo
355 330 497 364 autem
523 322 662 364 Deum
684 337 832 365 omnes
852 324 1038 378 gentiles
1067 323 1121 364 ad
1152 324 1278 366 fidem
1301 325 1479 368 Christo
1507 327 1583 368 ha-

120 381 300 424 bendam
323 379 560 435 aliquando
584 381 908 436 compulsurum
929 387 1003 421 aut
1021 395 1096 421 eos
1116 388 1364 424 coacturum
1386 397 1507 435 esse,
1535 389 1585 425 ut

119 439 248 480 fidem
278 437 437 478 animis
466 437 747 493 conciperent
773 438 891 478 nulla
922 451 1025 478 voce
1058 436 1108 480 P.
1138 435 1360 482 indicavit.
1417 439 1587 481 Existi-

121 495 255 539 mavit
292 493 451 547 igitur,
487 493 723 549 plerosque
749 508 941 550 paganos
970 493 1047 537 sua
1077 499 1232 550 sponte
1266 508 1313 536 se
1343 495 1385 536 in
1415 495 1585 538 Christi

121 550 398 607 disciplinam
419 549 661 591 tradituros
683 564 796 594 esse.
842 550 1006 592 Verbis
1026 549 1128 598 τοὺς
1149 547 1317 599 πάντας
1335 564 1375 595 v.
1394 552 1465 596 32.
1484 566 1586 594 con-

121 607 303 649 trariam
326 606 590 648 sententiam
613 607 814 649 stabilire
845 607 1010 649 frustra
1038 606 1227 649 coneris.
1285 605 1442 663 Neque
1470 610 1585 651 enim

122 677 271 706 omnes
291 663 464 704 omnino
485 663 705 716 homines,
737 663 812 706 sed
834 664 973 706 omnis
997 663 1173 717 generis
1194 663 1391 705 homines
1413 664 1455 707 h.
1474 679 1513 707 e.
1542 671 1587 708 et

121 720 313 765 Iudaeos
333 725 377 761 et
395 733 589 776 paganos
608 720 858 774 significant
877 721 952 773 (cf.
986 734 1025 762 v,
1042 720 1115 764 30.
1146 724 1189 761 et
1214 719 1325 773 31.).
1383 717 1588 764 Praeter-

122 792 172 819 ea
195 775 428 818 tenendum
449 781 540 829 est,
570 777 808 833 prophetas
828 790 999 833 quoque
1020 791 1103 817 uon
1125 789 1274 818 omnes
1292 776 1466 818 omnino
1484 791 1588 833 gen-

123 834 228 875 tiles
252 832 445 875 Messiae
484 834 756 889 temporibus
783 832 1120 888 Hierosolymas
1158 832 1230 889 pie
1256 831 1454 875 adituros
1491 848 1590 876 esse

123 891 375 942 censuisse,
405 888 482 931 sed
509 890 730 946 plerosque
746 887 904 947 (zach.
928 890 996 941 14,
1015 891 1077 931 ¹6.
1098 913 1152 920 —-
1175 889 1280 943 19.).
1339 888 1496 945 Neque
1521 905 1590 932 re-
1654 920 1657 921 ν

125 954 194 988 cte
220 947 467 998 Gna-setius,
513 945 792 989 ll'andalimcs
817 953 860 988 et
889 946 1206 988 Almam-eremas
1235 945 1348 1002 apud
1383 944 1592 1000 Wolfium,

126 1011 216 1046 tum
245 1000 416 1055 Wolfins
444 1003 539 1058 ipse
569 1008 613 1043 et
643 1015 782 1060 nuper
809 1002 1040 1045 Michaelis
1068 1007 1112 1042 et
1144 1001 1258 1045 Olsh.
1287 1000 1339 1043 τὸ
1369 1002 1592 1059 πλήρωμα

126 1061 213 1102 τῶν
236 1057 380 1102 ἐθνῶν
390 1059 726 1113 supplementum
737 1059 959 1115 qentilium
969 1062 1255 1101 enarrarunt:
1272 1058 1436 1111 ‚,illud,
1457 1073 1593 1115 qnan-

128 1124 218 1157 tum
241 1120 448 1171 quantum
471 1122 564 1166 est,
594 1114 710 1170 quod
739 1130 762 1157 e
786 1115 992 1169 gentibus
1019 1114 1327 1156 desumendum
1359 1116 1596 1158 destinavit

128 1172 255 1214 Deus
276 1171 328 1211 ad
354 1170 642 1227 supplendum
664 1171 707 1212 id
732 1171 846 1228 quod
869 1171 1016 1212 delicit
1037 1171 1078 1212 in
1100 1171 1194 1212 olea
1216 1171 1396 1226 mystica
1411 1170 1596 1214 Israelis

129 1242 208 1284 per
236 1227 531 1268 abscissorum
563 1240 780 1270 ramorum
817 1227 1141 1285 rejectionem.”
1180 1226 1422 1282 (Wolfius.)
1489 1227 1595 1270 Non

129 1284 291 1325 idcirco
314 1283 502 1335 gentiles
523 1283 564 1323 iu
585 1283 672 1324 Dei
695 1285 880 1338 gratiam
903 1283 1066 1339 recepti
1097 1289 1222 1334 sunt,
1262 1290 1310 1325 ut
1338 1298 1467 1340 quum
1496 1299 1596 1342 per-

131 1340 255 1382 multi
278 1338 432 1383 Judaei
452 1354 474 1380 a
504 1339 597 1381 Deo
619 1339 881 1383 defecissent
899 1342 1068 1396 piorum
1089 1340 1306 1381 hominum
1328 1340 1524 1394 legiones
1543 1341 1600 1383 ad

130 1410 291 1454 paucos
314 1395 514 1437 redactae
533 1411 800 1452 paganorum
820 1397 1239 1440 succenturiatorum
1254 1428 1266 1448 ,
1305 1398 1379 1452 qui
1401 1398 1601 1440 deserto-

132 1468 226 1493 rum
250 1455 387 1493 locum
410 1459 693 1509 occuparent,
724 1454 1027 1510 supplemento
1050 1454 1355 1508 explerentur,
1392 1454 1469 1496 sed
1499 1454 1597 1496 ideo

135 1509 291 1553 leaei
315 1525 335 1548 a
365 1509 457 1550 Deo
480 1511 689 1550 obstinati
709 1511 870 1552 redditi
893 1517 1010 1562 sunt,
1040 1517 1088 1551 ut
1107 1511 1249 1550 salute
1268 1511 1598 1565 messianityen-

133 1567 230 1608 tiles
258 1566 504 1621 potirentur
531 1566 831 1622 yenie'le'umqne
859 1566 1052 1618 exemplo
1081 1566 1233 1607 Judaei
1259 1567 1430 1623 recepta
1464 1568 1598 1608 liber-

135 1628 226 1663 tate
259 1628 408 1677 postea
437 1621 748 1675 resipiscerent
780 1626 842 1676 (V.
864 1623 933 1663 ll.
962 1621 1031 1664 14.
1051 1621 1123 1663 30.
1145 1645 1199 1653 --
1221 1621 1330 1673 32.).
1397 1621 1597 1680 εἷςέλθῃ]

136 1678 205 1719 De
233 1678 413 1718 introitu
438 1678 478 1717 in
501 1677 848 1719 Christianorum
879 1685 1044 1718 coetum
1077 1677 1146 1731 agi
1179 1678 1220 1718 in
1255 1681 1487 1734 propatulo
1514 1687 1599 1723 est.

137 1733 286 1788 Quare
309 1734 506 1789 plerique
527 1732 589 1782 εἷς
607 1733 684 1786 τὴν
702 1733 933 1785 βασιλείαν
950 1736 1027 1774 τοῦ
1054 1735 1191 1781 θεοῦ,
1223 1735 1349 1776 inulti
1379 1735 1500 1788 (Chr.
1525 1735 1598 1779 Fr.

137 1791 330 1833 Schmicl.
347 1823 356 1841 ,
387 1789 584 1832 Ros-enm.
600 1823 610 1843 ,
645 1789 787 1832 Πῖηε.
811 1805 855 1846 p.
879 1791 945 1831 12.
971 1791 1051 1841 al.)
1071 1785 1132 1838 εἷς
1149 1787 1227 1846 τὴν
1258 1789 1491 1846 ἐκκλησίαν
1520 1791 1600 1833 τοῦ

137 1849 251 1888 θεοῦ
268 1846 436 1900 (LXX.
464 1846 599 1888 Dent.
622 1846 690 1897 23,
703 1846 745 1889 2.
766 1848 856 1899 3.)‚
889 1845 1085 1886 nonnulli
1109 1845 1280 1899 (Reicle.
1302 1847 1387 1901 al.)
1406 1844 1470 1897 εἰς
1483 1841 1602 1889 οἶκον

138 1905 252 1945 θεοῦ
284 1902 455 1958 (LXX.
492 1903 623 1945 Deut.
643 1903 765 1953 23,1.
799 1905 822 1944 l
850 1902 969 1945 Tim.
995 1905 1036 1955 3,
1055 1903 1144 1957 15.)
1172 1903 1402 1956 cogitando
1434 1904 1602 1959 adjece-

140 1967 258 2002 runt.
318 1957 397 2008 Εἷς
415 1957 490 2013 τῆν
510 1957 740 2015 ἐκκλησίαν
758 1974 795 2001 τ.
816 1961 863 2000 θ.
884 1966 927 1999 et
950 1956 1013 2007 εἷς
1036 1952 1154 1999 οἶκον
1180 1960 1293 2000 θεοῦ
1322 1974 1401 2017 per
1426 1967 1604 2001 senten-

143 2016 247 2058 tiam
273 2016 477 2072 supplere
497 2016 612 2066 licet,
643 2013 707 2063 εἷς
726 2013 805 2069 τὴν
822 2014 1052 2066 βασιλείαν
1069 2029 1106 2055 τ.
1126 2017 1172 2056 θ.
1195 2016 1473 2067 nullomodo,
1497 2031 1603 2072 quo-

145 2074 257 2112 niam
283 2073 494 2113 loz-mulae
518 2070 541 2126 ἡ
566 2069 773 2123 βασιλεία
791 2073 877 2112 τῶν
901 2069 1118 2123 οὐρανῶν,
1149 2068 1174 2125 ὴ
1195 2074 1296 2124 ΙΒασ.
1319 2073 1398 2114 τοῦ
1421 2075 1532 2114 θεοῦ
1560 2078 1606 2115 et

144 2124 168 2181 ἦ
188 2132 286 2179 βασ.
309 2129 387 2170 τοῦ
406 2130 607 2181 Χριστοῦ
626 2141 708 2168 ιιοη
733 2128 1067 2170 Clm‘ste'anorum
1093 2133 1275 2180 coetum,
1312 2128 1390 2170 sed
1413 2128 1605 2171 Mes-siae

143 2200 316 2239 rsynum
350 2184 573 2224 declarant
603 2190 692 2224 tum
725 2182 1099 2235 constituendum,
1146 2198 1275 2239 quum
1309 2184 1512 2228 Christus
1550 2184 1604 2226 de

144 2242 264 2283 coelo
297 2243 338 2282 in
361 2247 576 2281 terrarum
597 2241 743 2281 orbem
766 2240 947 2281 redierit
968 2241 1039 2292 (cf.
1065 2245 1153 2282 not.
1179 2241 1231 2280 ad
1254 2241 1411 2283 Matth.
1440 2257 1482 2298 p.
1507 2243 1604 2285 110.

145 2301 280 2354 sqq.).
347 2297 530 2338 Frustra
561 2296 767 2352 objicitur
798 2298 829 2339 l.
859 2296 954 2338 Col.
987 2297 1108 2346 l‚l3.
1150 2298 1222 2349 (v.
1252 2297 1466 2353 stIeyer.).
1536 2297 1604 2338 lbi

144 2357 257 2396 enim
280 2354 472 2394 homines
492 2346 644 2396 christ.
668 2367 718 2393 ex
731 2353 917 2394 Satanae
940 2353 1120 2408 imperio
1142 2353 1345 2395 vindicati
1367 2355 1461 2395 etin
1477 2353 1605 2395 Chri-

147 2412 203 2453 sti
227 2425 403 2462 regnum
429 2410 632 2449 translati
653 2409 857 2452 dicuntur
884 2417 1088 2460 eatenus,
1129 2416 1344 2464 quatenus
1372 2425 1449 2467 per
1476 2409 1603 2452 fidem

147 2476 418 2523 peccatorum
441 2468 604 2506 reniam
627 2465 797 2522 adeptis
816 2466 1032 2506 civitatem
1059 2465 1098 2505 in
1121 2465 1311 2508 Messiae
1342 2480 1475 2520 regno
1506 2472 1606 2523 post

147 2524 315 2567 Christi
355 2523 405 2563 de
437 2524 555 2563 coelo
585 2522 771 2563 reditum
801 2521 1103 2563 constituendo
1130 2522 1402 2564 obtinendam
1431 2537 1606 2575 sperare

148 2581 251 2622 licet
272 2584 330 2632 (ν.
354 2580 421 2620 Η.
448 2579 571 2636 [ἰοπι.
592 2579 752 2631 8,24.).
812 2577 900 2619 Sed
925 2577 1059 2619 Paulo
1090 2579 1157 2619 vel
1181 2577 1246 2628 εἰς
1271 2579 1349 2633 τὴν
1375 2577 1606 2632 ἐκκλησίαν

147 2653 186 2677 τ.
204 2640 274 2678 θ’..
309 2636 374 2676 vel
395 2633 458 2683 «εἰς
482 2638 600 2675 οἰκον
627 2636 739 2676 θεοῦ
770 2636 837 2676 vel
869 2635 1011 2676 simile
1043 2635 1145 2690 quid
1175 2634 1377 2676 distincte
1403 2637 1605 2676 obserse-

148 2697 238 2734 tum
260 2706 356 2732 esse
379 2692 480 2731 mihi
510 2691 772 2747 persuadere
802 2706 883 2732 non
914 2705 1106 2746 possum.
1161 2690 1300 2734 Credo
1328 2692 1475 2746 potius
1502 2705 1605 2748 apo-

148 2749 308 2790 stolum
335 2747 685 2791 Christianorum
718 2756 883 2790 coetum
915 2748 1053 2787 locum
1085 2753 1223 2788 mente
1253 2747 1525 2802 concepisse,
1562 2748 1604 2788 in

150 2819 236 2863 quo
262 2806 354 2862 ipse
389 2804 559 2862 positus
591 2810 722 2849 esset.
791 2803 889 2860 Qua
923 2804 1184 2861 cogitatione
1215 2804 1346 2847 menti
1375 2803 1605 2848 informant
