1715 3115
537 156 694 205 GAP.
725 158 786 205 X.
821 157 913 206 Vs.
944 159 975 202 9
1001 182 1055 191 -
1088 158 1176 203 11..
1498 154 1584 197 39⁷

120 269 182 313 ris
199 266 412 310 dominnm
432 266 561 318 (esse)
584 265 743 308 desum.
803 262 1069 308 constanter
1087 261 1295 307 Christus
1323 258 1487 303 domim·
1507 270 1586 299 no-

123 325 237 367 mine
257 328 456 365 ornatur.
515 321 652 378 Cujus
672 321 785 363 ratio
808 320 996 362 nominis
1017 320 1124 362 mihi
1143 319 1248 361 haec
1268 331 1367 360 esse
1397 315 1589 367 videtur,

120 380 237 438 qnod
261 379 466 423 Christus
486 379 622 420 suerit
643 373 666 419 ὅ
687 374 783 426 υἱὸς
797 379 877 419 τοῦ
897 378 1011 419 θεοῦ
1029 383 1107 418 aut
1133 374 1283 417 mundi
1313 373 1516 416 conditor
1541 374 1588 413 et

121 444 430 489 conservator,
459 436 532 490 qui
556 448 763 477 summam
782 433 826 475 in
847 446 998 475 omnes
1015 447 1089 476 res
1118 435 1380 488 potestatem
1408 439 1588 472 exerce-

121 498 191 536 ret
213 507 237 535 a
260 493 356 536 Deo
376 493 459 534 sibi
481 490 782 533 demandatam
807 491 831 532 1
851 490 956 536 Cor.
973 489 1069 543 8,6.
1097 489 1127 532 2
1144 488 1247 533 Cor.
1265 487 1368 535 4,4.
1397 487 1441 531 ⁵.
1474 485 1588 538 l‚3..

121 549 211 593 Sed
232 564 315 592 non
334 548 648 592 dubitaverunt
667 546 936 600 Christiani,
967 546 1072 603 quin
1092 546 1170 588 ille
1190 545 1276 587 Dei
1301 544 1421 585 tilius
1452 554 1588 600 quum

122 608 341 650 hominum
372 610 572 647 naturam
602 603 820 647 induisset
845 617 986 659 genus
1015 605 1250 646 humanum
1277 600 1456 656 expiare
1486 611 1590 642 con-

120 665 321 720 fectoque
353 662 468 719 quod
498 662 619 703 Deus
645 663 685 702 ei
715 660 982 719 injunxisset
1014 659 1189 716 negotio
1215 659 1432 700 coelestes
1459 655 1590 701 sedes

122 730 322 777 repetere
344 727 387 760 et
407 724 513 761 nutu
536 733 614 761 suo
636 732 766 775 quum
787 717 956 769 omnia,
987 722 1079 758 tum
1103 717 1376 758 alumnorum
1406 726 1590 755 suorum

121 782 289 820 coetum
311 776 555 827 gubernare
576 774 777 817 debuerit
795 773 916 830 (Job.
931 774 1052 827 17‚2.
1073 773 1175 816 Gal.
1194 773 1291 824 4‚4.
1305 768 1590 825 Phil.2,11.).

122 834 238 876 Hinc
257 834 414 876 tactum
435 840 526 884 est,
558 840 606 873 ut
627 831 837 875 Christus
857 830 984 872 modo
1003 835 1052 872 ut
1077 830 1288 872 ecelesiae
1317 833 1465 870 rector
1495 841 1592 869 mu·

123 904 360 947 uerumque
382 893 425 931 et
447 888 753 932 beneficiorum
781 889 1065 945 dispensator
1093 889 1138 943 (l
1169 886 1273 930 Cor.
1302 885 1425 938 12,3.
1454 884 1499 928 5.
1529 883 1590 929 cl.

126 947 235 1005 pr.
262 947 305 1000 4,
317 947 359 990 7.
381 971 431 977 —
457 948 570 997 11.),
618 944 743 987 modo
772 951 820 986 ut
847 946 886 988 is
921 945 1116 986 dominns
1154 947 1410 994 vocaretur,
1459 954 1588 997 quem

124 1005 321 1046 homines
340 1003 496 1047 christ.
519 1007 563 1044 et
590 1004 646 1044 oh
675 1007 855 1044 naturae
881 1001 1155 1058 majestatem
1185 999 1533 1054 dignitatemque
1563 1010 1591 1038 a

124 1061 221 1103 Deo
251 1061 291 1102 ei
322 1060 528 1101 traditam
556 1065 600 1101 et
628 1066 809 1116 propter
834 1071 1000 1102 summa
1031 1058 1075 1099 in
1105 1071 1152 1099 se
1183 1059 1344 1100 collata
1375 1053 1590 1097 beneficia

123 1119 194 1175 pie
231 1118 515 1159 observarent
553 1117 600 1169 (1
630 1116 734 1160 Cor.
763 1115 858 1169 1,5.
895 1113 1047 1158 2Cor.
1082 1113 1173 1166 l,2.
1213 1113 1327 1171 Eph.
1359 1113 1450 1165 l,2.
1488 1112 1591 1166 al.)-

121 1175 219 1218 Hoc
240 1173 292 1215 ad
323 1179 518 1215 nostrum
549 1174 581 1217 Ι.
611 1173 819 1230 pertinet.
883 1171 1168 1213 Manifestum
1198 1179 1266 1212 est
1294 1169 1409 1212 enim
1441 1167 1591 1212 verbis

123 1230 199 1274 ε’ἀν
219 1225 496 1287 ἆιιολογήσῃς
526 1228 570 1271 ἕν
597 1232 660 1286 τῷ
690 1227 880 1283 στόματί
911 1242 992 1270 σου
1019 1229 1172 1282 κύριον
1195 1225 1365 1284 Ἰησοῦν
1396 1231 1441 1269 et
1468 1239 1590 1271 voce.

124 1303 164 1332 v.
183 1288 226 1331 8.
246 1286 371 1342 ἐγγύς
390 1301 470 1327 σου
490 1285 538 1326 τὸ
563 1286 682 1342 ῥῆμά
703 1284 845 1335 ἐστιν,
873 1282 929 1327 ὲν
953 1286 1024 1340 τῷ
1053 1282 1289 1336 στόματί
1320 1297 1420 1326 σου
1445 1282 1591 1351 expli—

122 1345 212 1387 cari
240 1349 283 1385 et
299 1343 352 1385 ad
376 1357 414 1387 v.
440 1357 480 1387 v,
499 1346 541 1385 (5.
564 1342 628 1392 τίς
647 1338 915 1397 ἀναβήσεται
939 1338 1003 1391 εἷς
1021 1340 1098 1382 τὸν
1116 1340 1326 1396 οὐρανόνς
1356 1338 1474 1383 τοῦτ’
1490 1339 1590 1383 ἐστι

122 1399 320 1457 Χριστὸν
338 1402 596 1454 καταγαγεῖν
614 1399 774 1456 respici
797 1398 841 1442 h.
868 1412 928 1442 r.:
959 1411 1070 1454 quae
1099 1412 1122 1439 e
1150 1397 1236 1440 fide
1271 1402 1372 1439 nata
1394 1395 1591 1452 Integri-

121 1464 191 1501 tas
210 1458 270 1500 ita
293 1470 372 1499 nos
393 1456 587 1510 cogitare
608 1461 785 1499 vetans:
816 1468 941 1496 nemo
961 1456 1005 1495 in
1026 1456 1193 1496 coelum
1213 1452 1442 1507 ascendet,
1480 1453 1526 1498 h.
1547 1466 1592 1497 e.

123 1521 171 1557 ut
193 1515 401 1569 (salutem
432 1512 601 1567 agendo
630 1512 886 1563 effecturus)
907 1511 1156 1564 Christum,
1196 1511 1417 1553 hominum
1444 1509 1592 1567 sospi-

122 1576 334 1624 tatorem,
371 1570 413 1611 in
440 1570 587 1612 orbem
610 1575 826 1611 terrarum
854 1568 1037 1610 deducat
1063 1572 1124 1624 (v.
1150 1570 1210 1619 6.)
1238 1567 1445 1625 deinceps
1473 1565 1592 1625 apud

123 1629 276 1671 Mosen
333 1628 436 1669 erbo
468 1627 574 1668 facit
602 1626 728 1682 ἐγγύς
755 1639 836 1668 σου
864 1623 915 1668 τὸ
944 1622 1065 1680 ῥῆμά
1095 1623 1236 1675 ἐστιν,
1279 1624 1332 1667 ἐν
1356 1625 1427 1681 τῷ
1454 1623 1591 1667 στό-

121 1683 251 1738 ματί
270 1641 374 1734 ‘v
402 1683 456 1725 ad
478 1690 758 1741 praeceptum
778 1682 831 1725 de
848 1681 933 1724 fide
955 1680 1071 1738 quod
1092 1681 1219 1724 trado
1239 1680 1471 1724 referenda
1490 1694 1593 1723 esse

123 1743 185 1796 (v.
205 1741 265 1794 8.)
293 1754 344 1782 ex
375 1754 426 1781 eo
457 1740 627 1793 elucet,
668 1739 784 1797 qnod
811 1739 849 1781 si
878 1753 954 1781 ore
986 1743 1062 1780 tuo
1091 1740 1319 1796 professus
1345 1738 1485 1780 fueris
1512 1737 1592 1780 do—

125 1797 288 1839 minum
329 1795 437 1849 (Dei
477 1797 639 1847 tilium,
697 1797 772 1852 qui
810 1795 1054 1851 sospitator
1087 1795 1142 1837 ad
1181 1796 1379 1837 homines
1416 1794 1593 1837 venerit

123 1853 392 1908 summisque
412 1866 487 1893 eos
510 1853 733 1894 beneficiis
758 1852 1068 1904 obstrinxerit)
1098 1866 1196 1894 esse
1227 1853 1371 1894 Jesum
1399 1850 1592 1906 (Mariae

125 1911 285 1963 filium)
307 1908 522 1950 beaberis.
583 1908 701 1963 Ergo
723 1913 768 1950 et
791 1909 930 1950 Mosis
949 1908 1076 1950 verba
1106 1908 1253 1963 (ἐγγύς
1282 1922 1362 1950 σου
1388 1906 1440 1949 τὸ
1470 1904 1590 1963 ῥῆμά

127 1964 269 2015 ἐστιν,
311 1963 365 2007 ἐν
389 1966 458 2020 τῷ
497 1964 736 2015 στόματί
775 1969 893 2019 σου)
930 1964 1146 2022 ejusmodi
1177 1970 1304 2017 sunt,
1342 1968 1389 2005 ut
1419 1966 1592 2022 proies-

126 2024 292 2065 sionem
315 2020 504 2063 dilucide
523 2020 738 2073 indicent,
770 2021 851 2077 quzi
875 2020 1025 2065 Iesum
1050 2020 1269 2063 dominum
1291 2035 1391 2062 esse
1421 2021 1493 2078 pie
1520 2034 1594 2063 oe-

126 2080 273 2121 lebres
289 2081 351 2135 (ν.
372 2079 458 2132 8.),
488 2084 528 2120 et
583 2083 696 2130 atet,
725 2077 937 2120 deotosis
957 2077 1174 2119 sententia
1197 2092 1279 2120 uon
1300 2079 1468 2119 coelum
1490 2091 1592 2120 esse

128 2135 385 2195 petendum,
428 2140 474 2176 nt
502 2093 686 2177 saiiitem
715 2135 872 2188 ayendo
898 2134 1072 2191 parias,
1119 2134 1196 2176 sed
1227 2135 1371 2176 salute
1404 2136 1458 2177 ab
1490 2135 1593 2177 Jesu

124 2197 258 2247 parm
278 2191 483 2234 utendum
505 2206 602 2234 esse
631 2205 814 2246 eamque
842 2191 990 2233 verbis
1018 2190 1088 2248 pie
1114 2190 1433 2234 celebrandam.
1492 2190 1593 2247 (Je-

127 2264 248 2303 sum,
279 2249 483 2306 quoniam
508 2249 683 2303 negotio
705 2262 783 2290 suo
803 2248 847 2289 in
876 2253 1094 2289 terrarum
1128 2248 1232 2290 orbe
1261 2248 1488 2305 praeclare
1515 2261 1594 2303 ge·

127 2312 196 2348 sto
228 2315 430 2362 receptus
462 2305 582 2347 coelo
623 2311 766 2356 esset,
813 2305 944 2358 vulgo
986 2304 1205 2346 dominum
1245 2307 1302 2345 ab
1340 2304 1593 2348 hominihus

126 2363 282 2407 christ.
314 2363 580 2419 appellatum
610 2376 709 2404 esse
741 2362 852 2404 male
882 2375 905 2403 e
929 2360 1046 2406 Phil.
1075 2362 1232 2414 2,9-
1258 2363 1326 2405 11.
1355 2361 1594 2404 concludas

103 2434 221 2462 ‚cum
254 2419 427 2462 Reichio
456 2435 498 2475 p.
526 2420 642 2463 344..
711 2417 824 2460 Nam
856 2418 918 2460 ibi
947 2418 1052 2459 haec
1081 2419 1330 2475 perscripta
1361 2423 1486 2462 sunt:
1523 2417 1594 2461 id-

128 2476 243 2518 circo
267 2475 403 2518 Deum
427 2476 532 2520 Jesu
557 2489 767 2517 summam
792 2475 835 2516 in
860 2476 983 2517 coelo
1014 2475 1272 2527 dignitatem
1302 2474 1506 2529 dedisse,
1541 2480 1594 2517 ut

129 2547 224 2575 eum
247 2533 464 2576 dominum
489 2547 586 2574 esse
613 2546 738 2574 nemo
763 2546 847 2573 non
877 2533 1129 2587 fateretur.)
1187 2532 1303 2574 Sane
1329 2531 1480 2576 Jesum
1513 2530 1594 2574 do-

131 2589 291 2631 minum
329 2604 428 2632 esse
463 2603 521 2631 ex
561 2589 696 2631 animi
731 2589 947 2630 sententia
979 2602 1054 2630 ore
1083 2595 1158 2630 tuo
1187 2589 1386 2646 profiteri
1417 2589 1594 2645 nequis,

131 2646 216 2688 nisi
237 2647 361 2704 prius
390 2661 486 2688 eum
516 2646 659 2687 reditu
692 2659 742 2685 ex
773 2644 927 2686 inseris
955 2643 1174 2687 dominum
1202 2661 1224 2687 a
1248 2645 1346 2688 Deo
1376 2645 1592 2688 constitu-

130 2708 220 2744 tum
252 2718 349 2745 esse
385 2703 642 2746 credideris.
715 2700 803 2744 Sed
835 2702 879 2746 h.
918 2702 951 2746 Ι.
989 2703 1084 2758 Ap.
1119 2703 1426 2760 professionem
1464 2701 1592 2759 prius

131 2773 257 2815 qnam
273 2760 399 2813 fidem
418 2761 590 2817 posuit,
623 2759 826 2815 quoniam
848 2771 971 2800 suam
999 2759 1406 2816 interpretationem
1433 2759 1490 2800 ad
1513 2772 1594 2800 ex-

128 2816 428 2873 plicandorum
465 2817 694 2860 verborum
713 2814 928 2871 ‚ordinem
967 2821 1069 2874 apte
1107 2815 1426 2860 accommodari
1464 2815 1592 2861 vidit.
