1715 3115
503 203 663 249 CAP.
697 200 860 246 VHI.
894 201 985 247 Vs.
1015 203 1104 247 32..
1467 206 1552 249 200

65 318 91 359 1
124 314 226 358 Cor.
256 312 299 363 7,
331 312 374 354 2.
427 335 482 342 —
513 308 700 359 ἕκαστος
739 307 816 364 τῆν
850 305 1057 352 ἑαυτοῦ
1096 312 1274 363 γυναῖκα
1309 308 1440 360 ἐχέτω
1476 314 1551 353 καί,

65 368 226 427 ἑκάστη
277 365 354 410 τὸν
398 363 549 409 ἴδιον
594 359 733 421 ἄνδρα
773 365 919 417 ἐχέτω.
966 366 1023 409 cl.
1063 367 1194 410 Rom.
1223 369 1290 419 ll,
1308 368 1380 410 24.
1414 368 1479 419 14,
1501 369 1545 411 4.

65 430 90 469 1
111 427 229 469 Tim.
251 426 293 478 2,
309 427 352 470 6.
382 423 523 467 Hebr.
549 424 589 476 9,
612 424 682 468 12.
721 424 784 472 13,
809 423 874 464 12.
951 423 1037 465 Sed
1071 437 1160 466 rem
1193 424 1389 475 conticit,
1428 424 1544 479 quod

64 482 118 528 P.
139 485 217 525 hoc
241 483 336 539 ipso
365 483 509 538 capite
531 494 567 522 v.
592 480 661 524 15.
684 479 782 534 (ubi
803 494 841 522 v.
867 482 977 535 not.)
1000 481 1193 523 homines
1214 481 1437 534 adoptione
1459 480 1545 523 Dei

62 541 184 583 filios
210 538 407 581 redditos
432 552 554 587 esse,
587 538 661 593 qui
684 537 841 579 naturai
870 550 952 578 non
979 537 1183 588 fuissent,
1215 537 1422 577 indicavit
1443 541 1540 579 tan-

62 603 240 654 tamque
263 594 431 639 Christi
455 594 724 652 majestatem
749 608 845 635 esse
877 593 1047 646 docuit,
1085 599 1288 650 quantam
1315 594 1357 634 in
1381 599 1542 634 morta-

62 654 151 702 les,
186 667 295 710 quos
330 652 450 694 Deus
483 653 524 694 in
556 650 670 692 tilios
702 650 1004 707 adoptaverit,
1045 651 1199 693 cadere
1232 664 1354 691 nemo
1381 648 1543 692 dixerit:

63 708 184 753 Phil.
204 710 247 762 2,
262 711 304 752 6.
325 723 423 765 sqq.
445 708 540 752 Col.
558 710 594 758 l,
612 707 678 749 15.
700 721 816 764 sqq..
877 706 965 761 Qui
996 722 1138 749 vocem
1167 706 1286 750 ἰδίου
1323 708 1542 763 pondero·

62 781 155 809 sam
182 780 279 808 esse
301 769 624 816 concesserunt,
648 764 918 817 distinguere
941 779 1034 806 eam
1048 763 1270 808 Christum
1285 764 1339 804 ab
1359 763 1540 820 adopta-

62 824 123 866 tis
147 823 231 864 Dei
262 822 366 864 liliis
397 827 635 874 negarunt,
675 835 765 862 rem
798 835 880 861 nou
915 821 1032 862 clare
1054 822 1212 862 animis
1234 820 1540 864 informarunt.

63 880 139 923 Sic
161 879 316 921 Rueck.
337 879 431 920 voci
454 878 572 920 ἰδίου
596 877 673 918 boc
694 877 861 934 pondus
883 877 1064 920 subesse
1085 876 1332 920 contendit:
1362 877 1437 933 qui
1458 893 1538 919 suo

63 937 165 979 adeo
195 935 285 976 lilio
318 949 399 976 non
435 933 681 992 pepercerit
699 935 759 987 ,(i.
792 949 829 976 e.
860 931 955 988 ἷίςγε
983 935 1056 975 καὶ
1083 936 1163 976 τοῦ
1191 931 1310 975 ἰδίου
1337 932 1434 974 υὶοῦ
1457 934 1537 975 οὐκ

62 990 320 1048 ε’φείσατο)ἒ
382 991 584 1044 Ille-‘serus
614 997 757 1032 autem
791 987 910 1032 ἰδίου
934 990 1127 1031 additum
1150 1004 1248 1032 esse
1273 1005 1357 1045 quo
1378 991 1540 1032 fortius

61 1049 227 1090 amoris
263 1064 285 1089 a
321 1047 413 1089 Deo
447 1047 658 1090 declarati
699 1046 951 1102 magnitudo
991 1048 1314 1104 exprimeretur
1354 1048 1538 1103 putavit.

63 1104 285 1148 Nimirum
315 1106 393 1146 boc
424 1120 507 1146 uuo
529 1106 773 1145 sententiae
803 1103 971 1160 pondus
995 1104 1198 1145 accedere
1222 1108 1391 1159 potest,
1423 1103 1540 1159 quod

61 1162 189 1204 Deus
211 1162 250 1203 ei
271 1176 353 1203 non
377 1161 638 1218 pepercerit,
669 1160 743 1216 qui
768 1176 848 1202 non
875 1167 918 1200 ut
944 1161 1137 1202 homines
1161 1161 1200 1200 in
1225 1161 1338 1201 lilios
1358 1160 1541 1215 adopta-

63 1219 123 1270 ti,
152 1218 227 1260 sed
246 1219 372 1273 plane
390 1233 492 1260 suus
514 1217 632 1258 lilius
657 1220 716 1257 sit
740 1218 766 1259 i.
789 1233 852 1267 e.,
885 1223 931 1265 ut
957 1216 1004 1260 Ρ.
1024 1218 1209 1258 formula
1234 1216 1382 1268 docet,
1413 1224 1541 1258 natu-

64 1275 114 1318 rat
147 1290 291 1316 secum
323 1275 472 1316 intime
492 1274 687 1333 junctus.
721 1272 798 1315 οἰκ
820 1271 1049 1329 ἐφείσατο]
1082 1274 1153 1330 qui
1180 1274 1342 1330 quidem
1363 1288 1435 1314 Suo
1448 1272 1542 1326 filio

62 1346 159 1374 non
191 1332 506 1387 pepercerit
541 1332 568 1373 i.
599 1346 638 1373 e.
671 1345 750 1371 nou
783 1331 937 1370 acerba
971 1335 1013 1371 et
1034 1331 1126 1371 dira
1151 1344 1172 1370 a
1200 1345 1278 1370 sno
1302 1330 1392 1370 lilio
1413 1344 1540 1370 aver-

63 1389 184 1432 terit.
245 1388 312 1431 Cf.
346 1389 508 1433 (iones.
527 1388 598 1435 22,
621 1388 685 1428 12.
719 1388 789 1427 νῦν
815 1384 1070 1441 ;*c{r(›}';1v‹1)21,
1103 1387 1170 1426 ὅτι
1193 1388 1310 1442 φοβῇ
1334 1385 1408 1426 τὸν
1429 1384 1540 1427 θεὸν

65 1443 120 1487 σὺ
139 1446 213 1487 καὶ
233 1441 311 1487 οὐκ
333 1442 498 1498 ἐφείσω
520 1442 599 1485 τοῦ
619 1440 717 1484 υἱοῦ
737 1457 818 1483 σου
837 1442 916 1484 τοῦ
931 1441 1160 1499 ἀγαπητοῦ
1180 1444 1222 1483 δι
1237 1441 1343 1494 ’ἐμὲ
1373 1443 1400 1481 2
1419 1441 1541 1487 Petr.

63 1503 106 1554 2,
127 1503 170 1545 4.
201 1506 244 1543 et
279 1500 428 1544 Jt'etst.
459 1500 511 1540 ad
546 1501 587 1543 h.
619 1501 666 1543 l..
729 1499 858 1540 Multi
901 1498 1081 1540 Paulum
1117 1499 1169 1539 ad
1205 1500 1539 1549 Genes.22,12.

63 1559 273 1601 allusisse
288 1558 469 1598 creduut
484 1558 650 1611 (Grai-z
681 1555 839 1611 „Quod
866 1556 906 1596 iu
925 1558 960 1598 A
975 1557 1178 1597 brabamo
1198 1557 1369 1610 siguum
1392 1557 1537 1597 fuerat

64 1616 227 1657 amoris
264 1616 305 1656 in
342 1614 484 1655 Deum
520 1614 682 1656 Geues.
714 1614 896 1664 22‚12.,
944 1612 986 1653 id
1020 1614 1061 1653 in
1088 1613 1179 1653 Deo
1212 1614 1384 1667 signum
1407 1613 1541 1654 bene-

67 1673 284 1714 volentiae
305 1671 347 1712 in
371 1671 648 1724 homines.”).
680 1669 810 1712 Male.
876 1668 1049 1710 Usitata
1081 1676 1145 1711 est
1167 1670 1279 1710 enim
1302 1674 1345 1709 et
1366 1683 1473 1724 quae
1495 1683 1543 1710 se

64 1727 207 1771 Paulo
240 1729 309 1769 hic
338 1728 453 1769 ultro
477 1727 655 1769 oll'erret
682 1726 881 1783 loquutio
912 1723 1154 1779 φείδεσθαί
1182 1741 1299 1775 τινος
1327 1725 1545 1780 (Rueck).

70 1783 303 1827 Praeterea
324 1785 360 1824 si
385 1799 488 1825 suae
508 1784 800 1840 disputationi
831 1782 998 1840 pondus
1024 1782 1280 1841 adjecturus
1302 1782 1542 1824 lectoribus

66 1841 191 1883 illum
223 1842 254 1884 l.
283 1842 326 1882 in
358 1842 605 1881 memoriam
631 1840 829 1892 redigere
852 1840 1074 1890 voluerat,
1114 1840 1172 1880 ita
1197 1853 1284 1879 rem
1307 1839 1542 1880 instituere

68 1897 302 1949 debuerat,
344 1904 391 1938 ut
421 1897 486 1938 illi
516 1911 566 1937 eo
601 1897 760 1952 respici
797 1896 1047 1947 intelligere
1089 1901 1283 1951 possent.
1350 1894 1542 1937 Omnino

68 1953 254 1997 Paulum
285 1954 407 1994 illum
437 1954 576 1994 locum
611 1953 788 2008 oblique
824 1953 1026 2005 tetigisse
1052 1951 1308 1993 incredibile
1338 1957 1406 1993 est
1436 1966 1541 2008 pro-

67 2016 219 2068 pterea
236 2043 247 2061 ,
278 2008 390 2066 quod
411 2010 554 2051 animo
578 2009 852 2050 vehementer
875 2012 1087 2049 commoto
1107 2023 1169 2050 vs,
1191 2009 1247 2049 31
1262 2008 1397 2050 -39.
1430 2008 1542 2050 scri-

104 2067 178 2110 sit.
239 2065 419 2108 Poterat
444 2066 535 2121 Ap.
558 2065 702 2106 verbis
733 2066 830 2117 ὃςγε
851 2080 887 2105 τ.
919 2062 958 2119 ἰ..
981 2080 1018 2104 υ.
1047 2079 1083 2105 o.
1111 2061 1323 2119 ἐφείσατο
1345 2063 1543 2118 defungi.

68 2083 184 2167 litam
205 2137 299 2164 eum
323 2123 373 2162 de
395 2122 561 2165 Christi
585 2129 744 2171 morte,
772 2121 856 2176 qua
889 2121 1025 2177 pestis
1048 2119 1102 2160 ab
1123 2120 1370 2161 hominibus
1390 2121 1543 2174 abige-

68 2187 207 2232 retur,
222 2179 340 2235 loqui
357 2193 479 2220 nemo
492 2193 571 2220 uon
589 2177 871 2235 percepisset.
903 2176 988 2219 Sed
1004 2177 1180 2233 pietatis
1193 2191 1323 2218 sensu
1336 2178 1541 2233 perfusus

68 2240 114 2280 in
134 2237 268 2278 divini
293 2236 454 2277 amoris
466 2236 727 2290 cogitatione
750 2235 916 2275 diutius
938 2234 1191 2275 immoratur
1211 2233 1404 2289 dicitque
1426 2233 1544 2290 quod

70 2294 248 2348 neganti
279 2294 521 2334 sententiae
553 2292 801 2344 illigaverat
823 2292 950 2332 etiam
985 2304 1061 2346 per
1090 2290 1423 2332 affirmationem
1449 2287 1541 2331 ἀλλ’

68 2346 186 2406 ὑπὲρ
199 2350 300 2391 κτλ..
346 2349 491 2393 Ιῖσὶι·1ι.
508 2363 544 2393 v.
560 2341 920 2401 c}).2.²1‘⁷:c:391‘7,u.7r.
937 2363 981 2388 ῖτ.
1004 2363 1043 2387 α.
1067 2346 1260 2387 addenda
1285 2347 1423 2389 fuisse
1441 2360 1543 2388 cen-

71 2412 155 2458 set,
183 2406 345 2463 nequis
358 2407 567 2448 rationem
582 2405 855 2446 concluderet
876 2410 920 2444 ut
940 2404 1099 2445 Brutus
1113 2404 1225 2460 apud
1245 2403 1374 2445 Dion.
1389 2404 1475 2445 Hal
1498 2403 1544 2456 5,

73 2464 143 2506 10.
176 2460 333 2504 ἔπειτα
354 2462 435 2516 ἐγώ
461 2464 541 2503 τῶν
560 2459 674 2514 ἐμῶν
693 2459 1021 2515 οὖφεισόμενος
1038 2459 1195 2501 τέκνου·
1219 2461 1300 2500 σοῦ
1313 2458 1542 2513 φείσομαι,

70 2519 338 2569 ’Κολλατῖιέ;
371 2521 434 2562 At
460 2520 600 2560 Deum
621 2533 702 2559 non
727 2518 1002 2558 utbominum
1024 2517 1118 2557 neci
1138 2516 1434 2572 praefinierat,
1463 2517 1543 2556 sed

74 2581 124 2617 ut
145 2580 307 2631 pestem
321 2576 374 2616 ab
388 2576 635 2617 homiuibus
656 2573 897 2629 depelleret
918 2587 1041 2613 suum
1057 2573 1191 2613 lilium
1207 2572 1258 2613 ad
1278 2572 1542 2629 supplicium

75 2631 250 2674 dedisse
264 2633 500 2674 lectoribus
515 2631 913 2688 exploratissimum
934 2644 1032 2670 esse
1053 2628 1217 2671 debuit.
1249 2624 1361 2681 ὑπὲρ
1387 2624 1454 2684 '53¹‘-
1472 2631 1542 2683 w]

75 2701 162 2730 non
186 2702 262 2742 pro
279 2690 467 2730 omnibus
484 2687 719 2730 hmm‘nibus
740 2688 923 2741 (ΗΜΛ),
952 2687 1026 2727 sed
1044 2699 1121 2738 pro
1140 2685 1256 2727 nobis
1271 2716 1283 2736 ‚
1311 2686 1380 2740 qui
1405 2686 1542 2726 Deum

75 2744 326 2799 diliqamns‚
363 2759 434 2786 om
449 2746 604 2786 ,uibus
637 2745 665 2785 i.
688 2759 726 2786 e.
750 2742 927 2798 judaeis
961 2742 1164 2798 paganis,
1202 2742 1343 2783 servis
1374 2742 1545 2791 liberis,

74 2800 288 2841 divitibus
318 2802 609 2858 pauperibus,
649 2800 916 2854 ignobilibus
948 2799 1182 2839 nobilibus.
1249 2797 1360 2839 Nam
1383 2796 1434 2836 de
1459 2797 1545 2852 piis

78 2856 345 2899 Christianis
367 2856 419 2901 P.
441 2863 532 2899 toto
556 2855 793 2912 l.disputat
814 2871 854 2900 ν.
878 2857 998 2899 5328.
1009 2856 1078 2897 31.
1093 2853 1246 2899 33.35.
1259 2868 1357 2910 sqq.
1391 2852 1541 2895 Verba

123 2924 312 2960 Frilzsclic
334 2924 402 2970 Ep.
425 2925 466 2959 ad
486 2924 593 2958 Rom.
619 2923 658 2959 P.
682 2924 724 2958 ll.
1070 2909 1110 2951 Ο
