1715 3115
576 474 1125 568 PRAEFATIO.

105 701 291 792 Quum
310 736 491 790 primum
511 734 642 787 hujus
676 733 985 788 commentarii,
1027 746 1110 788 quo
1129 733 1256 776 Pauli
1288 733 1515 789 epistolam
1545 737 1600 777 ad

108 803 332 845 Romanos
361 803 644 855 illustrarem,
681 801 885 841 volumen
915 800 1088 842 ederem
1117 814 1187 842 me
1213 802 1459 843 inchoatum
1489 816 1600 858 opus

106 870 305 924 perbrevi
341 877 536 923 tempore
574 868 869 910 absoluturum
908 879 1011 908 esse
1051 868 1266 910 declaravi
1308 871 1358 911 Τ.
1389 870 1422 911 1.
1451 884 1491 924 p.
1521 872 1598 914 VI.

106 938 213 979 Hui!
247 936 460 988 Quattuor
482 938 574 978 sere
595 936 692 977 anni
712 936 763 975 ab
787 933 869 975 haic
888 934 985 975 mea
1011 935 1296 977 affirmatione
1328 938 1600 979 intercesse-

106 1010 204 1046 runt
242 1005 488 1058 priusquam
530 1003 767 1044 secundum
808 1002 1011 1042 volumen
1051 1004 1269 1056 publicare
1303 1006 1406 1046 mihi
1437 1006 1602 1061 liceret,

106 1084 236 1125 quum
259 1084 342 1125 ego
360 1072 539 1112 totidem
564 1070 786 1111 mensibus
816 1070 1021 1123 reliquam
1047 1071 1204 1111 laboris
1233 1078 1399 1124 partem
1426 1074 1600 1114 exhau-

106 1140 174 1179 riri
192 1151 328 1192 posse
348 1137 641 1179 credidissem.
703 1137 840 1191 Cujus
860 1144 1004 1178 tantae
1024 1143 1199 1191 tamque
1217 1139 1478 1192 improvisae
1498 1153 1599 1182 mo-

106 1219 180 1247 rae
198 1217 333 1246 causa
352 1218 404 1246 eo
424 1205 566 1258 magis
595 1205 697 1245 mihi
726 1204 946 1245 afferenda
976 1211 1067 1259 est,
1107 1217 1194 1259 quo
1220 1207 1361 1247 minus
1395 1220 1491 1248 eam
1522 1208 1601 1250 viri

107 1273 258 1314 doctae
280 1273 479 1314 librorum
504 1285 724 1313 sacrorum
742 1273 1100 1325 interpretationis
1123 1274 1277 1315 studiis
1303 1274 1434 1315 dediti
1461 1287 1601 1331 aequo

106 1342 244 1382 animo
265 1341 375 1382 ferre
395 1339 622 1394 visisunt,
664 1340 734 1393 qui
753 1339 1014 1392 promissum
1045 1341 1119 1381 otii
1145 1341 1230 1382 mei
1257 1340 1442 1383 fructum
1470 1351 1601 1398 post-

106 1421 232 1462 quam
253 1408 347 1449 dies
370 1407 535 1447 exierat
553 1407 707 1460 partim
727 1406 921 1448 dolenter
942 1407 1261 1463 desiderarunt,
1288 1410 1438 1464 partim
1464 1413 1601 1454 amice

106 1476 362 1530 flagitarunt.
423 1473 539 1514 Nam
562 1486 713 1527 quum,
744 1486 798 1513 ne
818 1474 947 1514 nimia
965 1475 1057 1516 libri
1079 1477 1164 1517 mei
1191 1477 1438 1532 magnitudo
1465 1478 1602 1536 fieret,

105 1556 176 1585 me
197 1544 337 1584 minus
358 1540 562 1596 impedita
580 1542 823 1582 ultimorum
845 1541 1032 1595 capitum
1062 1544 1157 1585 loca
1187 1545 1340 1598 paucis
1371 1547 1600 1599 expositu-

105 1621 200 1652 rum
222 1623 325 1651 esse
355 1610 381 1649 l.
410 1622 448 1650 c.
479 1607 711 1663 dixissem,
748 1610 948 1663 permulti
975 1623 1068 1665 me,
1104 1611 1146 1651 in
1179 1611 1247 1652 his
1276 1612 1357 1651 viri
1383 1611 1601 1656 doctrinae

106 1679 303 1735 ubertate
323 1678 655 1731 meritorumque
680 1676 944 1730 praestantia
973 1679 1266 1733 excellentes,
1304 1685 1351 1720 ut
1379 1678 1463 1733 qua
1488 1684 1599 1725 sub-

109 1746 259 1786 tilitate
277 1751 322 1786 et
342 1744 562 1799 diligentia
581 1758 664 1786 sex
684 1746 821 1799 prima
840 1746 1042 1799 egregiae
1065 1746 1274 1798 epistolae
1295 1747 1435 1799 capita
1455 1752 1600 1804 expli-

113 1823 312 1864 cassem,
344 1811 496 1853 eadem
520 1819 667 1853 cetera
693 1825 863 1867 quoque
889 1814 1127 1867 aequaliter
1155 1819 1417 1866 pertractare
1444 1819 1600 1861 stude-

110 1890 200 1918 rem
220 1878 393 1930 publice
413 1880 695 1932 privatimque
725 1881 940 1921 adhortati
971 1887 1085 1921 sunt.
1141 1879 1286 1921 Nefas
1317 1882 1429 1923 enim
1457 1884 1600 1928 duxe-

110 1951 205 1985 runt
228 1945 300 1984 vel
321 1945 537 1985 minimum
559 1945 612 1985 de
634 1946 734 1987 cura
754 1948 795 1986 in
822 1960 970 1987 eorum
1000 1948 1188 2000 capitum
1219 1950 1491 2002 expositione
1522 1969 1600 1997 re-

109 2013 241 2066 mitti,
273 2013 425 2065 quibus
446 2024 517 2051 res
542 2013 862 2053 continerentur
886 2013 1071 2054 maxima
1089 2014 1387 2067 disputationis
1413 2028 1600 2063 conten-

113 2079 230 2120 tione
266 2091 291 2118 a
322 2079 559 2133 Theologis
587 2092 699 2119 nunc
725 2079 863 2132 ipsum
894 2080 1102 2134 vestigari
1124 2069 1300 2123 solitae.
1368 2083 1528 2141 Neque
1561 2092 1603 2133 jn

112 2144 385 2199 paraenetica
416 2145 624 2198 epistolae
652 2154 795 2200 parte,
835 2148 876 2187 in
907 2146 990 2200 qua
1019 2149 1150 2188 multo
1179 2150 1430 2207 pauciores,
1475 2167 1602 2209 quam

113 2214 155 2253 in
173 2212 426 2266 dogmaticis
448 2225 557 2265 quac
579 2213 843 2266 praecedunt
864 2214 987 2255 Pauli
1018 2214 1375 2267 disputationibus
1405 2222 1603 2267 salebrae

115 2282 392 2331 interpretem
413 2280 593 2320 retinere
614 2281 911 2336 crederentur,
941 2282 1029 2322 levi
1047 2282 1220 2323 brachio
1240 2286 1459 2339 negotium
1481 2303 1508 2331 a
1533 2305 1604 2335 me

115 2347 188 2400 agi
218 2346 324 2386 satis
358 2353 522 2386 rectum
554 2360 656 2388 esse
687 2348 946 2403 docuerunt,
984 2355 1028 2389 et
1062 2350 1161 2402 quia
1185 2351 1300 2391 illam
1327 2358 1490 2398 tantum
1520 2373 1603 2402 non

117 2424 267 2453 omnes
297 2413 555 2466 interpretes
584 2415 797 2456 laboriosa
826 2415 1103 2456 difficillimae
1139 2417 1352 2460 literarum
1379 2421 1604 2468 Paullina-

120 2493 210 2520 rum
232 2481 365 2533 partis
386 2482 640 2522 tractatione
660 2483 882 2536 defatigati
902 2484 1006 2522 mire
1028 2484 1351 2540 neglexissent,
1380 2495 1501 2545 turpe
1518 2507 1603 2535 au-

122 2554 208 2588 tem
232 2554 355 2589 esset
376 2549 446 2601 qui
468 2550 508 2588 in
530 2552 685 2591 ceteris
706 2552 896 2604 partibus
916 2552 1136 2605 stetisset,
1166 2565 1264 2593 eum
1282 2560 1481 2608 tauquam
1506 2574 1604 2602 ma-

112 2624 210 2663 1um
233 2621 419 2655 actorem
441 2617 480 2656 in
500 2625 693 2659 extremo
714 2626 812 2660 actu
835 2631 1054 2671 corruere,
1084 2626 1127 2660 et
1146 2621 1343 2673 quoniam
1364 2623 1405 2662 in
1423 2624 1494 2666 illa
1513 2627 1608 2681 ipsa

123 2681 335 2735 epistolae
357 2690 500 2737 parte,
531 2686 655 2738 cujus
675 2685 875 2739 expedita
891 2685 996 2726 ratio
1016 2687 1148 2740 vulgo
1176 2688 1487 2747 celebraretur,
1521 2696 1605 2736 ali-

126 2754 229 2803 quot
263 2747 462 2790 disficiles
504 2753 603 2793 nodi
633 2754 933 2794 invenirentur.
1002 2755 1171 2808 Impulit
1196 2756 1380 2798 animum
1408 2759 1608 2817 virorum,

129 2828 239 2870 quos
259 2822 385 2871 prout
402 2819 536 2862 meriti
569 2828 721 2863 essent
745 2822 914 2863 maximi
941 2823 1168 2864 aestimare
1195 2822 1417 2881 deberem,
1456 2841 1609 2872 nomen
