1715 3115
425 176 583 224 CAP.
614 174 785 220 v111.
815 175 910 221 Vs.
943 177 1021 221 10.
1051 181 1104 220 et
1134 178 1230 223 11..
1480 178 1565 220 123

95 306 133 335 s.
152 287 300 332 vitalis
320 290 414 339 est,
439 284 644 342 quoniam
667 283 962 337 integritatem
979 284 1241 340 consequuti
1263 284 1397 328 estis:
1425 300 1464 328 v.
1488 300 1562 327 su-

128 349 212 400 ra).
272 344 491 388 Grot.:--
520 340 841 399 praviati'eotus
860 343 925 394 (h.
945 355 984 384 e.
1005 336 1028 398 ἦ
1049 338 1181 396 σάρξ,
1214 356 1296 383 uon
1328 340 1376 383 τὸ
1413 345 1563 395 σῶμα)

96 401 375 446 intermortui
402 406 505 441 sunt
531 403 707 453 propter
728 403 946 450 peccatum
967 398 1019 452 (i.
1039 412 1080 440 e.
1108 403 1154 439 nt
1180 403 1401 452 peccatum
1431 400 1563 440 erite-

95 459 210 510 turl)
253 458 441 514 spiritus
472 455 562 497 div.
584 455 698 496 vitae
717 467 848 494 causa
873 459 968 505 est,
999 455 1098 510 quia
1114 455 1336 512 justitiam
1366 456 1409 496 in
1439 455 1566 497 vobis

96 519 305 574 operatur
324 513 513 555 divinam
535 516 598 566 (v.
621 512 791 566 supra).

210 572 270 614 V.
297 572 365 613 11.
427 569 600 612 Nexus:
632 567 833 609 stantem
853 566 968 618 Dei,
1000 567 1072 622 qui
1093 566 1243 610 Jesum
1276 568 1391 609 vitae
1421 568 1567 610 reddi-

98 627 188 680 dit,
236 627 423 684 spiritus
455 626 499 666 in
528 623 652 666 vobis
682 623 874 676 habitat,
923 625 1185 679 sperandum
1218 631 1309 676 est,
1357 625 1474 676 sore,
1518 631 1568 668 ut

99 685 270 728 Christi
299 685 343 725 in
376 684 511 723 vitam
539 681 774 723 restitutor
810 680 895 735 quai
933 681 1021 721 vita
1062 694 1173 722 nunc
1200 681 1334 722 animi
1360 682 1569 724 fruuntur

99 755 195 784 eam
226 739 486 782 mortalibus
515 751 687 795 quoque
717 736 961 791 corporibus
986 737 1148 778 vestris
1192 737 1432 794 impertiat.
1500 738 1568 783 Δέ-

100 813 231 855 saepe
262 812 303 840 v.
330 796 359 839 8
378 821 431 828 —
455 797 524 839 10.
556 795 759 837 iteratum
790 792 834 837 h.
862 793 894 836 l.
923 798 1066 834 autem
1093 793 1304 837 declarat.
1369 794 1470 837 Non
1499 803 1570 839 est:

100 858 181 896 τοῦ
200 852 449 908 ἐγείραντος
471 852 703 894 Genitivus
721 863 776 906 ap
811 848 1036 892 ositionis:
1068 864 1190 891 mens
1213 851 1297 892 Dei
1318 851 1348 896 i.
1370 867 1409 896 e.
1431 867 1569 905 mens,

102 911 248 954 Deum
277 910 374 951 dico
405 910 480 965 qui
501 934 553 939 —
572 907 748 960 (Reich.
800 907 872 949 oh.
899 906 1070 960 4,24.)‚
1111 906 1188 948 sed
1218 908 1289 949 hic
1316 923 1488 965 quoque
1516 912 1567 954 τὸ

103 966 277 1019 πνεῦμα
295 967 494 1019 spiritum
514 980 545 1005 s.
567 964 744 1005 denotat
763 967 826 1019 (v.
845 965 926 1015 9.).
985 962 1101 1005 Sane
1120 964 1163 1005 in
1187 979 1238 1006 eo
1261 965 1348 1008 div.
1382 967 1571 1024 spiritus

104 1024 300 1075 habitat,
330 1023 372 1062 in
399 1037 483 1078 quo
506 1021 673 1064 Christi
694 1035 814 1062 mens
834 1020 942 1061 insit
961 1019 1022 1072 (v.
1052 1025 1142 1064 not.
1164 1021 1218 1062 ad
1246 1036 1285 1066 v.
1315 1024 1420 1074 10.).
1480 1024 1572 1069 Sed

105 1086 155 1122 ut
176 1078 215 1122 εἱ
239 1081 284 1122 δὲ
306 1077 355 1119 τὸ
376 1080 548 1130 πνεῦμα
571 1079 650 1119 τοῦ
680 1075 928 1132 ἐγείραντος
951 1075 997 1119 Ἰ.
1025 1075 1060 1120 ἑ.
1086 1093 1146 1126 ν.,
1188 1092 1271 1119 ηοη
1303 1077 1342 1121 εἰ
1371 1080 1419 1123 δὲ
1446 1082 1572 1136 Χρι-

105 1135 211 1186 στὸς
241 1135 286 1178 ἐν
313 1132 415 1187 ὑμῖν
445 1137 536 1193 Ap.
568 1134 807 1184 scriberet,
851 1136 1171 1188 argumentatio
1210 1150 1338 1191 quam
1378 1136 1571 1184 initurus

105 1199 202 1235 erat
219 1192 477 1249 postulavit.
533 1191 646 1234 Nam
670 1205 800 1247 quum
822 1204 907 1231 non
929 1190 1015 1231 nisi
1037 1205 1203 1245 eorum,
1234 1192 1276 1233 in
1299 1193 1459 1248 quibus
1481 1195 1572 1242 div.

108 1251 293 1308 spiritus
312 1250 555 1301 habitaret,
585 1262 772 1304 corpora
790 1261 814 1288 a
838 1247 935 1289 Deo
956 1248 1032 1303 qui
1061 1249 1147 1290 sibi
1175 1254 1376 1291 constare
1407 1252 1574 1299 soleret

108 1308 153 1350 in
176 1306 306 1348 vitam
329 1306 507 1348 restitui
527 1305 785 1356 sumsisset,
822 1304 884 1346 ita
912 1304 1123 1347 lectorum
1151 1307 1410 1363 corporibus
1438 1309 1574 1355 vitam

108 1363 259 1415 reddi,
289 1364 329 1405 si
349 1364 393 1404 in
416 1363 508 1405 illis
528 1360 874 1404 constantissimi
891 1362 1081 1404 numinis
1101 1363 1286 1419 spiritus
1305 1363 1575 1412 domicilium

109 1419 677 1468 constituissettconclusif.
743 1418 921 1474 Optime
957 1419 1090 1460 etiam
1132 1420 1211 1461 hac
1250 1421 1576 1479 circumloquu-

109 1479 229 1521 tione
251 1492 358 1519 usus
381 1482 465 1529 est,
488 1483 535 1519 ut
553 1475 632 1518 τοῦ
652 1473 900 1530 ἐγείραντος
916 1471 1082 1531 Ἰησοῦν
1102 1474 1149 1518 ἐκ
1167 1479 1326 1530 νεκρῶν
1345 1485 1388 1520 et
1411 1478 1434 1519 ὁ
1456 1479 1575 1538 ἐγεί-

109 1549 192 1590 ρας
209 1533 285 1575 τὸν
306 1536 392 1590 Χρ.
415 1532 448 1576 ἒ.
469 1550 504 1575 ν.
533 1534 699 1576 diceret
727 1535 856 1587 (Act.
884 1532 926 1584 3,
941 1533 1008 1576 15.
1039 1533 1161 1583 5,30.
1183 1534 1332 1586 13‚37.
1362 1538 1384 1577 1
1407 1536 1510 1584 Cor.
1531 1542 1575 1594 6,

113 1592 189 1635 14.
210 1591 238 1632 2
257 1591 358 1634 Gor.
376 1590 552 1644 4,14.)‚
589 1604 673 1632 non
703 1589 966 1646 simpliciter
992 1589 1072 1632 τοῦ
1099 1592 1212 1632 θεοῦ
1239 1596 1283 1633 et
1307 1591 1330 1635 ὁ
1361 1591 1473 1645 θεός
1501 1611 1578 1638 ex·-

111 1652 276 1691 araret.
342 1646 512 1703 Nempe
541 1646 832 1698 constantiae,
882 1660 992 1702 quae
1021 1646 1066 1689 in
1095 1647 1192 1689 Deo
1225 1649 1308 1702 sit,
1349 1651 1577 1708 cogitatio,

114 1705 317 1761 quoniam
341 1705 392 1746 ea
412 1703 733 1760 argumentatio
756 1703 938 1756 nititur,
967 1703 1012 1744 in
1031 1704 1242 1746 lectorum
1271 1707 1430 1751 animis
1460 1711 1579 1754 exci-

115 1760 247 1803 tanda
270 1765 366 1802 erat
392 1763 454 1816 (v.
484 1761 636 1812 infra).
695 1759 831 1802 Recte
861 1767 1005 1802 autem
1038 1760 1152 1816 quod
1174 1761 1298 1804 Deus
1327 1765 1475 1822 aliqua
1506 1783 1580 1810 ra..

112 1818 234 1860 tione
256 1823 397 1859 motus
419 1819 461 1858 in
483 1832 570 1859 uno
590 1817 765 1869 fecerit,
795 1815 908 1859 idem
932 1817 976 1858 in
999 1818 1103 1860 aliis
1125 1833 1297 1875 quoque
1319 1836 1444 1875 eum,
1474 1826 1579 1881 quia

116 1888 262 1917 secum
285 1874 381 1939 ipse
401 1874 651 1927 conveniat,
687 1873 836 1915 eadem
863 1874 1033 1915 ratione
1060 1874 1293 1918 adductum
1322 1877 1578 1925 effecturum

116 1945 216 1973 esse
242 1930 485 1972 existimes.
541 1929 616 1971 τὸν
637 1927 855 1986 Χριστόν]
893 1928 970 1972 τὸν
992 1927 1200 1986 Ἰησοῦν
1227 1934 1308 1978 Mt.
1341 1935 1382 1978 b.
1400 1936 1530 1982 Harl.
1552 1940 1580 1967 ᾳ

118 1988 225 2043 Cyr.
246 1987 373 2030 Hier.
404 1986 599 2028 Tertull.
625 1984 679 2026 de
710 2000 877 2030 resurr.
906 2001 944 2029 c.
978 2000 1017 2031 c.
1046 1988 1118 2033 35.
1146 1989 1447 2038 Ambrosiast.
1473 1996 1480 2050 Ι
1505 1995 1582 2038 τὸν

119 2047 321 2098 λ’ριστον
345 2041 560 2098 Ἰησοῦν
584 2042 642 2084 Α.
665 2042 723 2085 D.
746 2042 799 2066 Μ
822 2044 894 2086 31.
922 2043 994 2086 37.
1019 2043 1092 2086 47.
1121 2046 1191 2087 73.
1223 2046 1282 2089 lt.
1309 2049 1368 2093 al.
1395 2050 1580 2098 Lachm.

120 2098 319 2155 Χριστὸν
343 2097 560 2154 siquos-r}
629 2099 695 2141 At
716 2096 850 2150 Cdd.‚
888 2113 998 2154 quos
1029 2108 1240 2156 sequutus
1269 2111 1360 2158 est,
1398 2109 1584 2151 Articu-

118 2159 209 2201 lum
230 2157 452 2199 continere
479 2155 699 2200 dicuntur.
779 2157 785 2209 Ι
816 2155 953 2211 Vulg.
972 2153 1066 2200 PP.
1093 2159 1172 2203 lat.
1201 2159 1345 2203 Jesum
1368 2163 1581 2209 Christum

179 2212 230 2258 C.
253 2209 303 2255 ἐκ
320 2213 480 2266 νεκρῶν
495 2208 663 2266 Ἰησοῦν
683 2209 880 2267 Χριστόν
906 2217 912 2268 ι
936 2211 1011 2254 τὸν
1030 2211 1180 2270 κύριον
1199 2215 1279 2260 Mt.
1300 2232 1338 2263 c.
1361 2219 1580 2279 d.Chrys,

178 2268 254 2311 τὸν
276 2265 430 2323 κύριον
451 2264 569 2324 ἡμῶν
596 2264 639 2311 Ἰ.
670 2270 755 2323 xp.
787 2268 890 2324 Syr.
923 2268 1049 2326 Erp..
1114 2271 1307 2316 Maxime
1335 2276 1478 2333 placet
1503 2279 1582 2322 zor

117 2325 351 2382 Ἰησοῦν,
398 2325 529 2366 lectio
560 2339 663 2365 sane
692 2326 898 2381 antiqua,
942 2326 1027 2382 quai
1067 2325 1119 2373 P.
1158 2334 1579 2385 argumentationem

123 2382 292 2424 acuerit
317 2381 560 2437 (praecedit
591 2381 704 2422 enim
730 2379 932 2438 Ἰησοῦν).
1001 2383 1068 2427 Cf.
1103 2387 1126 2426 l
1156 2385 1320 2433 Thess,
1348 2390 1475 2442 4314,
1508 2394 1580 2439 15·

123 2440 154 2482 2
171 2437 273 2481 Cor.
293 2439 336 2490 4,
351 2439 568 2482 10—14..
644 2437 879 2480 Praeterea
908 2439 1082 2481 minime
1110 2440 1315 2500 displicet
1338 2447 1434 2489 τὸν
1458 2451 1558 2505 Χρι,

125 2492 231 2538 στὰν
254 2490 446 2551 Ἰησοῦν,
486 2508 615 2552 quam
644 2495 875 2537 formulam
903 2497 978 2552 qui
1005 2511 1183 2550 prorsus
1214 2499 1432 2546 damnavit
1451 2505 1561 2549 Goe-

69 2579 72 2581 -
125 2550 284 2605 dorfius
303 2552 433 2598 ffieitr.
456 2563 522 2606 δατ
541 2553 897 2605 Ερταῴὼαωξῐεῐ.
920 2568 962 2610 p.
981 2554 1052 2599 65.
1073 2569 1142 2610 sq.
1156 2588 1170 2609 ,
1205 2572 1297 2600 eam
1317 2561 1380 2602 sic
1403 2561 1558 2604 deibus

126 2622 282 2669 posse,
310 2614 359 2650 ut
379 2607 577 2664 Χριστὸς
598 2608 764 2666 Ἰησοῦς
793 2612 927 2652 multo
961 2624 1040 2652 usu
1069 2612 1111 2652 in
1142 2627 1269 2657 unum
1297 2631 1472 2659 numum
1491 2619 1559 2661 vi..

127 2664 267 2707 misse
293 2671 491 2717 statuas,
529 2678 614 2707 non
641 2667 867 2721 cogitavit.
933 2665 1002 2712 Cf.
1031 2667 1166 2727 soph.
1193 2670 1340 2715 Philet
1366 2674 1558 2718 consor-

130 2717 155 2763 ὁ
182 2722 313 2773 filesta„
333 2719 434 2777 ητὸς
462 2717 712 2776 Σισύφου
740 2723 1029 2777 Λαερτίου
1053 2731 1099 2766 et
1115 2727 1176 2768 ibi
1198 2729 1421 2783 Ηεματος.
1479 2730 1556 2774 lta

129 2775 206 2819 τὸν
224 2774 369 2831 X0.'1.
387 2791 439 2818 ex
457 2778 553 2821 Col.
572 2779 666 2829 2,6.
688 2780 782 2821 sino
804 2780 1049 2822 temeritate
1070 2785 1382 2839 expelbmmel.
1401 2789 1556 2844 (vulgo

132 2834 362 2886 sisci-ibae
383 2834 642 2887 turbarunt,
672 2838 772 2892 quia
798 2839 836 2882 A
849 2851 890 2894 [ν.
911 2837 962 2880 de
984 2837 1272 2890 industrdcum
1304 2846 1415 2888 male
1442 2846 1555 2888 cita-
