1715 3115
386 180 546 226 CAP.
578 177 674 223 XI.
709 178 800 225 Vs.
829 179 906 223 12.
940 178 1016 223 13.
1047 181 1100 221 et
1133 176 1231 222 14..
1468 175 1555 219 47⁵

77 288 286 331 daeorum
314 286 565 345 opulentia,
605 285 720 343 qnod
751 290 872 328 tanta
901 284 1053 341 populi
1074 282 1244 342 judaici
1268 281 1462 338 dignitas
1482 283 1558 334 sit,

79 351 129 388 ut
157 344 254 387 fieri
285 349 497 400 nequeat,
536 345 642 400 quin
668 342 764 403 ejus
789 343 1110 399 prosperitates
1131 355 1342 381 summam
1367 339 1554 380 beatita-

78 409 166 444 tem
201 401 385 459 paganis
417 401 616 458 pariant,
656 399 845 454 gentiles
867 399 963 455 ipsa
988 397 1198 438 felicitate
1223 397 1414 438 messinzi
1435 397 1556 438 locu-

80 458 293 516 pletabit,
325 456 400 498 sed
424 458 669 499 divinorum
690 455 971 497 consiliorum
994 455 1124 498 ratio.
1194 453 1308 496 Nam
1334 468 1465 509 quum
1490 453 1557 493 iu-

80 515 229 557 ‹lurati
249 513 407 559 Judaei
438 514 696 571 recuperata
722 513 928 554 libertate
956 525 1226 568 paganorum
1256 509 1383 551 tidem
1408 525 1557 550 aemu-

79 572 163 617 lati
194 572 382 624 fuerint,
421 579 560 614 totum
587 584 725 625 genus
747 570 979 611 humanum
1000 567 1055 608 ad
1079 567 1205 609 fidem
1227 567 1460 608 adductum
1485 581 1558 607 eo-

81 643 167 686 que
198 628 399 670 idoneum
427 629 537 680 erit,
576 626 691 684 quod
711 627 855 667 salute
878 625 1097 666 messiane
1120 625 1375 681 perfruatur
1405 627 1465 677 (v.
1486 623 1560 667 25.

81 687 154 730 26.
176 686 247 728 30.
268 687 378 738 31.).
427 684 517 729 Cur
539 684 678 739 igitur
699 688 788 725 tum
815 683 937 724 Dens
959 681 1192 723 beatitatis
1216 681 1460 722 messianae
1481 679 1559 720 do-

82 743 303 792 nationem
328 742 620 798 procrastinet
645 754 788 796 neque
808 739 1033 782 Christum
1059 738 1111 780 de
1133 739 1255 793 coelo
1277 738 1319 779 in
1341 746 1558 779 terrarum

82 799 230 842 orbem
253 800 374 841 ocius
396 799 556 840 reverti
580 792 758 839 hbeat?
810 796 1150 849 chrysostomus:
1191 794 1386 838 ἐνταῦθα
1418 793 1561 848 πρὸς

80 858 242 911 χάριν
280 851 430 905 αὐτοῖς
470 813 698 909 (Judlaeis)
735 854 1005 907 διαλέγεται·
1064 852 1138 894 καὶ
1167 850 1250 906 γὰρ
1283 849 1323 893 εἰ
1353 851 1562 903 μυριάκις

84 912 341 968 παρέπεσον
371 907 521 964 οὗτοι,
564 909 644 953 οὔκ
674 911 726 952 ἂν
759 907 912 965 ἐσώθη
942 908 996 950 τὰ
1027 906 1160 965 ἔθνη,
1207 907 1247 950 εἰ
1275 907 1335 963 μὴ
1369 906 1562 949 πίστιν

84 967 367 1017 ἐπεδείξατο,
414 967 641 1022 ὡςῑτεροῦν
667 964 709 1009 οὶ
735 964 945 1008 Ἰουδαῖοι
975 963 1052 1007 οὐκ
1082 961 1133 1006 ἂν
1164 961 1398 1006 ἀπώλοντο
1432 960 1471 1005 εἰ
1500 960 1557 1016 μὴ

86 1024 398 1081 ἠπίστησαν
430 1028 504 1067 καὶ
527 1021 888 1078 ἐφιλονείκησαν·
930 1018 1022 1064 ἀλλ’
1048 1018 1162 1078 ὅπερ
1185 1020 1322 1076 ἔφην,
1356 1035 1564 1074 παραμυ-

85 1085 238 1124 θεῖται
260 1079 422 1131 αὐτοῖς
441 1082 687 1135 κειμένους,
727 1078 775 1122 ἐκ
794 1078 1059 1134 περιουσίας
1080 1072 1429 1134 παρασκευάζων
1449 1075 1564 1131 ,9αρ-

86 1138 178 1192 (mlv
206 1135 321 1193 ὑπὲρ
349 1140 426 1193 τῆς
455 1136 676 1192 σωτηρίας
704 1134 848 1178 ada-1511
875 1133 915 1177 εἰ
941 1131 1229 1188 μετάθοιντο.
1291 1133 1409 1175 Vide
1431 1132 1564 1174 etiam

92 1194 474 1251 Theopleylcaectmn.
552 1193 686 1237 Pauli
732 1193 1156 1246 argumentationem
1208 1191 1412 1232 vitiosam
1465 1204 1567 1230 esse

87 1252 198 1294 bene
221 1251 363 1293 sensit
386 1251 557 1305 Chrys„
585 1250 664 1293 sed
692 1251 845 1293 vitium
875 1264 971 1291 eum
1001 1248 1235 1306 praeteriit
1266 1247 1415 1304 ibique
1445 1261 1568 1288 erro-

87 1323 180 1351 rem
203 1308 445 1365 quaesivit,
477 1309 550 1349 ubi
571 1308 720 1349 nullus
737 1321 863 1348 error
884 1321 906 1347 a
931 1305 980 1349 P.
1001 1306 1263 1347 commissus
1283 1313 1367 1347 est.
1427 1302 1568 1344 Vide-

88 1365 195 1408 licet
229 1380 369 1421 neque
394 1363 479 1419 side
510 1365 676 1408 Christo
702 1364 911 1419 cleneyam
932 1362 1127 1406 Judaeos
1159 1362 1320 1404 salutis
1344 1361 1567 1419 jacturam

88 1423 249 1466 fecisse
279 1436 417 1478 neque
440 1419 527 1475 fide
556 1436 650 1462 eam
679 1422 866 1463 salutem
895 1420 1085 1474 gentiles
1107 1419 1353 1461 obtinuisse
1377 1420 1469 1474 Ap.
1494 1431 1569 1458 ne-

91 1480 237 1535 gavit3
277 1479 389 1520 illud
413 1478 661 1531 contendit,
692 1477 851 1519 salutis
865 1475 1108 1534 jacturam,
1140 1490 1268 1532 qnam
1291 1480 1571 1516 contumaces

92 1535 255 1581 sudaei
285 1535 374 1577 Dei
396 1536 528 1592 jussu
556 1536 790 1586 fecissent,
836 1534 1025 1587 gentiles
1058 1524 1290 1574 felicitatis
1325 1531 1572 1573 messianae

91 1609 172 1651 spe
199 1593 521 1649 locupletasse,
559 1607 689 1649 quum
718 1590 962 1643 effecisset,
1003 1595 1052 1631 ut
1077 1590 1268 1644 gentiles
1295 1589 1570 1641 evangelium

92 1654 410 1705 cognoscerent
435 1650 698 1705 cognitoque
727 1647 881 1699 fidem,
926 1647 1011 1703 qua
1041 1647 1084 1688 in
1114 1660 1309 1688 summae
1342 1645 1572 1687 beatitatis

95 1722 218 1766 spem
241 1707 604 1760 ingrederentur,
635 1705 827 1762 adjicere
851 1710 1031 1760 possent
1051 1707 1114 1759 (v,
1134 1706 1203 1746 ll.
1230 1703 1337 1758 12.).

210 1763 270 1804 V.
293 1764 362 1806 13.
384 1770 427 1804 et
451 1763 521 1806 14.
561 1763 653 1819 Ap.
676 1776 716 1805 v,
743 1762 811 1804 12.
857 1760 1123 1805 Judaeorum
1155 1760 1417 1813 dignitatem
1446 1757 1574 1799 valde

95 1819 423 1869 celebraverat,
465 1834 596 1874 quum
625 1818 829 1874 quoniam
855 1818 1028 1875 jactura
1052 1817 1106 1857 ab
1129 1816 1311 1860 Iudaeis
1333 1817 1446 1856 facta
1469 1829 1574 1867 gen-

97 1877 203 1919 tiles
231 1876 418 1917 ditasset
449 1876 585 1916 multo
626 1875 766 1928 magis
804 1888 954 1914 eorum
997 1874 1178 1914 divitias
1217 1887 1412 1928 paganos
1454 1873 1575 1912 locu-

98 1935 347 1991 pletaturas
384 1946 482 1976 esse
517 1932 700 1975 diceret.
779 1929 922 1985 Quam
962 1931 1109 1986 gentis
1139 1930 1344 1988 judaicae
1387 1927 1578 1969 admira-

98 1991 263 2033 tionem
304 1988 415 2041 sihi,
460 1988 682 2043 yentile'nm
726 1987 951 2044 apostolo,
1002 2001 1156 2043 parum
1194 1986 1395 2028 decoram
1435 1985 1577 2027 videri

99 2062 232 2105 posse
263 2046 358 2103 ipse
387 2046 543 2089 sensit.
611 2044 769 2101 ltaque
797 2044 850 2084 ad
879 2058 954 2085 eos
981 2044 1196 2094 lectores,
1234 2043 1309 2099 qui
1339 2043 1441 2084 olim
1472 2056 1577 2097 gen-

99 2105 206 2147 tiles
246 2104 464 2155 fuissent,
520 2115 759 2144 conversus
809 2101 1035 2155 ingeniose
1076 2101 1139 2142 ita
1174 2100 1439 2157 disputavit:
1501 2113 1578 2140 vos

102 2162 244 2214 enim,
283 2175 336 2201 ne
365 2158 669 2211 offendamini,
710 2159 813 2200 baec
840 2156 1141 2210 considerate,
1180 2158 1387 2212 gentiles.
1455 2155 1580 2211 Qua-

103 2226 233 2261 tenus
261 2232 355 2259 sum
381 2216 606 2272 qentilium
636 2215 850 2271 apostolus
882 2214 1190 2256 demandatum
1216 2215 1323 2256 mihi
1347 2228 1504 2255 munus
1526 2227 1579 2254 eo

103 2275 310 2327 illustro,
353 2272 469 2329 quod
502 2273 732 2329 experior,
774 2272 813 2315 si
841 2272 954 2313 forte
984 2270 1170 2315 Iudaeis
1202 2285 1349 2312 curam
1382 2271 1578 2327 injiciam

105 2346 343 2388 eorumque
366 2330 598 2371 nonnullos
620 2328 863 2371 messianac
883 2328 1112 2370 felicitatis
1136 2328 1375 2386 participes
1400 2327 1578 2368 reddam

106 2391 169 2488 p.
194 2389 260 2432 13.
289 2388 402 2443 1⁴.)‚
444 2385 796 2443 quandoquidem
827 2386 926 2427 fieri
956 2386 1134 2441 nequit,
1173 2385 1277 2441 quin
1310 2383 1579 2428 Iudaeorum

82 2450 85 2453 ’
127 2446 299 2488 elicitas
332 2445 470 2502 ipsam
502 2443 626 2485 vobis
655 2443 909 2486 beatitatem
941 2443 1204 2484 messianam
1238 2440 1418 2493 alferat,
1450 2456 1579 2497 quam

108 2517 221 2545 nunc
250 2517 348 2558 spe,
389 2515 472 2542 non
505 2514 551 2541 re
581 2499 817 2556 possidetis
847 2503 909 2553 (v.
933 2500 1038 2551 15.).
1098 2499 1243 2554 Quum
1266 2498 1406 2551 igitur
1427 2513 1582 2550 meum,

109 2560 217 2616 quod
235 2559 402 2615 quidem
423 2557 603 2612 yentiles
625 2557 959 2611 complectatur,
999 2570 1156 2598 munus
1180 2554 1354 2607 studio,
1397 2569 1482 2610 quo
1502 2554 1528 2598 J
1535 2571 1581 2596 u-

110 2616 244 2657 daeos
274 2616 328 2657 ad
359 2614 529 2658 Christi
559 2627 683 2655 sacra
713 2612 930 2654 adducere
957 2627 1112 2664 coner,
1161 2612 1422 2654 nobilitetur
1453 2613 1582 2652 istam

112 2671 227 2714 haud
255 2686 470 2728 quaquam
502 2685 525 2711 e
551 2670 794 2727 cupiditate
822 2669 1008 2711 nimiove
1030 2683 1116 2724 quo
1138 2670 1181 2710 in
1202 2670 1420 2710 nationem
1445 2669 1584 2709 israe-

109 2729 275 2771 liticam
299 2726 593 2786 propendeam
617 2728 764 2769 favore
787 2733 931 2768 natam
953 2724 1221 2770 Judaeorum
1248 2726 1584 2767 admiratione-,nn

112 2786 276 2843 quippe
305 2800 414 2841 quae
435 2784 699 2829 ,Iudaeorum
725 2783 894 2825 animos
913 2783 968 2824 ad
990 2783 1116 2825 fidem
1139 2783 1319 2827 Christo
1343 2782 1583 2823 habendam

113 2841 386 2888 exsuscitare
416 2841 561 2902 possit
584 2855 650 2884 me
677 2841 907 2897 gentilium
932 2840 1180 2898 apostolum
1201 2839 1352 2882 decere
1371 2840 1498 2881 facile
1522 2841 1585 2880 in-
