1715 3115
155 207 238 252 188
433 204 804 249 EPlSTOLA
835 205 938 249 AD
968 205 1331 250 ROMANOS

153 311 510 370 quemadmodum
534 313 786 365 angelorum
809 312 1052 370 principes,
1086 328 1131 355 se
1153 314 1310 354 sistere
1331 311 1498 355 eredas.
1558 312 1615 356 Et

156 385 286 426 quum
305 369 490 426 spiritus
514 384 551 412 S.
578 369 746 425 piorum
768 367 1118 413 Christianorum
1150 370 1359 423 magister
1384 369 1444 411 sit
1471 375 1515 411 et
1543 377 1614 411 tu-

156 436 228 468 tor
249 426 351 470 Joh.
374 425 522 478 1(3‚13.
554 427 656 469 Act.
676 440 713 468 e.
734 426 775 469 2.
807 426 908 469 Gal.
925 427 1046 480 5‚22.
1062 458 1073 478 ,
1113 426 1265 482 quidni
1295 426 1489 468 homines
1518 426 1615 482 qui-

154 484 237 524 hus
268 483 411 524 faveat
444 483 485 524 in
517 483 719 523 caelitum
751 483 933 524 concilio
973 479 1209 525 defendat?
1248 481 1377 525 Certe
1408 482 1614 526 Christus

154 553 266 580 nnnc
309 540 429 580 caelo
465 545 666 594 receptus
705 539 939 581 amicorum
972 553 1146 580 suorum
1174 553 1346 580 causam
1379 539 1471 594 agit
1499 537 1614 596 apud

153 597 297 637 Deum
317 595 439 646 8434.
461 594 599 638 Hom.
617 599 659 647 7,
673 595 759 638 25..
820 594 949 651 Quod
968 600 1110 636 autem
1142 595 1376 649 gemendo,
1404 609 1530 652 quam
1548 595 1614 639 lo-

153 651 323 708 quendo
346 660 388 693 et
410 652 590 692 acerbos
611 653 850 705 hominum,
883 666 1064 707 quorum
1096 651 1276 693 tutelam
1306 658 1455 705 gerat,
1485 665 1614 693 casus

151 708 371 750 narrando
387 708 501 764 apud
524 708 664 750 Deum
686 708 954 750 intercedere
975 708 1123 760 malit,
1162 708 1204 750 id
1235 709 1392 765 pudori
1420 715 1463 750 et
1492 722 1615 749 reve-

153 766 346 817 rentiae,
376 779 505 820 quam
536 766 603 807 vel
634 765 909 819 archangelis
937 764 1025 806 Dei
1054 766 1300 821 praesentia
1331 771 1374 806 et
1403 763 1614 821 majestas

153 822 360 873 incutiat,
388 828 437 863 ut
455 836 532 863 sua
555 827 651 863 vota
675 821 867 864 modeste
890 827 1015 875 gestu
1047 821 1269 863 lubentius
1297 821 1615 875 adsignificent‚

151 892 280 934 quam
312 893 441 934 quum
474 892 524 920 ea
554 878 699 920 verbis
729 878 1072 929 enuntiaverint,
1118 877 1419 920 immodestiae
1451 878 1612 918 crimen

150 935 404 986 incurrant,
433 934 568 976 tribui
589 939 751 992 potest.
809 934 907 978 Non
929 935 1107 976 obstant
1132 934 1230 976 huic
1261 933 1614 991 interpretationi

149 1005 195 1035 v.
213 1006 253 1035 v,
274 992 346 1034 27.
369 986 391 1031 ὃ
412 991 459 1034 δὲ
482 989 667 1047 ἐρευνῶν
697 991 778 1040 τὰς
803 989 988 1048 καρδίας
1014 991 1205 1046 (Clu-ys„
1235 990 1442 1045 ΠΙεῃωκ).
1498 989 1612 1032 Nam

151 1048 234 1090 hoc
266 1062 440 1104 quoque
469 1047 595 1089 Deus
635 1061 683 1089 se
722 1047 959 1090 (azimorum
996 1061 1195 1089 recessus
1223 1048 1422 1099 cognitos
1452 1047 1614 1088 habere

149 1104 381 1156 ostendat,
411 1103 525 1161 quod
548 1118 658 1160 quae
676 1103 854 1158 spiritus
868 1118 904 1146 s.
929 1110 1068 1145 niente
1091 1104 1168 1145 sua
1191 1103 1409 1146 abdiderit
1429 1104 1541 1145 sciat
1559 1103 1615 1144 li·-

151 1167 223 1203 eet
241 1161 388 1202 verbis
411 1175 492 1202 non
516 1161 731 1217 exposita.
790 1159 878 1202 Sed
903 1174 1014 1202 nnnc
1034 1161 1234 1217 spiritum
1267 1159 1356 1203 div.
1384 1160 1427 1201 in
1458 1159 1615 1202 cen-imis

146 1218 305 1260 nostris
325 1232 403 1274 pro
427 1217 553 1258 nobis
574 1215 627 1259 ad
646 1217 730 1258 rite
752 1216 1013 1273 precandum
1045 1217 1207 1283 ineptis
1237 1216 1349 1274 apud
1367 1216 1510 1258 Deum
1538 1230 1612 1269 ge-

147 1274 353 1326 mitibus,
385 1289 467 1315 non
489 1274 636 1315 verbis
655 1273 708 1315 de
732 1272 856 1315 Pauli
877 1274 1094 1316 sententia
1116 1273 1383 1315 intercedere
1404 1273 1612 1315 arbitror.

145 1328 299 1373 Primo
320 1331 433 1372 enim
456 1331 561 1372 haec
583 1330 818 1385 explicatio
839 1345 889 1371 eo
911 1328 1251 1382 commendatur,
1280 1329 1395 1386 quod
1410 1330 1498 1386 Ap.
1521 1328 1610 1386 spi-

149 1387 285 1428 ritum
313 1403 350 1431 s.
383 1394 559 1428 nostrae
593 1386 837 1428 infirmitati
869 1402 951 1428 non
983 1388 1153 1438 minus,
1192 1402 1317 1443 qnam
1349 1391 1613 1428 com-tantem

148 1443 330 1499 suturae
355 1442 581 1500 felicitatis
605 1444 965 1498 exspectationem
994 1445 1203 1500 opitulari
1231 1443 1426 1500 scripsit.
1487 1442 1612 1483 Hane

146 1512 257 1541 vero
287 1504 427 1542 mente
452 1507 702 1556 conceptam
738 1501 946 1542 fovemus.
1009 1500 1179 1542 Deinde
1208 1500 1295 1543 div.
1323 1500 1526 1556 spiritum
1557 1497 1612 1539 ad

146 1569 232 1598 nos
261 1555 447 1610 benigne
476 1556 688 1598 divinitus
719 1556 896 1597 missum
925 1556 1171 1612 animisque
1200 1557 1363 1597 nostris
1391 1562 1612 1612 receptum

147 1613 278 1653 nobis
310 1613 462 1668 quovis
494 1618 619 1669 paeto
650 1613 901 1669 prospicere
931 1619 1182 1654 constanter
1202 1612 1261 1656 N.
1286 1613 1343 1656 T.
1373 1613 1612 1668 scriptores

146 1669 392 1710 docuerunt
411 1668 512 1712 Joh.
534 1669 683 1720 15,·.›.(5.
703 1670 769 1719 lo,
787 1669 850 1711 13.
878 1670 982 1711 Act.
1007 1669 1098 1719 l,8.
1118 1670 1158 1719 2,
1175 1671 1212 1712 1.
1234 1684 1301 1724 sq.
1328 1669 1447 1721 19‚2.
1475 1667 1612 1712 lCor.

149 1727 196 1776 3,
210 1727 277 1769 16.
298 1726 399 1768 Gal.
420 1725 543 1777 5‚22.
568 1724 675 1781 Eph.
701 1725 824 1775 l,14.
845 1726 972 1776 4‚30.
995 1727 1077 1776 aL,
1110 1740 1325 1780 nunquam
1351 1725 1430 1766 hoc
1458 1739 1612 1765 numen

148 1782 193 1824 in
211 1783 415 1824 caelitum
437 1782 621 1823 concilio
642 1795 721 1822 nos
739 1781 972 1822 defendere
991 1782 1324 1823 contenderunt.
1361 1780 1475 1822 Tum
1497 1780 1611 1836 qnod

150 1837 205 1882 P.
227 1838 420 1881 divinum
439 1838 642 1894 spiritum
665 1838 782 1879 intus
807 1838 850 1879 in
875 1839 1089 1880 mentibus
1111 1839 1275 1879 nostris
1297 1836 1465 1893 aliquid
1482 1851 1613 1891 agere

148 1895 286 1948 dixit,
325 1909 455 1951 quum
475 1895 561 1951 ipsi
583 1895 693 1936 nihil
722 1908 926 1948 agamus,
965 1895 1126 1936 nullam
1156 1894 1435 1937 offensionem
1467 1894 1612 1938 habet.

146 1949 265 1995 Nam
286 1951 325 1993 si
346 1951 461 2007 quod
483 1965 636 1993 numen
667 1951 854 2009 alicujus
882 1965 1040 2008 corpus
1072 1958 1344 2008 mentemque
1372 1950 1613 2007 occupavit,

149 2022 236 2050 non
255 2007 320 2050 ibi
342 2012 513 2065 torpet,
543 2007 621 2049 sed
638 2014 843 2064 tanquam
866 2007 907 2049 in
930 2022 1007 2049 suo
1030 2007 1249 2050 domicilio
1271 2007 1456 2050 hominis
1478 2021 1610 2048 mem-

147 2065 244 2107 hris
261 2079 386 2107 usum
408 2079 487 2122 pro
509 2066 601 2106 suis
623 2070 856 2121 operatur,
878 2064 1006 2122 jubet
1024 2070 1165 2117 vetat,
1194 2065 1352 2106 clamat
1376 2068 1489 2104 tacet
1517 2062 1608 2104 dis-

147 2121 381 2178 tinguique
402 2127 545 2178 potest
567 2120 683 2177 quod
703 2135 858 2163 numen
881 2121 1087 2162 moliatur
1106 2122 1161 2161 ab
1179 2135 1229 2162 eo
1250 2118 1364 2176 quod
1389 2120 1514 2160 homo
1545 2120 1609 2160 fa-

148 2179 261 2230 ciat,
289 2185 380 2219 tum
402 2178 442 2219 si
463 2192 542 2219 suo
566 2176 677 2219 illud
698 2177 840 2219 Marte
860 2177 1028 2233 aliquid
1051 2178 1274 2228 instituat,
1304 2180 1351 2218 ut
1370 2175 1412 2219 h.
1431 2176 1488 2226 l.,
1517 2180 1607 2216 tum

147 2235 190 2277 si
217 2234 460 2278 reluctante
488 2234 684 2287 homine,
733 2249 857 2291 quem
889 2234 930 2275 in
963 2238 1177 2290 potestate
1213 2233 1392 2283 habeat,
1440 2231 1609 2287 aliquid

150 2296 349 2348 peragat.
408 2290 580 2332 Socrati
602 2306 733 2347 quum
759 2291 1055 2332 defensionem
1084 2288 1286 2330 meditari
1320 2288 1451 2329 vellet
1479 2285 1610 2343 ἠναν-

150 2343 296 2402 τιώθη
324 2345 373 2390 τὸ
410 2347 639 2399 ὦαιμόιιιον
669 2347 784 2390 Xen.
806 2347 935 2389 Mem.
956 2346 1117 2397 4,8‚5..
1179 2343 1346 2401 Impnri
1377 2343 1608 2386 daemones

149 2403 372 2444 hominum
405 2418 587 2445 corlora
619 2404 807 2457 ingressi
837 2403 1074 2458 loquuntur
1102 2406 1144 2443 et
1172 2403 1359 2443 clamant
1389 2400 1546 2444 Matth.
1566 2400 1610 2452 8,

152 2460 226 2502 28.
245 2460 411 2515 sq.l)lr.
428 2462 485 2510 l,‘
505 2461 616 2503 6.(ι1.
639 2474 678 2503 v.
695 2459 1010 2513 Eis-emnenqere‘
1027 2459 1314 2503 {licueritbecftess
1335 2459 1524 2510 Subentl).
1544 2455 1612 2508 11,

149 2517 225 2559 47.
248 2530 334 2570 sq..
394 2515 493 2557 Non
516 2528 600 2557 {am
617 2517 821 2572 Apostoli
844 2530 985 2556 eoram
1004 2514 1227 2570 judicibus
1249 2513 1332 2570 ipsi
1357 2514 1610 2568 loquuntur,

151 2585 281 2627 quam
302 2572 389 2613 div.
409 2574 592 2628 spiritns
616 2573 743 2614 verba
766 2573 820 2612 iis
843 2572 1129 2628 suppeditans
1148 2585 1188 2613 v.
1204 2570 1357 2612 Matth.
1381 2571 1447 2619 10,
1463 2572 1610 2624 1÷›.sq.

152 2631 208 2670 cl.
235 2627 340 2670 Luc.
364 2630 431 2678 12,
449 2631 497 2669 ll
523 2645 606 2684 sq..
667 2629 862 2685 Spiritus
883 2643 919 2671 s.
943 2627 1158 2668 mentibus
1179 2628 1340 2668 nostris
1370 2640 1392 2666 a
1415 2627 1512 2667 Deo
1544 2625 1609 2665 in·
1678 2668 1680 2670 v

152 2684 275 2725 ditus
296 2680 445 2739 κράζει
471 2683 585 2736 (istm
606 2686 703 2725 Gal.
723 2686 765 2736 4,
778 2688 837 2727 6..
897 2683 1039 2738 Quum
1062 2681 1112 2725 P.
1137 2683 1260 2726 Rom.
1278 2684 1320 2734 3,
1336 2683 1402 2724 15.
1426 2697 1502 2723 nos
1522 2681 1609 2735 spi-

152 2741 264 2783 ritus
283 2754 318 2780 S.
339 2739 521 2793 impulsu
540 2738 713 2796 κράζειν
727 2757 735 2766 ·
768 2737 883 2793 ἀρ’ρέἷ
901 2740 1154 2789 affirmaret,
1175 2753 1259 2780 non
1279 2739 1391 2780 illud
1411 2738 1497 2781 div.
1518 2737 1608 2793 spi-

152 2796 286 2838 ritum
308 2795 451 2835 facere
476 2798 669 2848 negavit,
691 2797 766 2837 sed
789 2811 883 2837 eum
905 2801 1121 2837 auctorem
1143 2795 1267 2837 nobis
1288 2810 1399 2845 esse,
1419 2800 1465 2836 ut
1484 2807 1609 2836 suum

152 2852 399 2910 exemplum
430 2852 589 2894 imitati
617 2860 660 2894 et
691 2853 776 2910 ipsi
806 2850 921 2905 ἀββᾶ
948 2854 1168 2909 ploremus
1194 2852 1454 2895 enuntiavit.
1520 2849 1611 2891 De-
