1715 3115
170 220 257 264 482
455 215 833 262 EPISTOLA
866 217 965 259 AD
997 215 1357 260 ROMANOS

175 329 269 375 set,
305 322 419 380 quod
441 321 675 365 Rueck-erto
688 321 838 380 judice
861 321 902 365 Ιι.
922 322 953 364 l.
977 322 1157 378 scripsit
1171 355 1183 374 ‚
1212 338 1258 366 se
1277 336 1395 364 sunm
1414 321 1638 377 yentilt'um

175 381 355 434 apostoli
384 393 533 420 mmms
565 379 714 419 multis
757 379 938 434 paganis
976 378 1255 420 emendandis
1290 392 1503 421 exornare
1543 384 1637 420 stu-

175 438 304 483 dere,
336 440 380 476 ut
401 436 483 487 ipsi
504 449 662 491 quoqne
681 436 836 477 Judaei
856 439 916 476 tot
933 434 1096 489 piorum
1115 436 1334 489 yentae'limn
1355 433 1549 489 coeemplo
1569 435 1635 476 in-

176 492 300 535 citati
318 491 486 533 Christo
501 490 629 544 fidem
653 490 907 545 adjicerent.
958 489 1190 531 Praeterea
1207 491 1470 534 Judaeorum
1492 504 1638 531 emen-

175 548 394 589 dationem
427 560 511 588 non
545 547 705 589 Paulus
736 547 922 588 Judaeus
947 547 1158 601 speravit,
1207 547 1321 603 quod
1349 547 1637 604 popularibus

177 605 271 647 suis
292 604 454 660 optima
478 617 675 659 quaeque
697 606 884 658 optaret,
906 603 980 643 sed
1003 602 1165 645 Paulus
1185 602 1393 658 apostolus
1412 603 1637 645 denuntia·

175 662 260 713 rit,
303 660 377 715 qui
401 673 603 700 arcanum
630 673 770 714 neque
793 659 879 699 nisi
901 674 978 715 per
999 659 1203 711 ambages
1224 673 1247 699 a
1269 659 1494 716 prophetis
1516 672 1638 699 mou-

178 721 364 758 stratum
386 715 473 757 Dei
499 715 728 757 consilium
758 723 1032 771 perspectum
1063 715 1240 757 haberet
1268 716 1344 770 (cf.
1369 730 1406 758 V.
1425 716 1496 758 25.
1525 715 1637 768 26.).

177 772 334 815 Nihilo
367 771 546 814 meliora
578 772 648 812 hic
679 772 851 827 quidem
882 772 993 814 Ven.
1017 771 1236 814 Koellneri
1263 776 1307 813 et
1332 770 1447 813 Ven.
1469 770 1639 812 Reicleii

178 831 352 871 inventa
374 834 491 870 sunt.
551 828 620 869 De
647 827 821 869 Wettius
848 827 1046 885 impediti
1076 828 1160 868 loci
1190 827 1472 869 difficultates
1503 827 1637 868 inter-

178 890 327 943 pretes
366 883 650 927 artificiosius
689 897 818 940 quam
857 885 1100 941 simplicius
1136 884 1294 925 tollere
1331 888 1510 925 conatos
1539 895 1638 924 esse

177 941 405 999 praefatus
427 941 535 981 hanc
558 941 775 981 infelicem
794 941 1128 998 explicationem
1151 940 1275 983 iniit:
1305 945 1518 996 quatenus
1536 951 1638 994 yen-

178 998 320 1040 iile‘um
351 995 522 1053 quidem
551 997 777 1052 apostolus
808 1011 902 1038 sum
932 1011 1087 1038 munus
1119 1011 1256 1037 meum
1286 996 1497 1051 evanyelio
1526 995 1639 1037 inter

180 1068 248 1096 eos
269 1054 520 1108 clc'vulyando
543 1053 652 1106 [sic:
683 1067 721 1096 v,
747 1056 900 1109 supra]
928 1054 1160 1094 nobilitare
1180 1053 1348 1105 studeo,
1378 1051 1552 1093 adnitor
1571 1057 1639 1092 ta-

178 1124 277 1151 men
298 1116 344 1150 ut
362 1108 638 1164 popularibus
657 1109 760 1150 meis
780 1111 1110 1151 aemulationem
1133 1108 1341 1166 injiciam.
1409 1108 1466 1150 Et
1493 1120 1638 1161 gram-

181 1166 339 1208 matico
361 1171 404 1206 et
422 1165 566 1220 logico
591 1166 695 1207 vitio
719 1165 820 1206 haec
841 1167 1146 1222 interpretatio
1169 1158 1321 1206 affecta
1343 1170 1427 1208 est.
1470 1163 1638 1220 Nempe

183 1222 426 1279 oppositio,
465 1221 588 1278 eujus
608 1236 726 1279 spem
751 1224 900 1264 vocula
922 1222 1000 1275 μέν
1019 1223 1143 1274 fecit,
1181 1222 1326 1264 verbis
1356 1217 1402 1263 εἶ’
1424 1234 1520 1268 πως
1546 1220 1639 1261 κτλ.

182 1278 398 1320 contineri
429 1278 604 1334 nequit,
645 1279 748 1334 quia
775 1292 890 1322 voce.
919 1275 964 1320 εἴ
985 1295 1080 1329 πως
1109 1274 1417 1333 παραζηλώσω
1436 1272 1520 1317 κτὲ.
1542 1289 1637 1316 cum

183 1349 225 1378 v.
248 1335 327 1390 τὴν
357 1333 580 1376 διακονίαν
604 1350 689 1388 μου
718 1334 885 1387 δοξάζω
917 1335 1067 1377 intime
1088 1335 1335 1376 cohaerent.
1393 1332 1500 1376 Rem
1522 1331 1636 1373 enim

182 1390 572 1447 comprehendunt,
612 1391 695 1446 quai
723 1392 931 1433 tentanda
960 1392 1007 1434 P.
1035 1407 1158 1433 suum
1191 1390 1416 1445 gentilium
1447 1388 1638 1445 apostoli

184 1461 340 1488 munus
360 1447 530 1488 celebre
550 1447 696 1489 faciat.
756 1446 939 1490 Pravam
962 1463 1062 1490 vero
1084 1453 1159 1488 ant
1181 1448 1341 1488 nullam
1360 1444 1506 1502 potius
1527 1445 1637 1484 hane

185 1503 503 1559 oppositionem
527 1517 648 1546 esse:
689 1510 901 1558 quatenus
927 1505 1144 1560 qente'linm
1175 1503 1401 1560 apostolus
1424 1515 1517 1542 sum
1543 1515 1635 1541 mu-

186 1574 268 1600 nus
290 1573 427 1600 meum
449 1558 654 1610 nobilita,
684 1561 815 1600 simul
835 1566 974 1601 tamen
997 1560 1169 1602 Jmlaeis
1187 1558 1396 1615 prodesse
1416 1557 1568 1598 studeo
1590 1557 1635 1606 in

186 1620 360 1672 promtu
390 1621 472 1656 est.
542 1614 765 1656 Sententia
796 1630 819 1655 a
846 1617 895 1657 cle
923 1616 1071 1657 Wettio
1090 1616 1185 1655 licta
1210 1616 1276 1656 his
1298 1628 1338 1658 v.
1356 1612 1636 1670 concipienda

185 1671 368 1712 fuisset:
413 1667 580 1719 ὁοξάξω
610 1671 704 1722 μὲν
735 1669 817 1724 ἐγὼ
847 1669 987 1712 ἐθνῶν
1017 1667 1267 1720 ἀπόστολος
1294 1666 1351 1710 ὢν
1375 1667 1451 1725 τὴν
1483 1670 1636 1711 διακο-

186 1725 282 1769 νίαν
310 1741 419 1775 μου,
460 1725 571 1780 ζητῶ
602 1727 649 1767 δὲ
680 1728 768 1768 καὶ
798 1726 890 1782 τὴν
921 1723 1096 1780 σάρκα
1125 1741 1227 1778 μου
1258 1725 1592 1781 παραζηλῶσαι.

300 1781 360 1825 V.
384 1781 451 1825 15.
490 1781 725 1834 Restabat,
755 1789 803 1824 ut
824 1785 913 1838 Ap.
934 1782 1191 1824 sententiam
1211 1797 1275 1825 vs.
1299 1784 1366 1824 13.
1385 1790 1429 1823 et
1450 1781 1519 1824 14.
1540 1781 1636 1823 ido-

187 1838 269 1879 nea
301 1838 469 1879 ratione
498 1838 775 1880 confirmaret
797 1844 840 1880 et
866 1853 968 1880 sane
994 1852 1040 1879 se
1064 1853 1187 1879 suum
1207 1838 1424 1894 yentae'linm
1447 1837 1639 1894 apostoli

188 1909 345 1935 munus
373 1908 422 1935 eo
453 1894 712 1946 nobilitare,
753 1894 867 1951 quod
896 1895 1192 1951 experiretur,
1231 1894 1269 1936 si
1298 1895 1411 1936 forte
1442 1892 1636 1937 ,Iudaeos

187 1950 243 1991 ad
282 1950 533 1991 imitandam
575 1950 801 2005 gentilium
838 1950 963 1992 fidem
1005 1951 1185 1992 incitare
1224 1956 1394 2007 posset,
1443 1949 1635 1994 doceret.

188 2007 286 2049 Hoc
317 2007 422 2048 facit
449 2021 490 2050 v,
513 2006 603 2059 15„
644 2021 728 2062 quo
756 2007 1069 2048 contumacium
1091 2007 1354 2050 Judaeorum
1382 2005 1507 2047 iidem
1533 2014 1635 2060 yen-

188 2063 333 2104 sitibus
359 2063 783 2104 saluberrimam
815 2064 908 2117 fore
933 2064 1137 2107 ostendit.
1199 2059 1225 2120 ἡ
1246 2060 1447 2117 ἀποβολὴ
1469 2059 1632 2116 αὐτῶν]

188 2119 220 2160 i.
239 2132 276 2160 e.
297 2117 738 2167 eorum(J11daeor11m
760 2133 782 2159 a
807 2120 902 2160 Deo
920 2119 1218 2161 induratorum
1239 2133 1277 2161 v,
1292 2121 1356 2173 7.)
1375 2132 1500 2175 quam
1514 2119 1638 2172 passi

189 2179 285 2216 :mni
315 2173 513 2228 rejectio,
553 2174 762 2216 abdicatio
791 2176 865 2229 (cf.
894 2173 1236 2227 ἇποβάλλεσθαί
1260 2190 1356 2215 τινα
1380 2175 1560 2230 aliquem
1580 2173 1633 2215 ab

188 2244 233 2271 se
252 2228 432 2283 rejicere
451 2230 481 2273 ἱ.
498 2244 540 2285 q.
562 2227 854 2272 ἀπωθεῖσθαί
872 2246 968 2272 τινα
988 2246 1028 2274 v.
1050 2234 1088 2275 l.
1130 2230 1257 2274 Prov.
1274 2231 1344 2282 28,
1361 2231 1432 2273 24.
1453 2227 1501 2278 ὃς
1521 2225 1634 2270 ἀπο-

188 2285 398 2338 βάλλεται
419 2285 588 2340 πατέρα
608 2285 633 2338 ἢ
656 2286 824 2341 μητέρα
843 2289 952 2337 -.),
984 2301 1066 2328 non
1085 2301 1225 2329 eorum
1244 2287 1426 2338 amissio,
1450 2283 1634 2340 jactura

189 2354 315 2395 quam
341 2339 557 2396 fecerunt,
600 2342 680 2392 1t.,
729 2342 872 2396 Valy„
910 2343 1115 2394 Lntlzer„
1163 2345 1295 2398 Beny.
1324 2343 1383 2385 al.
1418 2342 1494 2396 (cf.
1520 2337 1632 2382 0²ch-

188 2395 368 2448 βάλλειν
397 2398 592 2439 amiitere
621 2397 833 2442 Herodot.
855 2401 897 2449 8,
916 2399 987 2442 65.
1015 2403 1059 2439 et
1091 2395 1291 2453 ἀποβολή
1313 2397 1495 2452 jactura
1525 2399 1632 2442 Act.

188 2453 258 2502 27,
280 2452 388 2503 22.).
444 2451 585 2494 Docet
604 2454 854 2494 vocabulum
878 2456 1122 2511 oppositum
1152 2453 1178 2510 ἦ
1207 2451 1472 2510 πρόςληψις.
1529 2452 1634 2495 Fuit

189 2506 453 2551 Iudaeorum
474 2508 677 2565 rejectio,
715 2510 797 2565 qua
820 2511 976 2552 factum
998 2516 1086 2563 est,
1126 2517 1173 2552 ut
1193 2523 1271 2567 pro
1289 2509 1498 2551 divinitus
1515 2509 1632 2550 inse-

188 2564 350 2604 minata
370 2565 634 2607 contumacia
658 2565 835 2608 Christo
856 2567 979 2608 fidem
1004 2574 1232 2619 negarent,
1269 2565 1452 2622 paganis
1481 2578 1632 2615 recon-

187 2619 424 2660 ciliationis
443 2634 586 2662 causa.
650 2620 774 2663 Fecit
794 2623 930 2673 enim,
962 2629 1010 2664 ut
1030 2623 1196 2666 Christi
1214 2621 1408 2663 doctrina
1430 2621 1484 2662 ab
1507 2620 1633 2662 indu-

188 2675 299 2716 ratis
319 2674 500 2717 Iudaeis
521 2678 747 2733 repudiata
770 2679 1007 2733 gentilibus
1026 2679 1300 2728 traderetur,
1338 2677 1422 2733 qua
1442 2678 1513 2732 pie
1534 2691 1631 2718 sus-

188 2731 311 2787 cepta
341 2731 415 2787 qui
446 2736 570 2774 antea
589 2733 684 2775 Deo
714 2735 843 2777 invisi
871 2736 1046 2777 fuerant
1071 2749 1169 2776 esse
1193 2735 1236 2775 in
1258 2734 1398 2788 gratia
1419 2747 1513 2775 cum
1533 2732 1630 2775 Deo

189 2793 423 2842 coeperunt
442 2791 502 2837 (ν.
522 2801 561 2831 v.
582 2791 651 2832 11.
675 2791 742 2832 12.
774 2791 829 2833 cl.
850 2791 1007 2846 5‚10.).
1064 2789 1150 2846 τίς]
1173 2792 1201 2833 i.
1221 2804 1259 2834 e.
1280 2789 1390 2832 ποία
1409 2803 1482 2846 np.
1504 2787 1629 2831 ἔσται

188 2843 369 2900 qualis
398 2843 503 2897 erit,
548 2843 674 2900 cujus
702 2847 766 2889 rei
792 2860 921 2890 causa
947 2847 1052 2906 erit,
1087 2846 1171 2889 nisi
1199 2846 1310 2889 vitae
1336 2860 1395 2888 cx
1419 2839 1627 2888 mortuis?
