1715 3115
149 215 235 258 164
431 214 815 258 EPISTOLA
845 215 948 259 AD
980 214 1339 260 ROMANOS

152 317 400 360 affirmavit.
440 313 635 371 &mereim
656 342 705 348 —
727 314 798 358 ἐπ’
818 314 963 359 ἑλπίδι
983 348 992 365 ,
1023 314 1093 360 ὅτι
1119 321 1191 374 —-]
1217 317 1400 374 subjecit
1419 332 1464 359 se
1475 317 1609 361 Mun-

152 375 231 416 dus
251 398 307 404 —-
329 375 371 413 e'n
392 386 507 427 spem
529 373 759 424 adductus,
798 388 911 426 spem
931 374 1088 415 habens
1118 370 1206 429 (ἐπ’
1236 373 1385 416 ἑλπίδι
1414 374 1468 418 bei
1495 377 1607 432 ,ζωῆς

153 443 282 482 nune:
304 430 360 472 cs.
380 429 422 480 4,
449 429 511 471 18.
540 432 559 469 1
587 429 687 471 Cor.
711 430 752 479 9,
776 431 839 471 10.
863 430 970 472 Eur.
994 430 1125 474 Hero.
1151 431 1234 472 fur.
1257 431 1354 474 802.
1378 429 1437 478 ὥς
1461 432 1468 485 Ι
1515 446 1571 472 πι
1587 457 1605 465 -

155 500 181 526 σ
199 485 377 537 τόνμοι
396 486 445 525 τὸ
468 486 659 526 παλαιὸν
680 479 702 538 ἢ
730 487 736 539 Ι
763 486 812 540 ὸ),
836 484 979 537 λέχος,
1011 481 1044 526 (ὖ
1067 488 1182 538 Ζεῦ,
1211 486 1260 528 τὸ
1283 485 1359 528 σὸν
1379 485 1472 527 οὐκ
1497 488 1503 542 Ι
1530 483 1607 528 ἐπ’

154 539 347 582 sanim
371 540 563 595 φάνθη.)
585 556 657 598 np.
683 557 704 581 a
733 541 824 582 Deo
848 543 1090 593 excitatam,
1110 548 1158 582 ut
1177 556 1249 584 res
1268 543 1392 584 docet
1412 548 1455 584 et
1477 543 1607 585 verba

154 597 229 638 διὰ
260 593 334 638 τόν
364 593 637 646 ὑποιάξανια
668 597 926 647 ostendunt,
964 597 1079 652 [οι-ιτ,
1118 602 1162 639 ut
1192 623 1247 629 —
1274 598 1412 653 (Phil.
1437 601 1474 650 l,
1497 601 1607 652 20.).

152 652 360 694 Ostendit
391 659 533 693 autem
565 653 688 694 Deus
719 654 877 695 Mundo
911 654 1252 696 immortalitatis
1284 654 1328 697 ἐν
1355 653 1407 711 τῇ
1429 653 1606 696 ἀποκα-

152 706 291 761 λύψει
309 710 393 750 τῶν
413 705 518 750 υἱῶν
536 711 614 750 τοῦ
633 711 744 751 θεοῦ
764 709 1083 767 recuperandae
1107 725 1226 766 spem
1247 724 1313 762 eo,
1335 711 1464 765 quod,
1486 717 1604 767 post-

150 779 278 820 quam
301 764 538 817 Amanum,
568 771 616 808 ut
637 767 814 808 sceleris
837 781 1014 822 poenam
1040 765 1231 818 haberet,
1263 767 1485 808 mortalem
1506 767 1604 809 red-

149 822 346 874 diderat,
389 822 595 863 Mundum
626 837 796 879 quoque
825 823 1149 863 immortalitate
1179 823 1391 879 privavit,
1426 822 1537 864 unde
1556 838 1604 866 se

147 877 520 919 immortalitatem
539 884 628 919 tum
652 887 923 936 recepturum
937 893 1047 927 esse,
1071 893 1199 933 quum
1220 879 1465 921 hominihus
1484 886 1604 921 tanto

147 933 305 975 decore
333 934 478 989 dignis
508 934 813 978 immortalitas
834 950 857 976 a
880 935 976 976 Deo
1000 935 1202 975 restituta
1224 935 1382 988 fuerit,
1412 934 1602 977 Mundus

148 1002 330 1044 sperare
359 989 517 1044 potuit.
597 990 757 1031 Demta
799 989 1112 1046 prosopopoeia
1142 991 1356 1031 sententia
1383 991 1488 1032 haee
1513 996 1604 1034 est:

143 1043 235 1101 jam
276 1043 435 1086 dudum
466 1044 589 1086 Deus
621 1045 823 1086 mundum
857 1052 945 1087 tum
975 1059 1182 1085 renovare
1210 1045 1420 1097 decrevit,
1469 1060 1600 1101 quum

148 1114 256 1142 suos
277 1101 392 1142 filios
411 1101 720 1143 honestaturus
742 1107 859 1143 esset
876 1116 914 1144 r.
941 1104 1006 1143 11).
1064 1099 1159 1141 Hoc
1189 1115 1239 1142 ex
1259 1116 1308 1142 eo
1326 1102 1604 1155 intelligitur,

147 1156 265 1213 quod
284 1156 447 1198 Mundo
468 1157 836 1199 immortalitatem
856 1157 1036 1208 ademit,
1066 1162 1293 1213 postquam
1316 1158 1486 1200 Adamo
1507 1173 1599 1200 eam

148 1211 397 1265 ademerat,
427 1213 537 1255 unde
560 1229 689 1270 quum
711 1214 853 1256 Deum
877 1213 1021 1256 mundi
1041 1213 1326 1255 conditionem
1354 1213 1407 1255 ad
1427 1216 1602 1268 generis

146 1268 324 1311 humani
352 1274 510 1311 sortem
542 1271 584 1311 in
615 1277 834 1326 posterum
861 1285 1030 1328 quoque
1059 1270 1472 1311 accommodatarum
1501 1286 1600 1312 esse

145 1331 263 1367 recte
284 1326 483 1379 colligas,
504 1327 704 1368 mundum
727 1329 927 1369 amissam
943 1327 1308 1368 immortalitatem
1330 1333 1600 1382 recepturum

146 1396 246 1423 esse
266 1383 470 1435 eflicitur,
496 1398 625 1439 quum
649 1384 895 1425 hominibus
915 1385 1027 1437 (h.e.
1044 1382 1126 1424 Dei
1150 1383 1275 1437 filiis)
1295 1383 1600 1426 immortalitas

146 1451 174 1479 a
204 1438 300 1480 Deo
327 1440 531 1481 restituta
559 1440 708 1483 fuerit.
757 1442 830 1482 καὶ
858 1436 966 1496 αὐτο)
1002 1438 1025 1493 ἡ
1058 1437 1214 1492 κτίσις]
1242 1443 1285 1480 et
1303 1440 1390 1494 ipse
1406 1440 1599 1482 nmndus.

145 1494 219 1535 καὶ
247 1491 379 1544 αὐτός
408 1496 451 1538 h.
480 1497 512 1540 l.
540 1510 677 1551 neque
707 1498 794 1547 ipse
827 1510 982 1553 (letoque
1007 1495 1144 1538 Hehr.
1175 1495 1216 1547 2,
1248 1496 1341 1546 15„
1380 1510 1516 1552 neque
1536 1495 1602 1538 rel

145 1549 259 1604 ipse,
292 1552 382 1604 ipse
414 1552 516 1593 adeo
545 1552 749 1607 Xenoph.
783 1553 930 1594 Anah.
958 1552 998 1603 2,
1010 1554 1049 1602 6,
1063 1553 1131 1603 9.,
1161 1551 1239 1592 sed
1269 1557 1311 1593 et
1333 1551 1442 1605 ipse,
1471 1567 1598 1607 aeque

144 1609 272 1661 atque
302 1608 413 1648 celius
439 1606 545 1651 Luc.
573 1610 609 1658 1,
630 1609 700 1650 36.
723 1608 840 1650 Xen.
861 1608 1006 1649 Anah.
1028 1611 1068 1658 7,
1087 1607 1129 1658 8,
1153 1609 1220 1649 17.
1251 1607 1443 1648 declarat
1462 1608 1598 1648 refer-

143 1665 303 1718 turque
320 1661 374 1703 ad
394 1664 527 1713 alios,
558 1678 739 1718 qnorum
759 1663 1012 1712 conditioni,
1041 1664 1166 1714 vitae,
1196 1663 1387 1703 moribus
1409 1662 1522 1718 quod
1549 1672 1597 1704 tu

143 1723 220 1759 aut
240 1733 346 1772 agas
364 1725 438 1760 aut
461 1720 627 1776 patiare
649 1719 926 1776 respondeat.
973 1720 1084 1760 Data
1098 1718 1259 1760 Mundo
1280 1734 1381 1775 spes
1402 1728 1483 1771 est,
1503 1719 1596 1760 fore

141 1779 191 1814 ut
218 1775 327 1816 sicut
357 1776 441 1816 Dei
474 1776 620 1826 tiberi,
660 1778 758 1817 ilem
786 1776 872 1829 ipse
902 1776 1271 1816 immortalitatem
1303 1782 1597 1831 recuperaret.

139 1827 724 1889 Immortalitatisjacturam
747 1831 932 1873 Mundus
953 1832 1055 1872 fecit
1074 1831 1247 1874 Adamo
1271 1832 1598 1874 immortalitate

137 1885 359 1938 detractti;
391 1889 664 1943 recuperabit
683 1889 889 1929 amissum
911 1894 1207 1929 ornanwntum
1237 1887 1495 1944 quibusdam
1520 1888 1596 1930 ho-

139 1942 329 1984 minibus
348 1943 644 1998 (Deiliberis)
666 1945 995 1986 immortalitate
1016 1944 1236 1986 restituta.
1287 1939 1344 1986 ‘H
1357 1942 1497 1994 κτίσις
1517 1959 1594 1986 au-

137 2001 226 2040 tem
248 2001 508 2056 epexegesin
527 2002 719 2042 eontinet
739 2015 821 2042 non
843 2001 961 2041 illam
983 2001 1153 2056 quidem
1175 2001 1594 2055 neeessariam(nam

137 2053 193 2096 de
220 2057 273 2111 τῇ
303 2056 442 2098 κτίσει
467 2058 627 2113 exponi
656 2058 930 2098 manifestum
964 2064 1031 2097 est
1060 2058 1240 2109 v.·20.)‚
1280 2057 1357 2098 sed
1387 2057 1590 2097 usitatam

136 2114 281 2153 tamen
314 2112 418 2157 Luc.
446 2113 518 2165 24,
533 2115 599 2156 15.
623 2139 673 2144 —
697 2111 830 2163 αὖῑὸς
850 2109 872 2152 ὅ
896 2111 1033 2168 'Inoo
1048 2115 1103 2161 ῦς
1132 2112 1305 2166 ἐγγίσας
1322 2110 1592 2166 συνεπορεύ-

136 2181 210 2208 ετο
232 2166 395 2218 αὖτοῖς.
452 2169 538 2213 Mr.
567 2172 609 2219 6,
631 2171 699 2212 17.
737 2169 804 2212 Cf.
827 2169 1087 2223 Krueqerum
1106 2169 1159 2210 ad
1183 2169 1297 2212 Xen.
1319 2167 1467 2211 Anah.
1491 2170 1527 2220 1,
1547 2170 1591 2221 7,

137 2223 179 2266 7.
210 2221 330 2275 ὑμῶν
359 2225 406 2266 δὲ
431 2226 535 2266 τῶν
554 2221 630 2266 Ἑλ
642 2225 816 2280 λήνων
846 2225 919 2266 καὶ
956 2224 1172 2279 στέφανον
1204 2221 1374 2279 ἑκάστῳ
1399 2225 1588 2277 χρυσοῦν

137 2275 281 2320 δώσω.
342 2279 430 2335 Qui
457 2283 531 2322 καὶ
557 2280 666 2338 afim)
699 2278 723 2335 ἡ
755 2280 894 2329 κτίσις
914 2281 977 2321 sic
999 2281 1324 2335 explicuerunt:
1345 2305 1396 2312 —
1422 2281 1514 2321 fore
1539 2287 1589 2322 ut

134 2335 218 2376 vel
240 2336 343 2389 ipse
360 2336 551 2379 Mundus
571 2338 602 2380 i.
622 2352 661 2380 e.
682 2352 761 2378 mm
781 2337 964 2378 homines
980 2337 1278 2389 tantummodo,
1297 2349 1438 2378 verum
1456 2336 1588 2378 etiam

133 2389 326 2433 Mundus
350 2393 585 2435 honzim‘bus
609 2393 813 2441 deterior,
842 2392 1000 2448 quippe
1030 2398 1169 2433 mente
1187 2396 1230 2433 et
1247 2406 1378 2434 sensu
1400 2390 1587 2433 destitu-

132 2449 206 2487 tus
231 2447 586 2501 (sseophylactus
612 2454 712 2505 post
733 2448 899 2500 Chrysa
932 2446 1025 2499 οὖχί
1055 2446 1107 2488 σὺ
1127 2444 1281 2500 μόνος,
1313 2445 1426 2489 ἀλλὰ
1444 2449 1516 2489 καὶ
1532 2446 1582 2490 τὸ

131 2501 472 2559 καταδεέστερόν
514 2518 595 2546 σου
631 2507 703 2545 καὶ
742 2501 792 2544 τὸ
833 2500 1003 2556 ἄψυχον
1034 2505 1106 2544 καὶ
1133 2500 1458 2558 ἀναίσθητον.);
1496 2504 1586 2557 ipse

131 2557 234 2598 adeo
257 2557 461 2611 Mundus,
492 2560 600 2616 quod
616 2560 731 2602 dictet
753 2560 1010 2609 inopinatam
1031 2564 1093 2600 est
1116 2565 1156 2601 et
1179 2560 1373 2602 mirabile
1390 2558 1584 2613 (Koetln.

130 2611 282 2656 Reich.
313 2613 524 2668 Meyer-Q:
554 2616 618 2657 vel
644 2617 732 2669 ipse
761 2613 972 2666 Blandus,
1010 2614 1110 2670 qui,
1141 2615 1180 2656 si
1210 2614 1434 2656 subtiliter
1462 2615 1584 2669 loqui

128 2668 367 2724 placuerit,
424 2671 598 2712 liberari
623 2671 788 2726 nequit,
837 2685 961 2726 quum
1001 2671 1185 2712 homines
1214 2672 1377 2724 possint
1407 2668 1581 2722 (ldW.;

126 2728 172 2764 at
193 2723 354 2766 Mundo
378 2740 589 2781 personae
623 2733 770 2781 partes
798 2725 922 2766 datae
942 2731 1084 2777 sunt),
1122 2727 1338 2767 notionem
1368 2740 1390 2765 a
1417 2723 1468 2768 P.
1492 2726 1583 2766 dis-

123 2781 350 2835 putatione
380 2782 564 2822 alienam
587 2782 631 2821 in
652 2783 762 2823 hunc
785 2782 813 2824 l.
837 2783 1100 2834 intulerunt,
1129 2797 1225 2823 esse
1251 2781 1398 2822 mundi
1421 2781 1580 2822 machi-

124 2848 222 2877 nam
252 2838 354 2893 quia
388 2851 527 2893 neque
556 2844 694 2879 mente
717 2852 855 2892 neque
876 2852 1003 2880 sensu
1027 2838 1224 2894 praedita
1245 2838 1304 2880 sit
1331 2837 1580 2879 hominibus
