1715 3115
517 207 674 254 CAP.
706 207 836 255 Vll.
876 208 970 254 vs.
1003 207 1100 254 14..
1493 206 1552 248 45

83 317 256 362 nomine
276 318 555 374 loqueretur,
594 315 665 372 qm·
695 315 831 357 adhuc
861 315 1062 358 Peccata?
1079 312 1286 356 servirent
1315 312 1493 354 necdum
1521 326 1549 353 a

82 377 245 420 Christo
265 376 308 416 in
331 375 573 417 libertatem
595 371 800 414 vindicati
828 378 966 413 essent
996 374 1057 424 (v.
1079 384 1120 413 v.
1141 370 1251 424 24.).
1313 367 1551 410 Praeteriit

81 434 186 474 haec
226 445 298 473 res
337 431 406 472 vel
456 428 868 486 1)ra(¹‚st.'1ntissinlos
911 429 1191 486 interpretes.
1278 424 1346 468 Cf.
1386 425 1552 480 Beny.‚

81 489 238 533 Ileum.
269 494 313 529 et
346 487 524 541 Kmtpp.
564 486 730 542 Opusc.
771 499 814 540 p.
849 485 967 528 405..
1027 481 1207 535 οἴδαμεν
1245 482 1358 537 γὰρ]
1392 481 1552 534 Semi„

80 545 250 600 Kopp.‚
283 544 442 595 Hau„
473 542 619 585 Belcle.
641 542 701 585 al.
720 540 998 599 conjecerunt
1028 534 1127 581 nida
1154 540 1233 590 μὲν
1261 537 1367 592 γὰρ,
1398 553 1550 594 quem-

79 600 311 642 admodum
343 600 419 640 alii
440 598 626 650 J0h.21,
645 598 717 641 24.
750 599 823 638 καὶ
846 593 945 639 οἶδα
972 596 1051 649 μέν
1083 597 1277 637 fecerunt
1299 609 1348 635 ex
1379 597 1453 636 καὶ
1483 591 1550 636 οἴ-

82 658 232 711 δαμεν.
275 656 400 712 Quae
420 655 665 712 conjectura
691 668 772 695 non
796 655 936 695 solnm
960 653 1129 695 inutilis
1142 658 1224 705 est,
1256 653 1548 693 verumetiam

80 728 207 757 vana.
266 713 445 770 Optime
474 712 588 753 enim
620 711 748 752 habet
770 706 949 761 οἴδαμεν
970 707 1077 765 γάρ,
1120 710 1211 751 sive
1245 706 1428 750 Paulum
1451 721 1549 750 ver-

79 770 150 812 bis
170 766 350 822 οῗδαμεν
370 767 473 824 γὰρ,
506 766 575 811 ὅτι
598 763 620 807 ὃ
642 770 695 808 Ν.
721 782 792 808 nr.
814 765 931 808 ἐστιν
949 767 1214 810 Judaeornm
1237 765 1449 807 rationem
1471 765 1549 806 ha-

80 826 230 869 huisse
262 827 444 882 (scimus
473 830 687 881 quotquot
716 837 825 879 quae
860 822 974 865 dicta
1007 828 1109 864 sunt
1134 822 1301 879 experti
1330 837 1481 864 sumus
1507 836 1550 866 v.

81 884 125 928 8.
144 898 212 940 sq.
245 884 288 926 h.
309 897 344 924 e.
370 883 485 923 inter
518 897 596 923 nos
624 886 794 922 constat
816 879 1055 933 Iudaeos),
1095 885 1185 920 tum
1216 879 1433 921 schemate
1461 893 1548 934 quo

84 954 217 997 supra
249 953 355 980 usus
385 944 453 980 est
473 939 621 980 statim
646 937 835 993 repetito
860 951 949 992 eyo
977 941 1146 989 aedem,
1184 936 1258 992 qui
1279 934 1549 979 Judaeorum

80 1010 310 1054 personam
337 1001 487 1045 teneo,
526 996 692 1047 corpori
720 994 885 1035 deditus
913 1008 1005 1034 sum
1036 992 1088 1045 (i.
1111 1006 1150 1035 e.
1182 1006 1256 1034 nos
1281 1007 1322 1035 a.
1343 1008 1379 1034 c.
1410 992 1548 1034 dediti

82 1067 233 1095 sumus
252 1052 431 1102 Judaei)
454 1050 678 1092 addidisse
698 1050 948 1098 existimes,
979 1049 1070 1091 sive
1093 1049 1384 1102 Ghvysostomo
1402 1047 1550 1104 (ὡμο-

82 1109 321 1165 λογημὲνον
350 1110 484 1149 τοῦτο
515 1108 587 1149 καὶ
619 1107 751 1163 δῆλον
781 1104 899 1148 ἐστιν
927 1104 997 1148 ὅτι
1017 1105 1312 1156 πνευματικός
1330 1104 1444 1159 ἐστι)
1474 1119 1549 1147 as-

81 1180 238 1208 sensus
258 1165 480 1222 Apostolo
510 1160 689 1215 οἴδαμεν
718 1162 826 1203 nihil
855 1163 941 1204 nisi
965 1166 1131 1204 constat
1152 1162 1342 1203 valuisse
1362 1162 1551 1220 judices.

81 1221 272 1266 Accedit
294 1221 407 1277 qnod
428 1220 609 1263 semler&
630 1220 877 1277 conjectura
901 1220 968 1261 vel
987 1224 1219 1276 propterea
1242 1219 1550 1275 improbabilis

82 1286 175 1332 est,
213 1278 328 1335 qnod
359 1276 411 1322 P.
439 1276 558 1318 istud
589 1270 768 1329 oz'dasm
799 1274 1028 1317 admodum
1054 1277 1351 1331 frequentavit
1369 1276 1411 1330 2,
1430 1276 1473 1319 2.
1504 1277 1550 1331 3,

81 1337 154 1380 19.
184 1335 226 1388 8,
253 1335 342 1379 28..
409 1333 616 1388 Denique
646 1333 750 1388 qnid
790 1332 875 1373 sibi
904 1333 1010 1375 velit
1040 1330 1120 1384 μέν
1175 1346 1297 1374 arum
1327 1333 1550 1389 intelligo.

82 1393 190 1436 Cum
221 1387 320 1432 οἶδα
349 1390 518 1446 inquit,
554 1392 805 1446 copulatum
835 1393 903 1430 est
928 1387 1007 1442 μέν
1039 1402 1122 1444 quo
1182 1388 1236 1430 ad
1266 1383 1289 1429 ὁ
1319 1386 1473 1442 Νόμος
1502 1388 1548 1445 [ὃ

81 1450 160 1504 μὲν
182 1445 352 1503 Νόμος]
376 1447 585 1504 pertinet.
634 1446 702 1489 Cf.
721 1449 758 1489 1.
781 1444 992 1498 Cor.5‚5.
1023 1442 1105 1500 ἐγώ
1126 1444 1223 1499 μὲν
1243 1444 1325 1502 γὰρ
1344 1442 1401 1496 ὡς
1422 1444 1549 1488 ἀπὼν

81 1507 143 1562 τῷ
165 1502 361 1557 σώματι,
390 1501 581 1559 παρών
607 1502 664 1544 δὲ·
690 1507 753 1543 τῶ
774 1500 991 1552 πνεύματι
1012 1509 1118 1554 etc.‚
1150 1502 1225 1544 uhi
1244 1502 1324 1556 μέν
1343 1503 1396 1544 ad
1420 1501 1549 1545 ἀπών

82 1560 358 1605 referendum
393 1565 484 1611 est,
515 1561 620 1602 Act.
642 1559 712 1609 22,
730 1559 772 1602 3.
800 1563 845 1601 et
872 1559 979 1603 Win.
1008 1572 1071 1614 gr.
1088 1559 1208 1603 514..
1267 1561 1335 1601 At
1363 1558 1548 1602 Paulum

83 1634 124 1664 v.
139 1619 206 1662 14.
230 1632 314 1659 non
339 1618 418 1658 hoc
438 1615 626 1659 dixisse:
658 1616 757 1657 novi
779 1616 916 1668 enim,
944 1620 1035 1657 tum
1055 1615 1197 1657 Mosis
1216 1614 1355 1670 legem
1378 1631 1549 1673 puram,

82 1680 173 1718 tum
194 1674 488 1730 meimpurum
509 1687 623 1725 esse,
653 1670 866 1715 Peccatus
882 1685 1079 1716 servum:
1108 1686 1161 1714 ex
1182 1685 1234 1714 eo
1253 1673 1549 1728 cognoscitur,

83 1731 201 1787 qnod
231 1746 270 1775 v.
293 1731 361 1773 15.
389 1744 473 1772 non
492 1734 630 1772 totum
661 1743 726 1772 νε.
751 1730 846 1782 14.,
877 1728 954 1770 sed
974 1729 1128 1771 ultima
1151 1727 1281 1785 hujus
1301 1744 1367 1774 νε.
1390 1744 1430 1775 ν.
1455 1745 1550 1773 mu-

83 1787 210 1831 nivit.
267 1785 554 1844 Perspicuum
573 1790 641 1828 est
663 1786 825 1841 igitur,
855 1784 1040 1828 Paulum
1062 1800 1085 1826 a
1103 1785 1247 1827 verbis
1269 1783 1353 1841 ἐγιὺ
1372 1787 1420 1829 δὲ
1441 1801 1550 1845 σαρ-

85 1841 209 1891 κικός
229 1840 319 1895 εἶμι
349 1857 499 1884 novam
520 1848 564 1885 et
586 1857 696 1899 quae
718 1843 786 1884 sui
813 1843 926 1900 juris
958 1843 1018 1884 sit
1047 1843 1307 1884 sententiam
1339 1843 1478 1886 ordiri
1505 1849 1551 1887 et

84 1900 181 1942 fani
200 1898 503 1952 Rueclfertum,
534 1901 608 1955 qui
626 1899 680 1940 ad
702 1891 814 1956 Ephi
833 1900 875 1951 5,
896 1900 938 1943 8.
970 1913 1013 1957 p.
1033 1899 1133 1943 228.
1164 1900 1434 1956 Apostolum
1456 1915 1549 1944 mo-

85 1970 133 1998 re
156 1969 234 1997 suo
253 1957 331 2005 μέν
350 1961 448 1995 ante
468 1953 601 2007 νόμος
627 1950 672 2009 (ὅ
691 1957 770 2008 μὲν
789 1953 961 2008 Νόμος)
992 1955 1223 1997 reticuisse
1245 1957 1468 1998 contendit
1485 1960 1550 2012 (v.

86 2017 178 2055 not.
211 2009 264 2051 ad
289 2012 355 2062 10,
378 2011 482 2064 19.).
541 2011 595 2051 Et
622 2015 670 2051 ut
699 2008 879 2063 οἴδαμεν
907 2012 1017 2052 nihil
1045 2018 1351 2068 praeterquam
1381 2019 1550 2058 constat

83 2066 227 2110 Paulo
249 2066 561 2115 declaraverit,
592 2080 746 2122 aspera
768 2074 910 2107 tamen
931 2073 976 2109 et
996 2067 1251 2109 inconcinna
1278 2069 1413 2111 fuerit
1442 2071 1549 2113 haee

83 2123 292 2181 loquendi
314 2121 479 2179 forma:
513 2119 747 2176 οἴδαμεν
776 2119 883 2178 γὰρ,
915 2119 984 2165 ὅτι
1011 2121 1034 2166 ὁ
1063 2125 1142 2175 μὲν
1165 2122 1319 2177 Νόμος
1347 2140 1549 2179 πνευμα-

84 2190 208 2242 τικός
239 2190 379 2243 ἐστιν,
422 2181 534 2247 ἐγώ
565 2192 622 2234 δὲ
652 2187 923 2245 σαρκικός
952 2187 1083 2243 εἶμι.
1148 2190 1262 2234 Nam
1296 2193 1549 2247 significatu

85 2249 259 2306 quidem
292 2243 472 2301 οἴδαμεν
500 2253 622 2289 notat
651 2253 861 2299 noemam,
902 2247 1099 2304 quamvis
1130 2263 1235 2290 usus
1265 2264 1316 2291 eo
1344 2251 1549 2304 valuerit,

84 2312 135 2349 nt
155 2305 266 2347 nihil
289 2305 374 2346 nisi
403 2309 569 2346 constat
597 2304 882 2357 cogitaretur.
936 2300 1115 2357 οἴδαμεν
1135 2304 1237 2361 γὰρ]
1264 2306 1328 2350 Λ.
1347 2305 1406 2350 D.
1428 2306 1480 2351 E.
1503 2314 1549 2351 et

86 2363 215 2421 pauci
234 2361 313 2402 alii
342 2357 521 2413 οἴδαμεν
548 2361 595 2404 δὲ
617 2365 783 2403 constat
814 2364 986 2402 autem
1009 2361 1062 2416 (i.
1080 2376 1119 2405 e.
1139 2367 1187 2403 ut
1214 2363 1547 2419 praecedentem

86 2418 344 2462 sententiam
371 2417 622 2474 explicem.)
681 2416 953 2458 Vocabulum
980 2415 1296 2472 πνευματικός,
1335 2419 1452 2475 quod
1480 2422 1546 2464 ita

84 2474 272 2519 Paulum
296 2474 338 2516 h.
359 2473 390 2517 l.
415 2473 616 2529 posuisse
637 2477 684 2516 ut
706 2488 757 2515 ne
779 2473 872 2529 ipse
894 2472 1066 2557 “lumem
1087 2473 1182 2516 e’us
1205 2474 1289 2517 vim
1315 2477 1424 2519 satis
1445 2491 1548 2535 per-

85 2539 253 2590 ceptam
285 2529 467 2571 haberet
494 2530 652 2574 Rueck.
682 2531 839 2572 statuit
869 2531 963 2585 (.)‚
1002 2531 1043 2572 ei
1069 2545 1097 2588 p
1119 2545 1246 2574 anum
1276 2532 1336 2575 sit
1364 2547 1545 2577 necesse

86 2595 179 2642 est,
218 2587 405 2657 quitum
437 2583 514 2627 τὸν
535 2583 685 2639 Νόμου
712 2601 940 2641 personam
966 2586 1137 2640 induci,
1173 2591 1263 2630 tum
1289 2590 1380 2632 voci
1407 2605 1546 2632 πνευ-

66 2659 270 2699 ματικος
296 2656 442 2711 focem
472 2639 680 2698 σαρκικός
705 2643 892 2700 opponi,
941 2658 1052 2698 quae
1077 2643 1224 2687 verbis
1260 2645 1546 2702 πεπραμένος

85 2698 176 2745 ὑπὸ
204 2699 283 2757 τὴν
313 2697 542 2752 Αμαρτίαν
569 2708 809 2756 exponatur
839 2699 1211 2743 animadverterit.
1281 2701 1378 2745 Jam
1404 2718 1544 2745 πνευ-

85 2757 266 2812 ματικοί
284 2762 385 2798 sunt
405 2755 479 2811 qui
498 2754 652 2809 spiritu
671 2770 706 2799 s.
728 2756 944 2797 ducuntur
975 2758 998 2798 1
1019 2757 1122 2803 Cor.
1142 2758 1184 2811 3,
1206 2758 1247 2801 1.
1273 2759 1341 2810 12,
1366 2760 1405 2802 1.
1438 2759 1542 2805 Gal.

87 2816 131 2866 6,
160 2815 218 2857 1..
274 2812 565 2868 Quamobrem
597 2820 801 2854 errarnnt
830 2818 872 2854 et
903 2812 977 2869 qui
1001 2812 1294 2868 πνευματικός
1322 2814 1376 2856 ad
1399 2815 1542 2858 Deum

88 2870 265 2928 (Grot.:
302 2871 374 2913 lex
395 2883 421 2912 a
442 2869 534 2911 Deo
548 2868 744 2925 prosecta
763 2873 849 2924 est,
889 2870 964 2926 qui
992 2875 1061 2916 est
1088 2871 1267 2929 spiritus
1285 2885 1420 2928 purus
1444 2872 1542 2917 nul-
