1715 3115
462 196 619 244 CAP.
651 196 750 242 lx.
796 196 890 242 Vs.
924 196 992 242 17.
1025 197 1111 242 18..
1455 200 1542 244 323

60 313 106 352 et
125 304 325 350 contexta
347 302 547 346 oratione
569 305 744 359 petatur
762 299 968 358 (Josepb.
990 300 1052 344 A.
1076 299 1119 344 J.
1138 299 1181 353 8,
1202 302 1271 354 11,
1296 305 1334 346 l.
1363 305 1432 355 βα
1444 316 1536 346 σι-

60 362 190 413 λεύς
227 362 310 416 γὰρ
351 357 617 414 ἐξεγείρεταί
646 373 715 407 τις
744 354 818 400 ὑπ’
848 356 957 410 ἐμοῦ
996 357 1079 399 τοῦ
1115 357 1227 399 λαοῦ
1256 358 1423 409 παντὸς
1443 366 1534 414 -),

61 420 137 463 sed
160 418 330 475 respuit
351 417 428 458 has
449 415 763 472 explicationes
784 414 1006 456 conclusio
1027 428 1066 457 ν.
1091 414 1160 458 18.
1185 406 1234 456 ὃν
1252 414 1382 458 θέλει
1403 418 1536 473 σκλη-

59 474 182 532 ρύνει
203 474 282 529 (cf.
307 475 478 530 supra).
518 468 720 528 ἐξήγειρά
742 473 807 523 σε]
837 476 911 523 „te
935 471 1124 523 servavi,
1164 470 1304 515 Codd.
1332 487 1403 529 ap.
1423 473 1536 516 Am-

59 530 296 576 brosiast.''
325 530 648 584 Griesbaclzius.
701 526 871 584 Nempe
890 526 1035 579 latini,
1065 541 1149 568 non
1169 528 1332 580 graeci.
1395 530 1537 573 Dubi-

59 594 211 632 tarunt
234 586 406 638 Latini,
436 593 582 627 utrum
606 581 810 640 ἐξήγειρά
840 597 888 625 σε
915 588 958 626 tc
980 584 1205 637 suscitavi,
1235 598 1290 626 an
1310 590 1353 627 te
1369 588 1538 631 servavi

59 644 315 690 vertendum
352 650 486 686 esset.
537 643 663 690 ὅπως
698 639 961 693 ἐνδείξωμαι
989 664 1045 671 —-·
1075 639 1121 683 ἐν
1147 637 1272 699 πάσῃ
1304 643 1358 697 τῇ
1385 644 1456 700 γῆ]
1488 650 1538 687 ut

59 701 331 746 ostenderem
360 700 403 743 in
435 706 478 741 te
505 702 576 754 (en
607 698 664 742 bit
694 698 737 741 h.
768 712 808 742 e.
841 711 972 753 quum
1002 702 1046 739 te
1078 696 1304 754 perderem
1335 699 1473 744 Exod.
1493 704 1537 754 9,

63 761 132 802 15.
163 759 218 801 ci.
252 759 363 799 infra
394 756 547 807 v.22.,
592 755 667 796 ubi
704 753 753 799 P.
783 768 927 796 vocem
954 761 1149 798 nostram
1191 756 1383 813 explieat
1411 755 1451 800 εὶ
1489 759 1538 801 δὲ

60 816 210 859 θέλων
241 813 264 855 ὁ
292 815 401 863 θεὸς
431 809 801 862 ἐνδείξασθαι
831 809 928 868 τήν
959 809 1126 869 ὀργὴν
1153 814 1227 855 καὶ
1254 813 1467 869 γνωρίσαι
1486 814 1538 858 τὸ

61 866 500 922 ὁυναῑὸναῦτοῦ-;)
524 869 606 910 vim
630 882 764 910 meam
779 873 821 910 et
842 874 890 910 ut
909 868 1380 924 divulgareturnomen
1398 886 1538 914 meum

61 930 106 972 in
130 934 222 970 toto
243 935 459 969 terrarum
481 926 586 967 orbe
605 926 681 977 (cf.
702 925 841 968 Exod.
866 925 1016 978 14‚17.
1039 941 1107 982 sq.
1136 926 1377 980 Nehem.9‚
1402 931 1510 983 10.).

180 984 239 1027 V.
274 983 341 1027 18.
388 983 607 1024 Summam
642 981 691 1026 P.
722 983 826 1024 facit
852 989 952 1024 ante
989 983 1204 1026 dictorum
1234 999 1274 1028 V.
1301 986 1373 1028 14.
1394 1011 1447 1016 —-
1469 987 1539 1032 17.

66 1041 151 1093 ita,
182 1048 229 1082 ut
251 1055 335 1082 non
356 1053 467 1096 quae
489 1039 855 1081 demonstraverit
876 1046 1028 1081 cuncta
1053 1041 1204 1110 paucis
1225 1042 1542 1098 complectatur

65 1103 182 1150 (nain
222 1098 301 1139 hoe
340 1102 467 1154 pacto
499 1088 585 1150 ἷὶρα
615 1090 690 1138 οὖν
726 1089 775 1137 ὃν
814 1094 1006 1153 ἀγαπᾷ
1044 1097 1179 1146 elegi,
1219 1092 1269 1139 ‘dv
1307 1100 1356 1142 δὲ
1383 1101 1544 1152 μισεῖ

66 1151 294 1209 σκληρύνει
328 1154 419 1194 καί
451 1149 691 1204 οὐδεμία
720 1150 875 1207 παρὰ
903 1153 975 1208 τῷ
997 1154 1111 1209 θεῷ
1142 1152 1341 1197 ἀδικία
1372 1155 1541 1200 ἐστίν.

64 1212 259 1252 scribere
287 1210 521 1252 debuerat:
565 1209 761 1265 expende
794 1223 858 1252 VS.
892 1211 960 1253 11.
982 1234 1038 1240 —
1063 1212 1128 1254 17.
1157 1217 1202 1252 et
1229 1212 1286 1256 cf.
1317 1211 1543 1269 Bezam.),

64 1267 140 1309 sed
170 1272 217 1308 ut
245 1267 404 1308 salutis
433 1266 676 1310 inessiauae
705 1273 749 1308 et
778 1265 1056 1308 donationem
1085 1272 1130 1308 et
1159 1267 1492 1320 denegationem
1513 1285 1542 1314 a

64 1324 151 1368 Dei
180 1323 395 1366 voluntate
431 1321 620 1379 pendere
658 1322 700 1364 ἱη
738 1323 979 1364 universum
1010 1332 1198 1367 moneat.
1267 1325 1355 1368 Sed
1386 1327 1542 1380 fuisse,

65 1381 141 1438 qui
173 1379 312 1422 Paulo
343 1385 444 1420 ante
476 1379 677 1435 exposita
707 1379 777 1419 hic
800 1380 1203 1435 comprehendenda
1231 1382 1370 1424 fuisse
1388 1384 1543 1426 existi-

64 1441 258 1489 marent,
297 1435 458 1476 indicio
489 1442 558 1477 est
586 1435 798 1475 correctio
826 1433 908 1478 Mt.
930 1450 968 1478 c.
997 1431 1046 1477 ὃν
1073 1438 1121 1479 δὲ
1152 1435 1213 1479 οὐ
1241 1439 1371 1481 θέλει
1401 1441 1542 1496 σκλη-

64 1490 199 1552 ρύνει.
259 1491 480 1535 Nimirum
510 1491 722 1532 librarius
745 1491 823 1531 hac
851 1492 1071 1534 sententia
1095 1507 1205 1548 opus
1227 1508 1325 1535 esse
1349 1497 1543 1551 putavit:

63 1549 409 1592 misericordiam
446 1548 566 1589 Deus
595 1548 633 1588 ei
656 1548 812 1589 tribuit
829 1562 908 1603 qno
925 1548 1165 1591 delectatur
1183 1549 1354 1604 (LXX.
1380 1550 1450 1594 ΡΞ.
1470 1553 1542 1604 21,

65 1608 130 1659 9.)
149 1606 332 1664 ejusque
365 1605 554 1646 animum
585 1604 853 1646 obstinatum
884 1603 1051 1654 reddit,
1084 1619 1169 1660 quo
1189 1621 1269 1648 non
1289 1607 1542 1652 delectatur.

64 1662 161 1706 Imo
186 1662 237 1708 Ρ.
257 1662 463 1719 quidnam
486 1661 762 1718 praecedenti
782 1675 822 1704 v.
845 1660 978 1702 14.-
993 1662 1060 1705 17.
1081 1662 1370 1718 disputationi
1391 1679 1543 1706 assen-

67 1734 145 1762 sus
175 1721 225 1762 de
257 1720 410 1761 ultima
438 1718 598 1759 salutis
636 1717 880 1758 messianae
909 1717 1040 1759 eausa
1070 1723 1266 1761 statuere
1285 1720 1449 1763 debeas
1467 1723 1545 1763 de-

64 1777 315 1818 claraturus
352 1775 458 1816 haee
486 1775 615 1817 dicit:
654 1767 741 1828 ι’ἰρα
771 1769 846 1815 οὖν
871 1767 920 1814 ὃν
938 1773 1067 1815 θέλει
1089 1779 1170 1826 (sc.
1194 1775 1350 1831 ἐλεεῖν)
1380 1777 1540 1821 ἐλεεῖ.

67 1833 218 1888 itaque
247 1846 344 1886 erqo
371 1830 705 1873 misericordimn
735 1831 853 1873 Dens
892 1830 1043 1872 tribuit
1070 1831 1330 1887 felicitatem
1363 1835 1542 1876 messia-

66 1904 168 1931 nam
190 1887 466 1942 impertiendo
487 1889 547 1941 (ν.
568 1900 633 1929 VS.
653 1887 725 1930 23.
746 1887 800 1928 el.
824 1893 914 1930 not.
936 1886 990 1928 ad
1015 1901 1052 1930 v.
1080 1889 1167 1939 15.)
1186 1889 1333 1943 quibus
1356 1889 1544 1934 tribuere

68 1945 210 1996 vult,
241 1957 349 1996 ergo
377 1957 456 1996 pro
487 1942 682 1984 arbitrio.
745 1943 864 1984 Haec
887 1948 1003 1985 reete
1028 1958 1051 1985 e
1078 1960 1140 1988 vs,
1161 1946 1228 1989 15.
1248 1945 1401 1988 effecta
1422 1954 1543 1992 sunt.

64 2001 199 2044 Dixit
219 2002 332 2043 enim
355 1999 414 2040 ibi
437 1999 559 2041 Deus
583 1998 697 2039 Mosi
730 1997 942 2055 ἑλεήσιν)
973 1993 1029 2040 ’ὃν
1061 1998 1121 2041 ἂν
1148 2000 1285 2043 ἐλεῶ
1315 2009 1359 2045 et
1389 2005 1544 2058 regula

67 2058 137 2112 his
170 2073 208 2102 ν.
241 2056 463 2109 enuntiata
502 2055 728 2097 beatitatis
759 2056 1022 2108 messiauae,
1062 2071 1173 2113 quae
1201 2060 1362 2101 nemini
1393 2075 1415 2100 a
1445 2061 1544 2103 Deo

64 2115 301 2167 debeatur,
340 2113 619 2166 largitionem
649 2113 964 2168 complectatur
999 2127 1175 2155 necesse
1202 2121 1270 2157 est
1288 2119 1351 2170 (v.
1374 2124 1466 2161 not.
1487 2118 1544 2160 ad

68 2187 110 2216 ι’.
143 2172 249 2224 15.).
307 2166 355 2211 Ὅ
386 2167 497 2218 θεός
533 2175 634 2226 post
670 2162 718 2208 ’ἂν
750 2168 874 2211 θέλει
912 2169 960 2212 Ρ.
993 2184 1075 2211 non
1108 2171 1221 2227 quod
1251 2173 1395 2215 ainimo
1426 2181 1546 2216 esset

67 2229 343 2271 vehementer
362 2234 574 2267 commoto
600 2225 775 2266 reticuit
794 2225 1032 2277 (Rectum),
1072 2227 1147 2268 sed
1180 2229 1279 2284 quia
1303 2245 1432 2272 eausa
1458 2246 1542 2274 non

67 2285 153 2328 tuit
179 2299 255 2326 cur
286 2283 514 2340 adjiceret.
576 2283 687 2323 Nam
712 2281 854 2324 Deum
887 2297 983 2324 esse
1005 2283 1255 2341 Subjectum
1276 2293 1319 2328 et
1341 2302 1363 2328 e
1387 2302 1432 2329 re
1454 2303 1543 2330 ma-

69 2343 276 2384 nifestum
306 2346 371 2382 est
406 2347 448 2381 et
476 2355 497 2380 e
521 2355 584 2382 vs.
614 2341 700 2388 17.‚
735 2339 806 2379 ubi
828 2339 952 2381 Deus
974 2340 1159 2396 loquens
1182 2342 1420 2388 inducitur.
1461 2338 1543 2387 ι’ον

68 2399 119 2442 δὲ
146 2397 276 2441 θέλει
306 2402 387 2449 (sc.
417 2394 692 2452 σκληρύιέιν)
733 2393 984 2451 σκληρύνει]
1025 2412 1171 2452 quem
1212 2405 1388 2442 autem
1428 2403 1542 2444 vult

65 2459 378 2506 contumacem,
439 2455 527 2509 qui
571 2466 665 2507 pro
709 2456 808 2493 snt?
863 2455 1205 2496 contumacia
1253 2455 1542 2509 felicitate

67 2512 345 2554 messiane
385 2510 610 2552 excidat
643 2509 718 2560 (cf.
750 2523 789 2551 v.
813 2510 883 2552 22.
911 2510 1113 2562 11,25.),
1154 2511 1352 2564 reddere,
1385 2514 1541 2558 reddit.

66 2567 190 2610 Haec
222 2572 338 2608 recte
366 2568 456 2623 Ap.
485 2581 507 2607 e
541 2581 604 2608 νς.
631 2566 696 2606 17.
731 2565 960 2606 conclusit.
1032 2566 1202 2608 Sumsit
1243 2569 1383 2622 euim,
1431 2585 1542 2626 quae

66 2623 209 2667 Exod.
229 2625 271 2675 9,
296 2625 359 2666 16.
383 2622 599 2665 Pharaoni
621 2637 642 2661 a
671 2622 764 2662 Deo
785 2621 990 2663 dicuutur
1010 2622 1170 2665 idcirco
1192 2624 1303 2675 dici,
1334 2634 1380 2668 ut
1402 2627 1540 2669 homi-

67 2694 170 2734 neS,
201 2694 310 2737 quos
338 2681 585 2722 fortunatos
618 2678 800 2719 reddere
826 2680 950 2729 ttulit,
982 2687 1257 2723 contumaces
1282 2682 1419 2724 Deum
1442 2685 1542 2725 red-

65 2736 197 2787 dere,
237 2751 289 2778 ne
318 2751 396 2793 per
429 2736 653 2779 Christum
685 2735 892 2785 beentur,
930 2742 1134 2791 tanquam
1158 2752 1235 2794 per
1261 2745 1540 2782 transennam

67 2794 195 2836 nobis
227 2793 485 2835 ostendatur
517 2796 579 2849 (v.
615 2798 701 2833 not.
720 2791 772 2832 ad
798 2806 836 2835 v.
864 2793 968 2845 17.).
1034 2791 1165 2835 Θέλει
1187 2803 1287 2836 ante
1308 2794 1540 2853 σκληρύνει

64 2851 273 2892 omittunt
303 2849 373 2893 28.
396 2850 470 2892 45.
498 2849 642 2891 Mimo
675 2847 851 2903 Proieg.
882 2850 923 2902 §.
951 2849 1099 2946 Ηξῖἰὲ
1117 2857 1280 2894 temere
1311 2855 1540 2910 probante.
