1715 3115
493 226 654 273 CAP.
689 226 786 272 lx.
845 227 939 272 Va.
972 228 1013 273 1.
1046 231 1091 272 et
1121 229 1185 275 2..
1503 233 1590 276 2⁴3

89 339 185 387 ότι
215 340 242 401 ἢ
266 341 481 399 καύχησις
499 342 610 399 αὕτη
641 339 692 383 οὗ
725 336 1003 397 φραγήσεται
1032 339 1098 392 εἷς
1119 339 1196 393 ἐμὲ
1224 340 1269 384 ἕν
1287 345 1380 393 τοῖς
1401 344 1585 397 κλίμασι

88 406 169 461 τῆς
184 399 603 454 Ἅχαῖ”ας(οοηίὶῐ·ηῐο
624 412 702 455 per
725 398 783 450 id,
806 397 921 455 qnod
943 398 1112 442 Christi
1134 399 1297 441 veritas
1322 401 1427 442 mihi
1455 402 1586 456 inest,

90 462 201 504 hane
222 456 394 501 laudem
415 482 469 488 —
495 471 576 498 non
598 460 869 497 cessaturam
895 458 1030 508 esse).
1063 455 1166 500 Gal.
1191 456 1312 508 l,20.
1346 450 1374 498 ἃ
1397 458 1445 500 δὲ
1469 457 1581 512 γρά-

131 533 165 558 ω
186 515 308 570 ὑμῖν,
342 511 443 556 ἰδοὺ
475 509 723 555 ἐνώπιον
751 509 851 554 τοῦ
878 514 1021 555 θεοῦ
1050 514 1100 568 (2
1122 512 1224 556 Cor.
1247 515 1288 566 2,
1310 515 1379 559 17.
1412 516 1436 556 l
1458 515 1582 561 Tim.

122 573 227 627 ‚20.
258 571 356 613 scil.
397 567 533 623 λέγω
574 584 611 613 s.
643 565 881 625 γράφω),
933 569 1026 611 ὅτι
1057 566 1109 612 οὐ
1139 567 1385 626 ψεύδομαι.
1445 571 1582 617 Hom.

89 627 218 675 ILT'.
246 641 288 672 v.
309 627 410 669 258.
449 622 582 668 ἴστω
622 626 711 668 νῦν
750 623 890 674 Ζεῑῖς
930 628 1109 682 πρῶτα,
1161 627 1283 670 θεῶν
1309 624 1484 678 ὕπατος
1505 630 1582 671 καὶ

92 692 298 753 ἄριστος,
325 696 331 747 Ι
360 693 424 749 Γῆ
443 709 490 735 τε
511 690 776 741 καὶἨέλιος
798 690 1098 750 καὶἘριννύες
1117 719 1170 726 -
1193 718 1245 725 —
1274 692 1336 750 μὴ
1357 696 1436 748 μὲν
1467 688 1581 753 ἐγώ

93 750 234 809 κούρῃ
276 748 490 807 Βρισηΐδι
537 746 641 804 χεῖρ’
674 747 897 791 &nentium
930 775 1005 794 --.
1075 748 1389 794 Nominafivus
1427 751 1515 807 ἐγώ
1554 767 1580 795 a

94 808 314 852 sententia
343 805 501 864 pendet
536 807 577 847 in
607 805 756 848 verbis
800 803 909 847 ἴστω
946 804 1061 855 Ζεύς
1088 807 1278 860 latente,
1323 823 1442 865 quae
1473 812 1582 853 haec

94 872 186 910 est:
227 863 423 918 ὄμνυμι
452 863 529 905 τὸν
558 860 790 918 Κρονίδην.
851 862 927 905 Sic
958 863 1002 908 h.
1031 864 1063 906 l.
1094 865 1165 906 ὅτι
1193 878 1234 909 v.
1251 865 1294 909 2.
1329 866 1383 906 ab
1405 881 1583 909 asseve-

93 923 266 967 ratione
289 934 553 992 suspensum
577 925 668 972 est,
711 933 839 975 quam
862 920 1078 962 formulae
1103 935 1145 966 v.
1166 922 1206 963 l.
1228 917 1450 977 ἀλήθειαν
1468 924 1581 979 λέγω

95 980 141 1024 ἐν
160 982 246 1034 Χρ.
267 984 312 1021 et
335 993 386 1020 ov
411 975 638 1031 ψεύδομαι
664 975 708 1017 ἐν
729 969 934 1032 πνῷἆγίῳ
963 977 1191 1020 continent
1218 978 1260 1022 h.
1281 993 1342 1022 s.:
1379 979 1582 1035 confirmo

95 1051 175 1105 per
205 1035 275 1087 id,
317 1033 431 1091 quod
466 1047 612 1075 verum
642 1031 807 1086 dicam,
845 1038 893 1081 ut
913 1033 1041 1076 homo
1073 1034 1252 1087 christ„
1290 1050 1483 1079 cessei-ero
1502 1052 1583 1094 per

96 1095 167 1146 ld,
195 1090 310 1149 quod
333 1106 414 1133 non
438 1090 647 1142 mentiar,
679 1104 809 1146 quum
833 1091 1099 1132 conscientia
1122 1105 1212 1133 mea
1236 1091 1351 1147 quod
1383 1091 1585 1137 dicturus

97 1165 193 1193 sum
224 1148 476 1191 testimonio
509 1149 784 1204 comprobet,
824 1155 874 1188 ut
903 1148 979 1189 vir*
1004 1146 1093 1192 div.
1131 1149 1294 1206 spiritu
1322 1149 1583 1203 instructus,

98 1220 298 1261 maynam
342 1203 447 1246 milti
485 1203 789 1247 tristitiam
828 1218 945 1246 esse
984 1209 1026 1246 et
1063 1210 1315 1260 perpetuum
1353 1220 1584 1251 moerorem

98 1264 242 1317 anigno
277 1275 367 1303 meo
396 1262 425 1302 i.
459 1275 501 1316 q.
531 1274 596 1301 me
627 1260 670 1301 in
702 1274 857 1313 magno
892 1275 1092 1303 moerore
1121 1275 1219 1304 esse
1243 1267 1408 1304 certum
1432 1270 1586 1321 putate

99 1333 234 1378 quum
290 1318 371 1360 hoc
427 1318 653 1358 affirmans
712 1331 860 1358 verum
910 1331 978 1359 me
1028 1317 1197 1371 dicere,
1262 1325 1311 1360 ut
1367 1319 1587 1364 hominem

97 1376 278 1428 christ.,
313 1388 397 1416 non
427 1373 626 1424 mentiri,
667 1373 1020 1429 quandoquidem
1050 1376 1318 1417 conscientia
1349 1390 1444 1418 mea
1468 1375 1587 1433 q'i‘iod

98 1433 300 1481 dicturus
333 1445 429 1473 sum
458 1444 537 1472 suo
557 1429 812 1471 testimonio
833 1430 1112 1487 comprobet,
1150 1437 1199 1472 ut
1221 1431 1361 1474 virum
1384 1431 1472 1477 div.
1493 1435 1588 1491 spi-

98 1501 216 1544 ritus
234 1497 387 1540 afflatu
410 1495 653 1550 dignatum,
686 1501 882 1537 moneam
906 1488 962 1552 (A
975 1494 1196 1551 Ῑαρτυρῶ
1217 1513 1255 1545 s.
1273 1491 1589 1552 ioxvgn‘s'goptm
1652 1519 1654 1521 v

99 1556 216 1612 πρὸς
233 1555 291 1612 (s,
313 1552 388 1597 διὰ
411 1553 539 1597 Rom.
563 1553 631 1605 15,
651 1553 746 1607 30.)
774 1554 939 1595 τούτου
959 1551 1027 1596 ὅτι
1048 1551 1269 1612 ἀλήθειαν
1289 1554 1398 1610 λέγω
1420 1555 1464 1599 ἐν
1482 1559 1587 1613 Χρ.,

102 1618 155 1665 οὐ
176 1620 416 1678 ,ψεύδομαι
442 1646 499 1652 -
528 1618 574 1662 ἐν
603 1635 675 1662 scr.
704 1614 796 1674 ἆρα,
848 1611 920 1658 ὅτι
950 1621 1077 1673 mm.
1132 1618 1295 1678 Ὄὸύνη
1323 1621 1367 1666 h.
1398 1623 1431 1666 l.
1452 1625 1589 1667 (azimi

100 1679 220 1722 dolor
250 1683 318 1720 est
355 1678 399 1721 h.
427 1691 466 1719 e.
494 1691 660 1720 moeror
688 1676 840 1720 LXX.
868 1675 947 1722 Ps.
978 1678 1116 1731 12‚3..
1191 1677 1318 1733 Quae
1346 1693 1422 1721 res
1461 1695 1509 1722 se
1541 1681 1589 1724 in

101 1735 333 1778 tristitiam
369 1733 633 1791 conjecisset
664 1748 748 1775 non
779 1735 858 1776 hoc
885 1748 950 1777 vs.
987 1733 1036 1777 P.
1069 1733 1184 1776 dixit
1212 1735 1373 1791 (schol.
1403 1735 1590 1783 Matth.:

102 1788 414 1844 ἀδιάλειπτος]
474 1788 622 1832 λείπει
677 1790 770 1832 ὁιὰ
816 1789 909 1846 τὴν
957 1789 1242 1833 Ἰουδαίων
1298 1789 1592 1851 ἀποβολὴν

103 1848 254 1904 (Rom.
287 1846 467 1901 11,15.)
495 1848 585 1888 καὶ
624 1843 716 1888 διά
753 1845 848 1903 τήν
888 1843 1224 1902 datarium),
1266 1847 1344 1890 sed
1377 1850 1592 1894 indicavit

104 1904 305 1963 proximo
336 1917 417 1946 vs„
483 1901 760 1959 Interpretes
784 1903 945 1958 igitur,
985 1908 1035 1958 ut
1061 1905 1359 1960 explicarent,
1398 1920 1476 1948 cur
1495 1909 1589 1965 Ap.

104 1977 223 2011 rem,
253 1959 305 2001 de
328 1959 415 2015 qua
435 1957 629 2011 doleret,
662 1974 701 2003 v,
732 1961 774 2004 2.
807 1974 890 2002 non
916 1967 1320 2014 commemorasset,
1360 1964 1495 2005 multa
1517 1979 1592 2007 ex-

104 2018 373 2071 cogitarunt.
442 2016 542 2057 Alii
581 2015 694 2057 enim
736 2017 803 2058 vel
837 2015 973 2058 animi
1012 2017 1386 2075 perturbationem
1413 2020 1591 2077 (Flam,

111 2074 256 2119 muz.
276 2088 318 2130 p.
340 2073 381 2115 5.
400 2073 505 2127 aL),
533 2073 602 2114 vel
633 2072 801 2115 doloris
836 2073 1153 2118 vehementiam
1176 2074 1372 2130 (Reich.)
1405 2078 1591 2136 impedi-

104 2136 253 2176 mento
282 2130 447 2181 fuisse,
483 2131 717 2186 quominus
748 2145 786 2172 v.
809 2130 853 2173 2.
887 2130 1056 2173 doloris
1087 2146 1260 2173 causam
1286 2132 1470 2177 adderet
1490 2150 1593 2178 con-

104 2188 369 2239 tenderunt,
400 2187 477 2228 alii
508 2187 839 2243 perhumaniter
861 2185 1047 2230 Paulum
1082 2202 1172 2229 rem
1198 2188 1282 2245 qua
1306 2199 1594 2246 pungeretur,

106 2251 156 2289 ut
177 2246 393 2299 ingratam
412 2242 508 2300 jud.
532 2244 687 2300 stirpis
706 2244 970 2296 lectoribus,
1000 2259 1040 2287 v.
1059 2245 1102 2288 2.
1125 2259 1208 2286 non
1230 2260 1594 2292 commemorasse

106 2302 405 2359 (Theodoret.‚
436 2299 734 2356 Meyer-usal.)
753 2302 1059 2346 observarunt.
1119 2301 1315 2344 Fuerunt
1337 2305 1485 2359 etiam,
1515 2307 1594 2363 qui

107 2357 266 2401 callide
297 2356 480 2398 Paulum
514 2357 597 2412 qua
631 2371 677 2398 re
707 2357 981 2400 morderetur
1002 2373 1067 2402 VS.
1089 2359 1132 2402 2.
1157 2373 1241 2400 non
1267 2358 1456 2415 dixisse,
1487 2365 1593 2420 quia

108 2417 150 2459 ei
178 2413 368 2456 nondum
405 2420 697 2470 opportunum
731 2414 869 2456 visum
900 2421 1020 2456 esset
1050 2416 1274 2458 interitum
1313 2420 1458 2472 gentis
1498 2420 1596 2477 jud.

107 2477 261 2530 aperte
283 2472 525 2527 exprimere
551 2470 836 2526 perhiberent
858 2472 1113 2526 (Calvinus).
1174 2472 1287 2514 Mihi
1317 2476 1380 2516 sic
1408 2468 1597 2520 videtur.

80 2543 83 2546 ’
108 2529 236 2572 Licet
260 2527 471 2584 scriptori
501 2541 674 2568 causam
704 2528 768 2569 rei
795 2534 839 2569 et
866 2529 1110 2570 sententiae
1139 2528 1283 2571 obiter
1323 2531 1518 2575 intexere
1555 2539 1601 2576 et

110 2584 350 2642 separatim
372 2599 466 2625 eam
493 2598 670 2639 ponere.
720 2582 842 2626 lllud
863 2585 902 2626 si
920 2582 1058 2627 Paulo
1072 2586 1330 2643 placuisset,
1362 2589 1425 2632 sic
1445 2590 1601 2647 dispu-

110 2646 274 2685 tasset:
314 2639 442 2682 valde
466 2640 612 2682 tristis
634 2655 755 2691 sum,
793 2642 916 2697 quia,
948 2655 1079 2697 quum
1105 2657 1298 2686 meorum
1319 2648 1601 2704 popularium

112 2700 299 2741 salutem
341 2697 409 2738 vel
449 2700 544 2738 met?
587 2696 763 2738 miseriti
803 2696 1020 2740 redimere
1048 2700 1232 2754 vellem,
1281 2716 1365 2743 non
1406 2718 1604 2761 possum.

113 2753 201 2798 Sed
224 2755 303 2796 hoc
327 2751 378 2796 P.
401 2753 547 2795 lacere
568 2754 746 2797 maluit:
778 2753 831 2796 ln
853 2769 1010 2809 magno
1032 2770 1228 2799 moerore
1243 2756 1378 2815 jacio.
1440 2761 1607 2814 Nempe

111 2810 393 2871 popularium
425 2824 618 2851 meorum
647 2811 834 2852 salutem
863 2811 928 2852 ve!
959 2816 1056 2854 met?
1091 2819 1215 2871 peste
1245 2814 1532 2869 redimerem,
1565 2817 1605 2858 si

111 2881 308 2928 possem.
385 2865 638 2923 Utrumque
685 2872 804 2911 recte
852 2866 1041 2923 dicitur,
1091 2871 1179 2913 nisi
1222 2871 1337 2927 quod
1382 2874 1610 2930 posterius

1083 2935 1184 2992 Q2
