1715 3115
551 149 710 196 CAP.
742 150 838 196 Xl.
866 151 958 196 Vs.
992 154 1101 197 16..
1477 152 1563 195 491

87 256 536 300 commemorationem
563 257 674 300 viam
705 256 794 299 sibi
820 256 1055 308 straverit,
1096 260 1140 298 et
1169 255 1272 313 quia
1303 259 1394 298 toto
1419 256 1451 300 l.
1482 256 1562 301 Ju-

86 314 219 357 daeos
240 315 315 370 qui
336 314 515 357 Christo
539 314 664 356 iidem
687 313 927 371 adjecerint
948 313 1003 355 iis
1024 313 1207 357 ,ludaeis
1229 314 1323 370 Ap.
1344 327 1565 371 opposue-

85 371 170 424 rit,
202 372 276 428 qui
298 370 484 412 nondum
508 370 634 413 fidem
655 371 814 412 animis
834 370 1137 425 concepissent
1157 371 1234 426 (cf.
1254 385 1294 412 v.
1314 372 1357 413 7.
1382 365 1406 425 ἡ
1428 369 1562 413 ἐκλο-

85 426 137 483 γὴ
162 452 212 460 -
238 424 281 469 οἳ
298 428 348 469 δὲ
371 426 548 476 λοιποί,
582 442 621 470 v.
646 428 712 470 15.
736 423 760 482 ἦ
783 424 987 481 ἀποβολή
1013 433 1055 467 et
1078 421 1100 481 ἡ
1122 424 1401 482 πρός).ηψις)
1414 426 1560 469 Beelz-

85 484 197 526 mius
225 490 269 526 et
300 484 400 526 (ΗΓ.
430 484 736 529 obtenderunt.
811 483 911 524 Non
944 488 1071 524 erant
1098 484 1308 524 lectorum
1341 484 1475 524 animi
1505 483 1563 525 ad

84 541 434 597 patriarcharum
457 542 715 582 mentionem
747 539 900 582 sedulo
932 539 1241 596 praeparandi.
1308 538 1422 581 Nam
1454 540 1562 583 haec

86 596 228 640 Paulo
255 598 297 640 h.
316 598 348 640 l.
379 596 555 638 obtendi
589 610 740 653 posse:
781 596 935 639 dilexit
968 597 1086 638 Dens
1113 597 1371 638 Judaeorum
1397 611 1559 652 praye-

85 654 272 706 nitores,
301 653 354 696 ab
376 653 550 695 Judaeis
570 653 840 696 abcele'enatus
862 657 926 694 est
950 653 1138 695 lectores
1168 653 1334 694 sentire
1364 654 1560 710 prolecto

86 709 301 752 dehebant
320 717 521 765 recteque
542 716 584 751 et
604 710 714 751 satis
735 710 966 766 perspicue
989 708 1182 754 Iudaeos
1210 710 1367 762 ramis,
1407 725 1559 752 eorum

85 767 392 824 progenitores
411 780 629 808 ramorum
653 765 790 808 radici
816 766 1074 822 assimilari,
1104 768 1350 824 praeterire
1373 781 1449 809 eos
1475 782 1561 810 nou

87 828 278 881 poterat.
335 822 450 865 Tum
477 824 585 865 mire
613 838 718 866 sane
746 823 844 867 dW.
876 822 1062 880 objecit,
1093 823 1344 866 incredulos
1362 823 1559 868 Iudaeos

88 882 199 922 male
219 895 259 924 v.
285 881 352 923 17.
376 880 542 922 ωτῑεοε
562 895 706 922 ramos
729 880 963 937 appellari.
1020 880 1239 922 Mansisse
1267 881 1382 922 enim
1413 896 1488 923 eos
1515 887 1560 925 et

85 936 278 981 Judaeos
297 942 341 978 et.
363 937 712 993 patriarcharum
734 943 955 991 posteros.
1016 936 1159 993 Quasi
1180 952 1283 979 vero
1308 939 1385 980 hoc
1408 936 1462 982 P.
1483 953 1560 981 ne-

87 999 250 1049 gasset.
309 993 410 1036 Non
433 993 542 1036 vidit
565 993 626 1038 V.
649 994 708 1038 D.
730 992 917 1036 Paulum
940 1009 980 1039 v.
1005 996 1071 1038 16.
1103 995 1351 1050 generalem
1382 1000 1560 1038 senten-

87 1051 191 1092 tiam
214 1051 440 1108 proferre,
470 1051 682 1109 proximis
702 1057 843 1093 autem
870 1065 960 1096 vss.
991 1053 1091 1107 (17.
1124 1053 1224 1105 18.)
1252 1058 1560 1105 argumentum

87 1108 310 1161 refellere,
340 1108 454 1164 quod
479 1109 677 1163 generali
700 1109 944 1151 sententiae
965 1109 1125 1167 opponi
1149 1110 1382 1166 potuisset.
1428 1109 1560 1164 Quod

89 1163 141 1208 P.
163 1179 202 1208 v·
226 1168 294 1208 16.
315 1166 556 1220 generatim
579 1166 710 1210 dixit:
740 1167 777 1208 se‘
796 1167 929 1222 stirps
950 1168 1041 1210 Deo
1063 1181 1190 1209 sacra
1210 1171 1286 1222 est,
1304 1171 1403 1208 sunt
1424 1167 1559 1210 etlam

86 1222 201 1265 rami
222 1223 263 1265 h.
288 1237 326 1266 e.
346 1223 382 1263 si
398 1224 699 1276 patriarchae,
731 1224 987 1266 ,ludaeorum
1012 1223 1322 1279 proyem'tores,
1352 1223 1447 1265 Deo
1474 1238 1555 1266 scc-

86 1279 151 1321 cri
168 1283 209 1320 et
229 1280 392 1333 accepte·
411 1284 533 1330 swet,
561 1281 730 1333 pariter
750 1281 904 1322 Jmluez'
923 1286 1044 1336 sunt,
1072 1294 1217 1322 eorum
1231 1280 1395 1335 posteri
1421 1281 1558 1335 cavil-

85 1336 202 1376 lator
224 1336 301 1378 hac
325 1336 493 1378 ratione
514 1337 769 1394 impugnare
799 1337 1040 1393 potuisset:
1078 1351 1185 1378 vana
1215 1342 1290 1379 tua
1325 1351 1559 1392 argumen-

86 1393 197 1434 tatio
223 1400 317 1444 est3
348 1408 443 1434 nam
475 1393 513 1435 si
542 1394 890 1451 patriarcharum
924 1394 1091 1450 posteri
1118 1394 1216 1435 Deo
1248 1395 1364 1436 sacri
1393 1399 1438 1436 et
1464 1395 1559 1437 cari

87 1455 261 1502 essent,
312 1451 397 1491 fide
433 1449 612 1493 Christo
646 1451 795 1492 habita
825 1465 1035 1492 summam
1065 1449 1151 1492 sihi
1181 1451 1464 1504 felicitatem,
1509 1456 1560 1494 ut:

87 1507 190 1548 olim
212 1508 498 1550 Abrahamus
526 1509 689 1564 pietate
716 1508 838 1560 4‚3.,
878 1513 1231 1564 comparassent3
1272 1509 1420 1564 itaque
1443 1509 1559 1551 cari-

86 1564 217 1616 tatis,
263 1564 307 1605 in
339 1565 422 1620 quai
456 1565 730 1620 patriarchae
771 1564 886 1621 apud
920 1565 1061 1606 Deum
1093 1565 1293 1618 suerunt,
1336 1567 1559 1624 J'acturam

85 1620 283 1663 fecerunt
304 1621 346 1664 h.
369 1636 432 1673 e.‚
467 1628 513 1663 ut
533 1622 688 1677 stirpis
709 1625 754 1663 et
779 1636 996 1663 ramorum
1023 1620 1267 1663 similitudo
1297 1622 1558 1677 retineatur,

85 1677 221 1719 excisi
239 1683 336 1720 sunt
358 1678 470 1720 rami
492 1679 542 1720 de
560 1679 651 1720 oleti
671 1684 713 1720 et
738 1693 815 1720 nos
831 1711 842 1731 ,
883 1678 1095 1733 gentiles,
1134 1693 1283 1720 eorum
1313 1680 1456 1722 locum
1487 1694 1560 1722 oc-

87 1735 359 1789 cupavimus.
427 1734 549 1775 Haec
579 1735 737 1791 partim
767 1749 868 1777 vere
896 1735 981 1776 dici
1002 1737 1094 1792 Ap.
1125 1735 1365 1788 concessit,
1403 1735 1480 1778 sed
1510 1742 1560 1780 ut

87 1790 328 1843 gentilibus
366 1798 596 1847 propterea
637 1792 751 1833 altos
789 1792 976 1848 spiritus
1004 1791 1219 1845 gerendos
1250 1806 1347 1835 esse
1374 1797 1559 1848 negaret

88 1859 129 1888 v.
160 1847 229 1889 17.
255 1847 339 1890 18..
399 1846 516 1888 Tum
546 1848 701 1898 aliam,
743 1862 852 1903 quae
883 1847 1175 1900 Christianis,
1214 1848 1289 1904 qui
1319 1849 1557 1905 aliquando

87 1902 249 1958 pagani
277 1903 492 1956 fuissent,
536 1904 713 1944 obtendi
741 1912 916 1960 posset,
961 1905 1246 1963 objectionem
1282 1906 1559 1949 refutaturus

87 1973 128 2001 v.
154 1961 219 2002 10.
241 1960 479 2001 excisionis
497 1974 672 2001 cansam
698 1958 748 2002 P.
771 1962 945 2017 apernit
972 1976 1012 2004 v,
1043 1962 1139 2014 20„
1178 1976 1263 2018 quo
1292 1963 1405 2004 facto
1439 1968 1555 2006 tem-

84 2016 308 2069 porariam
331 2017 423 2058 lore
444 2016 710 2060 Judaeorum
732 2018 1024 2069 excisionem,
1055 2019 1098 2061 h.
1134 2032 1173 2061 e.
1202 2020 1376 2061 tristem
1406 2034 1557 2062 eorum

86 2086 110 2112 a
149 2072 247 2114 Deo
287 2073 617 2129 repudiatorum
658 2080 845 2125 sortem,
887 2074 1201 2117 demonstravit
1231 2091 1270 2120 v.
1300 2076 1373 2119 23.
1397 2101 1442 2107 —
1466 2078 1555 2122 27..

88 2127 189 2170 Non
211 2130 348 2183 igitur
366 2136 607 2186 repugnat,
644 2145 790 2173 ramos
814 2131 911 2173 Deo
938 2145 1086 2173 sacros
1113 2147 1234 2185 esse,
1273 2134 1374 2186 qnia
1405 2148 1555 2176 eorum

88 2186 227 2242 stirps
250 2188 343 2228 Deo
365 2201 487 2227 sacra
519 2188 578 2228 sit
605 2191 665 2241 (v,
698 2189 766 2231 16.
792 2188 885 2242 28.)
911 2196 954 2229 et
982 2189 1174 2230 futurum
1203 2204 1325 2241 esse,
1365 2196 1413 2231 ut
1444 2192 1556 2233 rami

87 2243 144 2284 ml
165 2248 329 2298 tempus
347 2244 400 2285 de
419 2245 576 2284 arbore
598 2245 731 2286 excisi
753 2245 796 2285 in
823 2251 1017 2303 tempore
1047 2245 1196 2286 arbori
1229 2245 1467 2289 reddantur
1491 2252 1556 2302 (v,

90 2300 160 2342 17.
182 2324 237 2330 -
255 2302 370 2354 27.),
402 2306 477 2341 ant
500 2300 640 2343 demta
662 2302 950 2344 similitudine
970 2302 1162 2347 Iudaeos
1186 2303 1280 2344 Deo
1302 2317 1428 2345 caros
1459 2319 1558 2346 esse

88 2360 272 2413 propter
293 2357 590 2414 patriarchas,
621 2363 668 2399 ut
688 2358 745 2399 iis
765 2358 818 2399 ad
844 2359 968 2400 fidem
1000 2358 1200 2401 adductis
1234 2374 1400 2401 summa
1431 2362 1555 2402 salus

83 2420 205 2454 recte
227 2423 429 2469 speretur
455 2418 517 2466 (v.
551 2414 618 2457 15.
651 2416 719 2458 16.
747 2415 864 2471 28.),
902 2421 945 2458 et
976 2416 1169 2457 futurum
1201 2430 1299 2458 esse
1325 2423 1371 2457 ut
1398 2417 1557 2461 Judaei

89 2483 200 2510 nnnc
224 2470 396 2526 quidem
419 2469 472 2511 ad
493 2475 662 2528 tempus
682 2485 704 2512 a
730 2470 825 2513 Deo
850 2471 1069 2529 repudiati
1101 2472 1143 2512 in
1176 2476 1372 2530 tempore
1404 2474 1445 2515 in
1466 2474 1556 2517 Dei

87 2526 280 2568 savorem
302 2528 571 2584 recipiantur
592 2533 635 2569 et
661 2527 745 2570 fide
765 2528 942 2572 Christo
976 2528 1150 2581 habita,
1190 2530 1292 2585 quia
1324 2530 1422 2572 Deo
1452 2545 1555 2587 pro-

88 2587 188 2638 pter
215 2584 489 2641 patriarchas
517 2583 609 2627 cari
636 2584 749 2639 sint,
785 2587 968 2628 beentur
988 2588 1052 2642 (v,
1070 2586 1141 2629 17.
1159 2610 1214 2617 --
1231 2587 1340 2644 28.).
1360 2587 1407 2640 *ἢ
1466 2586 1553 2631 Ρο-

134 2720 178 2767 *J
205 2721 290 2755 Tam
318 2726 515 2768 ponderosa
543 2724 719 2766 objectio,
752 2735 861 2769 quam
891 2724 1045 2758 refutare
1071 2723 1209 2765 studui,
1240 2727 1286 2759 de
1316 2725 1456 2758 W'etlt'n
1482 2724 1552 2759 visa

181 2774 253 2809 est,
287 2778 324 2803 ut
344 2770 383 2804 ea
411 2771 522 2805 siclus
549 2770 877 2816 interpretationem
903 2783 920 2803 a
948 2783 1003 2804 me
1030 2770 1211 2804 defensam
1237 2771 1401 2804 nonnihil
1426 2784 1551 2805 emen-

181 2814 332 2849 dandam
365 2824 515 2861 putaret.
571 2817 696 2863 ltaque
722 2816 784 2859 τήν
811 2814 910 2860 &guy
937 2815 1147 2860 hominum,
1184 2816 1246 2864 qui
1272 2816 1398 2864 fide-ct
1426 2817 1553 2863 pietate
