1715 3115
169 169 257 216 398
452 171 831 221 EPISTOLA
868 174 972 220 AD
1002 175 1364 220 ROMANOS

171 277 454 324 Praecedunt
470 278 584 321 enim
609 292 651 322 v.
673 278 717 321 8.
749 293 788 323 v.
819 277 863 321 ἔν
887 279 951 334 τῷ
977 277 1165 333 στόματί.
1193 294 1274 323 σου
1304 280 1529 325 vocabulis
1559 284 1634 325 καί

170 336 218 381 ἐν
236 338 291 394 τῇ
318 333 481 392 καρδίᾳ
508 348 604 376 σου.
663 333 819 391 ltaque
850 350 897 380 v.-
919 338 1014 387 10„
1057 337 1131 378 ubi
1159 337 1305 380 ordini
1331 351 1356 379 a
1387 337 1510 380 Mose
1536 352 1631 380 ser-

168 399 271 436 vato
290 392 533 448 disputatio
554 406 635 433 non
659 391 826 435 diutius
856 392 1169 447 adstringenda
1197 400 1315 448 erat,
1351 394 1478 437 fidem
1504 394 1630 452 prius

169 464 300 507 quam
331 449 645 506 professionem
668 449 1034 491 commemoravit.
1099 449 1276 492 Minime
1307 457 1448 492 autem
1477 451 1534 493 iis
1560 465 1627 494 as-

166 506 362 558 sentior,
403 505 478 561 qui
508 505 687 546 nimium
715 505 980 561 professioni
1011 519 1034 546 a
1057 502 1110 548 P.
1138 506 1348 548 tributum
1377 521 1476 549 esse
1535 512 1630 550 uta-

165 566 299 616 runt,
330 560 681 618 quandoquidem
702 562 887 618 improbi
911 561 1073 618 passim
1103 563 1296 605 homines
1313 562 1462 608 Jesum
1522 563 1630 606 οιιιί-

168 633 272 660 num
301 633 402 660 esse
431 632 485 659 ex
512 618 646 658 animi
676 619 891 660 sententia
923 618 1031 660 fassi
1060 619 1247 671 fuerint,
1281 619 1385 672 sed,
1424 624 1473 660 ut
1499 633 1630 661 excu-

167 679 321 718 sarent
343 675 418 731 qui
440 674 613 716 defendi
635 689 715 715 non
739 689 867 731 posse
890 675 1135 728 videretur,
1163 689 1258 717 eum
1276 682 1507 732 propterea
1527 690 1630 733 pro·

165 732 407 774 sessionem
443 737 673 788 tantopere
710 730 753 774 h.
789 732 818 774 l.
848 732 1094 774 celebrasse
1126 731 1466 784 contenderunt,
1512 731 1628 788 quod

166 795 260 830 tum
285 788 498 844 temporis
520 788 550 827 ii
571 786 696 827 valde
724 789 865 829 vexati
899 788 1084 840 fuerint,
1117 788 1192 844 qui
1222 803 1268 830 se
1298 787 1407 832 Iesu
1435 788 1628 845 discipu-

165 846 236 887 los
254 859 354 886 esse
374 844 547 901 publice
568 844 879 900 profiterentur
901 847 1007 888 Act.
1031 845 1156 896 5,40.
1180 845 1240 898 (v-
1259 845 1413 887 Heum.
1436 844 1493 887 cl.
1512 844 1628 886 Rue-

165 901 344 954 chersa).
404 899 555 942 Inanis
576 907 643 942 est
673 899 932 957 disciplinae
960 901 1115 944 christ.
1144 901 1362 958 professio
1391 914 1415 941 a
1445 900 1625 942 simula-

164 958 287 1000 tione
306 962 382 999 aut
401 956 580 998 levitate
600 957 819 1013 profecta,
850 971 932 998 non
953 972 1025 1009 ea,
1058 972 1185 1014 quam
1210 957 1333 998 firma
1361 956 1494 998 animi
1525 969 1626 1013 per-

166 1014 318 1055 suasio
349 1021 394 1055 et
422 1013 591 1055 sincera
621 1013 727 1054 fides
756 1014 922 1067 gignit,
967 1013 1051 1069 qua
1081 1014 1222 1071 pietas
1248 1020 1294 1055 et
1321 1013 1462 1054 virtus
1488 1013 1626 1057 conti-

165 1077 327 1112 nentur
347 1068 527 1125 (1‚46.).
588 1069 758 1111 Natura
781 1071 837 1110 ita
865 1075 1160 1127 comparatum
1187 1076 1280 1122 est,
1318 1075 1367 1111 ut
1394 1083 1505 1125 quae
1530 1069 1623 1112 ani-

165 1142 262 1169 mos
280 1133 458 1169 nostros
479 1125 775 1168 vehementius
799 1132 996 1168 moveant
1018 1142 1110 1168 cnm
1133 1126 1233 1167 aliis
1244 1127 1624 1170 communicemus.

165 1183 318 1240 Quare
351 1184 419 1225 vel
446 1183 600 1224 natura
630 1182 738 1224 duce
771 1183 855 1224 fide
893 1189 936 1225 te
969 1184 1144 1226 Christo
1171 1182 1389 1224 addictum
1417 1197 1516 1224 esse
1545 1197 1625 1239 pu-

162 1241 278 1282 blice
298 1240 483 1281 fatearis
505 1241 533 1280 2
554 1240 654 1283 Cor.
675 1240 815 1290 4,13..
878 1239 1007 1282 Adde
1031 1241 1145 1296 quod
1166 1247 1280 1280 muta
1313 1239 1528 1296 sapientia
1557 1239 1622 1279 in-

162 1298 391 1339 fructuosa
429 1301 513 1340 est.
584 1296 676 1337 lmo
708 1302 754 1337 ut
782 1296 883 1337 aliis
914 1297 1081 1352 prosis,
1119 1302 1290 1353 oportet
1321 1302 1363 1336 te
1394 1295 1621 1336 veritatem

197 1354 390 1405 roffleri,
441 1352 670 1405 divulgare
717 1358 762 1394 et
808 1352 1063 1403 defendere,
1119 1366 1309 1393 errorem
1351 1351 1623 1408 impugnare.

162 1369 301 1454 Recte
323 1410 460 1464 igitur
484 1409 532 1452 P.
555 1424 638 1450 non
670 1423 769 1450 esse
799 1409 927 1450 iidem
958 1410 1170 1466 expletam
1200 1413 1244 1450 et
1268 1408 1502 1464 perfectam
1534 1412 1622 1450 sta-

161 1468 263 1521 tuit,
284 1466 338 1508 ad
361 1480 487 1522 quam
506 1467 725 1522 professio
743 1480 826 1507 non
848 1466 1096 1508 accesserit.
1153 1462 1205 1506 In
1226 1464 1308 1520 quii
1330 1479 1426 1505 eum
1447 1469 1620 1505 senten-

161 1525 225 1566 tia
245 1537 343 1565 esse
364 1524 433 1564 vel
454 1537 507 1564 ex
531 1537 569 1564 v.
591 1524 632 1564 9.
656 1529 863 1579 apparet,
901 1522 974 1563 ubi
997 1521 1135 1563 Musis
1165 1521 1310 1562 verbis
1340 1534 1382 1564 v.
1410 1520 1453 1563 8.
1483 1518 1528 1561 ἐν
1556 1518 1620 1575 τῷ

162 1577 353 1633 στόματί
383 1592 465 1620 σου
495 1580 586 1619 καὶ
615 1575 662 1620 ἐν
689 1580 741 1635 τῇ
773 1576 932 1634 καρδίᾳ
970 1593 1050 1618 σου
1081 1577 1206 1617 nixus
1239 1577 1279 1618 ei
1312 1578 1618 1633 sempiternam

160 1637 416 1678 beatitatem
445 1634 696 1691 promittat,
743 1633 818 1688 qni
847 1648 921 1674 ore
951 1633 1099 1677 Jesum
1129 1633 1347 1674 dominum
1379 1647 1402 1674 e
1454 1646 1477 1673 e
1517 1646 1620 1689 pro-

159 1693 308 1735 fessus
329 1691 463 1733 fuerit
481 1696 521 1733 et
550 1691 800 1731 restitutum
832 1704 925 1730 euin
953 1705 1049 1732 esse
1078 1704 1098 1729 a
1122 1689 1217 1731 Deo
1245 1691 1286 1730 in
1318 1690 1375 1730 vit
1478 1688 1620 1729 credi-

159 1750 293 1792 derit.
353 1748 442 1790 Sed
465 1747 601 1799 magis
621 1748 750 1787 etiam
772 1747 980 1802 Apostoli
1003 1747 1219 1787 sententia
1250 1760 1273 1786 e
1301 1759 1341 1788 v.
1363 1745 1431 1788 10.
1462 1745 1620 1796 elucet,

159 1807 237 1848 ubi
257 1820 347 1847 rem
370 1805 576 1845 minorem
599 1803 695 1858 (τὴν
716 1803 1017 1857 δικαιοσύνην)
1042 1802 1148 1853 tide,
1179 1816 1268 1842 rem
1294 1801 1499 1843 ma'orem
1522 1797 1619 1856 (τὴν
1639 1801 1646 1809 “

162 1861 405 1918 σωτηρίαν)
424 1860 698 1917 professione
718 1859 830 1900 effici
865 1866 1025 1901 monet.
1084 1859 1161 1899 Est
1188 1859 1326 1909 igitur
1347 1814 1487 1899 [gaulo
1516 1855 1619 1897 fidei

160 1920 523 1974 complementum
548 1916 779 1972 professio.
837 1916 910 1956 καὶ
931 1911 1190 1971 πιστεύσῃς,
1222 1911 1291 1955 ὅτι
1312 1910 1334 1954 ὅ
1356 1919 1402 1956 θ.
1424 1929 1465 1954 α.
1498 1913 1537 1966 ἦ.
1569 1912 1617 1954 ἐκ

158 1976 340 2045 νεκρῶν]
371 1974 457 2016 His
479 1974 624 2015 verbis
648 1972 782 2013 Moe-is
801 1985 917 2013 voce.
939 1985 978 2014 ν.
999 1972 1041 2014 8.
1067 1969 1188 2024 ἐγγύς
1209 1968 1289 2012 σοῦ
1307 1971 1356 2011 τὸ
1370 1966 1487 2025 ῥῆμά
1501 1967 1620 2011 ἐστιν

159 2056 217 2064 -
235 2047 289 2073 εν
315 2032 376 2088 τῇ
403 2029 606 2084 καρδίᾳ
635 2043 734 2070 σου
756 2031 814 2070 ita
837 2032 1132 2084 exponuntur,
1169 2031 1216 2068 ut
1243 2026 1470 2068 verborum
1498 2038 1540 2068 v,
1570 2025 1616 2068 7.

158 2086 228 2136 τίς
246 2087 543 2142 καταβήσεται
563 2085 627 2133 εἷς
645 2083 721 2139 τὴν
743 2080 956 2135 ἅβυσσονς
995 2080 1112 2125 τοῦτ’
1131 2081 1226 2125 ἔστι
1242 2079 1440 2138 Χριστὸν
1469 2078 1516 2122 ἔκ
1542 2095 1618 2122 νε·-

159 2144 275 2198 κρῶν
294 2141 521 2197 ἀναγαγεῖν
549 2142 661 2182 ratio
691 2142 902 2180 habeatur
932 2141 972 2182 h.
1004 2154 1082 2183 m.:
1119 2138 1296 2191 Mosen,
1335 2151 1420 2194 quo
1448 2137 1543 2178 loco
1572 2136 1617 2178 in

158 2205 334 2256 promtu
354 2200 434 2240 tibi
457 2213 556 2241 esse
580 2203 877 2254 praeceptum,
910 2197 988 2238 hoc
1010 2201 1077 2236 est
1100 2196 1140 2236 in
1159 2195 1302 2236 animo
1322 2199 1397 2236 tuo
1421 2207 1518 2234 esse
1548 2191 1617 2234 di-

157 2256 232 2305 cit,
262 2255 315 2296 de
333 2254 436 2308 fidei
455 2260 687 2312 praecepto
701 2286 711 2304 ‚
743 2253 855 2308 quod
878 2267 957 2305 ego
977 2253 1218 2304 divulgmn,
1249 2250 1473 2307 disputare
1491 2262 1543 2290 ex
1562 2262 1614 2291 eo

155 2313 462 2365 cognoscitur,
492 2311 605 2367 quod
632 2311 669 2353 si
695 2309 843 2352 ,lesum
875 2324 898 2350 a
924 2309 1019 2350 Deo
1049 2323 1100 2349 ex
1130 2307 1284 2349 inferis
1307 2307 1351 2348 in
1382 2307 1511 2348 vitam
1542 2318 1612 2346 re-

156 2375 355 2409 vocatum
374 2383 470 2410 esse
488 2371 647 2422 (eoque
665 2366 751 2408 Dei
772 2367 909 2407 filium
931 2365 1213 2406 constitutum
1235 2364 1355 2416 esse)
1375 2361 1490 2418 apud
1516 2361 1613 2402 ani-

157 2438 274 2465 mum
294 2429 414 2466 tuum
439 2424 704 2475 credideris,
743 2423 896 2463 beatus
918 2423 1024 2465 eris.
1093 2420 1167 2462 Sic
1196 2427 1336 2460 tecum
1369 2432 1451 2459 non
1482 2430 1612 2473 repu-

155 2481 299 2533 tabis,
330 2481 443 2536 quod
463 2496 486 2522 e
515 2480 599 2522 fide
629 2486 727 2520 nata
759 2478 998 2531 integritas
1029 2483 1072 2518 te
1103 2476 1294 2531 cogitare
1325 2474 1440 2530 apud
1459 2473 1612 2515 Mosen

158 2542 303 2588 vetat,
339 2552 458 2579 nemo
477 2537 696 2578 descendet
723 2537 767 2576 in
795 2548 961 2586 orcum,
1003 2539 1046 2576 ut
1077 2534 1280 2586 (salutem
1310 2529 1505 2586 faciendo
1534 2542 1611 2586 pa-

157 2596 358 2648 raturus)
379 2593 590 2635 Christum
607 2607 665 2633 ea·
682 2590 834 2646 inferis
854 2592 911 2633 ad
927 2604 1098 2645 superos
1123 2589 1321 2638 reducat,
1359 2585 1435 2628 sed
1459 2585 1608 2629 Jesum

157 2650 342 2691 salutem
362 2649 587 2705 peperisse
606 2648 677 2705 pie
695 2647 865 2698 credis,
893 2647 1053 2702 quippe
1078 2659 1203 2700 quem
1227 2642 1444 2684 hominum
1465 2639 1610 2697 sospi-

155 2710 342 2747 tatorem
360 2719 460 2746 esse
481 2719 531 2746 eo
549 2705 674 2747 Deus
697 2703 1008 2753 declaraverit,
1048 2702 1161 2756 quod
1183 2713 1279 2741 eum
1313 2699 1356 2739 in
1383 2699 1515 2740 vitam
1541 2709 1611 2737 re-

157 2761 254 2803 dire
278 2761 465 2816 jusserit
491 2762 552 2809 (v,
580 2767 670 2803 not.
698 2761 751 2800 ad
780 2759 907 2809 4‚25.
936 2759 1125 2809 1‚24<.›.).
1190 2751 1398 2809 σωθήσῃ]
1437 2751 1610 2817 ΙῖιιεσῘξ.,

157 2819 228 2860 cui
255 2818 431 2871 Reich„
467 2817 637 2861 Koelln.
674 2821 716 2857 et
756 2815 853 2858 «tw.
882 2815 1050 2857 assensi
1080 2817 1204 2864 sunt,
1248 2810 1431 2853 Paulum
1464 2810 1610 2851 verbis
