1715 3115
225 191 383 238 CAP.
415 189 544 234 VIl.
578 189 669 233 Vs.
699 189 744 233 7.
775 214 828 222 --
859 185 1015 232 CAP.
1047 184 1214 230 VIII.
1244 184 1338 229 Vs.
1371 185 1466 230 17..
1522 183 1580 226 25

107 300 311 358 superius
333 297 463 339 dictis
486 296 662 339 7-11,
695 308 818 336 nemo
847 308 932 336 non
962 293 1214 347 intelligere
1240 292 1400 350 potnit.
1457 288 1580 332 Illud

106 363 307 400 accurate
329 353 555 412 exposuit,
585 351 910 409 sapientissime
931 351 1073 393 Deum
1105 365 1194 392 rem
1223 351 1285 391 sic
1315 348 1581 400 instituisse,

106 419 157 457 ut
181 413 412 456 Peccatum
435 425 510 477 per
532 409 688 451 honam
709 409 849 462 legem
871 408 1068 449 homines
1100 408 1140 448 in
1173 421 1320 449 orcum
1353 404 1579 463 praecipi-

107 477 240 514 taret.
311 468 524 510 Voluisse
565 467 677 507 enim
709 480 806 507 eum
832 465 1030 506 homiues
1058 464 1238 516 docere,
1279 471 1441 519 quanta
1469 459 1582 504 Pec-

107 528 193 570 cati
214 532 334 569 esset
354 523 614 582 improbitas
635 537 674 564 v.
699 522 786 565 13..
845 520 1088 575 Insigniter
1114 520 1228 563 enim
1261 519 1487 585 improbus
1519 518 1582 561 sit

109 598 286 627 necesse
319 587 411 634 est,
451 580 526 637 qui
559 593 643 622 non
677 580 819 620 solum
848 592 981 635 prava
1014 583 1057 619 et
1089 577 1288 619 nocentia
1320 592 1363 618 ιη
1390 576 1579 617 aliorum

108 640 343 699 perniciem
367 642 616 690 convertat,
654 650 801 678 verum
832 635 963 676 etiam
993 649 1045 676 ex
1077 633 1348 676 salutaribus
1379 638 1423 675 et
1451 631 1580 674 bonis

107 698 241 740 rebus
270 701 436 754 pestem
469 694 571 735 aliis
605 693 891 736 machinetur.
960 690 1134 748 Quibus
1165 690 1295 732 dictis
1323 690 1580 748 primariam

113 769 155 799 v.
189 756 257 798 13.
290 751 554 795 sententiam
585 753 694 806 (non
731 749 801 792 lex
834 763 970 802 mos.,
1017 748 1093 790 sed
1128 746 1356 790 Peccatum
1395 751 1580 789 mortem

111 810 215 854 mihi
239 809 409 861 attulit)
431 808 491 849 ita
513 807 680 858 firmat,
712 812 762 849 ut
780 805 1013 848 eorundem
1035 806 1280 857 hominum,
1300 818 1482 861 quorum
1502 818 1582 845 no-

111 868 225 910 rnine
256 865 544 923 objectionem
577 878 616 907 v.
652 863 722 907 13.
755 863 1013 921 proposuit,
1052 868 1200 919 partes
1229 868 1347 916 agat.
1413 859 1583 916 Quam-

110 924 257 966 obrem
280 936 364 963 non
384 927 530 989 potest
552 935 636 962 non
667 921 892 977 praesenti
923 926 1120 976 tempore
1150 918 1214 960 uti
1244 933 1283 961 v·
1314 917 1385 962 14.
1417 915 1500 973 ἐγώ
1531 918 1581 960 δὲ

111 974 323 1034 σαρκικός
354 992 471 1030 ειμι
493 1002 548 1009 -
569 992 610 1021 v.
633 977 722 1022 25..
780 976 967 1018 Mortem
997 976 1110 1017 enim
1141 974 1338 1016 homines
1366 973 1582 1030 (Iudaei),

111 1049 294 1092 quorum
317 1047 490 1075 causam
516 1032 569 1078 P.
589 1034 707 1089 agit,
737 1033 824 1076 sibi
844 1048 867 1075 a
893 1031 1081 1076 Peccato
1102 1046 1179 1089 per
1202 1032 1341 1087 legem
1365 1046 1473 1075 mos·
1501 1045 1582 1089 pa-

110 1097 252 1134 ratam
275 1104 374 1133 esse
394 1089 542 1133 vident
559 1095 603 1132 et
625 1090 830 1147 quoniam
861 1105 912 1132 eo
940 1089 1266 1140 destituuntur,
1305 1087 1381 1145 qui
1410 1093 1581 1145 pestem

111 1147 167 1190 ab
187 1162 235 1190 se
264 1147 517 1206 propulset,
555 1147 968 1204 impraesentiarum
997 1159 1102 1188 suae
1127 1144 1367 1186 calamitati
1396 1145 1584 1200 ingemi-

110 1210 254 1248 scunt.
320 1203 397 1246 Sic
435 1203 574 1258 igitur
612 1204 834 1262 disputat:
874 1202 977 1246 Non
1008 1201 1173 1260 optima
1200 1200 1342 1243 Mosis
1367 1201 1465 1254 leX,
1502 1200 1583 1245 sed

111 1260 343 1304 Peccatum
365 1266 546 1302 mortem
573 1261 682 1303 mihi
713 1260 964 1318 apportavit
994 1273 1035 1304 v.
1068 1259 1154 1303 13..
1211 1256 1326 1300 Nam
1357 1273 1488 1315 quum
1514 1259 1583 1301 le-

112 1332 206 1372 gem
228 1331 336 1361 mos.
357 1317 546 1374 spiritus
566 1317 704 1359 divini
723 1317 914 1359 indolem
935 1315 1097 1358 habere
1127 1329 1250 1357 nemo
1282 1315 1479 1370 ignoret,
1507 1329 1583 1372 eye

115 1373 359 1431 (Iudaeus)
404 1373 636 1416 libidinosi
677 1374 878 1432 corporis
918 1372 1179 1430 mancipium
1220 1386 1314 1414 sum
1355 1378 1584 1429 menteque

111 1431 252 1489 probo
275 1430 361 1473 Dei
387 1430 553 1485 legem,
583 1446 791 1489 corpore,
818 1431 864 1472 in
897 1445 1009 1486 quo,
1039 1428 1398 1485 quemadmodum
1428 1429 1582 1472 imma-

111 1489 182 1530 nis
206 1488 348 1530 bellua
373 1487 414 1528 in
437 1488 515 1530 sua
533 1489 679 1541 cavea,
709 1487 937 1530 Peccatum
957 1487 1119 1538 saevit,
1149 1485 1189 1527 ei
1206 1485 1295 1541 legi
1319 1486 1584 1540 obsecundo,

115 1559 243 1602 quiam
272 1545 348 1586 dat
378 1543 626 1589 Peccatum.
692 1543 806 1600 Quis
837 1543 1013 1586 tandem
1040 1548 1238 1585 servator
1268 1543 1475 1597 exsistet,
1506 1545 1585 1601 qui

112 1616 296 1687 corpore
317 1602 427 1643 hanc
451 1615 562 1657 quae
584 1601 691 1643 mihi
712 1601 909 1643 imminet
930 1606 1111 1642 mortem
1141 1599 1351 1642 allerente
1378 1614 1444 1642 me
1471 1601 1587 1644 libe-

112 1663 202 1701 ret.
230 1667 290 1714 (ν.
314 1659 428 1700 14-
446 1658 540 1713 24.)
598 1657 723 1714 Quae
745 1658 888 1700 omnia
909 1656 1170 1700 sententiam
1190 1671 1231 1701 v.
1251 1657 1294 1700 5.
1320 1658 1497 1713 egregie
1526 1659 1585 1701 il-

113 1714 325 1759 lustrant.
382 1711 620 1757 Praeterea
654 1716 816 1757 multae
844 1714 1127 1770 loquutiones
1157 1713 1320 1771 exponi
1345 1729 1518 1757 versum
1537 1718 1583 1762 5.

115 1771 369 1812 documento
389 1775 507 1816 sunt.
567 1771 674 1817 Vid.
695 1787 736 1817 v.
755 1787 793 1816 c.
816 1786 857 1816 v.
881 1772 951 1816 14.
981 1769 1065 1826 ἐγὼ
1098 1771 1146 1813 δὲ
1173 1768 1444 1826 σαρκικός
1473 1770 1582 1826 εἰμι,

115 1841 158 1870 v.
192 1828 260 1870 18.
282 1823 359 1869 οὐκ
390 1824 501 1870 οἰκεῖ
532 1824 577 1871 ἒν
606 1827 730 1882 ἐμοί,
769 1827 1065 1870 τουτέστιν
1089 1824 1141 1869 ἐν
1168 1828 1232 1884 τῆ
1263 1827 1432 1882 σαρκί
1461 1844 1583 1881 μου,

117 1879 312 1938 ἀγαθόν,
342 1897 381 1925 v.
400 1883 471 1926 23.
493 1881 516 1925 ὃ
536 1882 669 1938 νόμος
687 1885 766 1941 τῆς
790 1880 1029 1940 Ἄμαρτίας
1051 1877 1074 1925 ὃ
1107 1882 1165 1924 ὢν
1193 1871 1246 1927 ἓν
1273 1888 1391 1935 τοῖς
1415 1885 1584 1938 μέλε-

117 1937 173 1980 σι’
207 1954 313 1992 μου
344 1943 413 1990 (v.
433 1939 477 1983 5.
504 1938 558 1981 τὰ
577 1945 691 1983 nost.
720 1957 759 1983 τ.
790 1938 832 1983 ἆ.
860 1966 916 1973 -—-
947 1939 1088 1996 ἕνῃ-(ιγ.
1121 1938 1175 1982 ἐν
1204 1943 1322 1989 τοῖς
1353 1941 1585 1993 μέλεσιν

117 1991 307 2050 ἡμῶν),
340 2009 375 2036 v.
399 1995 471 2039 24.
492 1994 560 2045 τίς
579 2011 634 2048 με
666 1994 849 2054 ῥύσεται
876 1996 923 2039 ἐκ
952 1997 1032 2037 τοῦ
1059 1993 1170 2047 σίύμ.
1203 1998 1300 2038 τοῦ
1329 1995 1584 2042 θανάτου

116 2048 344 2101 τούτους
378 2054 440 2103 (ν.
460 2053 502 2096 5.
523 2050 587 2101 εἷς
607 2052 656 2093 τὸ
683 2053 1032 2107 καρποφορῆσαι
1065 2054 1136 2108 τῷ
1162 2049 1428 2110 Θανάτῳ).
1483 2055 1583 2100 Jam

118 2106 233 2163 quod
260 2106 310 2151 P.
333 2108 454 2148 illam
483 2114 649 2164 pestem
672 2109 814 2150 Deum
840 2108 1008 2151 Christi
1038 2108 1286 2151 interventu
1314 2110 1370 2152 ab
1398 2112 1586 2155 homini-

116 2164 199 2206 bus
220 2164 445 2220 depulisse
467 2165 537 2221 pie
560 2166 722 2207 fatetur
745 2180 785 2209 v.
809 2165 881 2207 25.
911 2169 1042 2220 atque
1070 2164 1170 2206 inde
1197 2166 1360 2208 nullam
1386 2167 1477 2226 jam
1508 2169 1585 2211 da-

118 2221 381 2263 mnationem
420 2222 473 2262 ad
508 2227 688 2264 mortem
721 2221 968 2264 hominibus
996 2222 1151 2265 christ.
1182 2223 1452 2266 metuendam
1484 2241 1584 2269 esse

116 2284 449 2330 argumentatus
468 2278 510 2330 8,
527 2280 565 2322 1.
587 2279 683 2320 duci
709 2278 879 2322 Christi
900 2277 1140 2335 discipulos
1162 2279 1286 2321 vitali
1308 2280 1396 2323 Dei
1423 2284 1585 2340 spiritu

116 2341 161 2376 et
183 2336 320 2376 fracto
345 2333 518 2377 Peccati
538 2335 763 2377 dominatu
785 2335 1005 2390 causaque
1036 2335 1090 2376 ob
1125 2350 1253 2391 quam
1286 2337 1354 2378 lex
1385 2353 1495 2384 mos.
1526 2341 1584 2383 ad

116 2391 453 2449 promovendam
476 2392 695 2434 hominum
719 2392 924 2449 pietatem
945 2391 1053 2432 nihil
1075 2393 1294 2448 potuisset
1322 2398 1465 2439 amota
1496 2404 1584 2440 tam

118 2449 347 2507 praeclaro
371 2448 581 2502 magistro
603 2464 707 2490 usos
727 2448 899 2491 divinae
919 2448 1030 2501 legis
1054 2450 1300 2506 praeceptis
1326 2453 1586 2497 satisfacere

118 2505 296 2561 exponit
313 2505 408 2556 8,2.
431 2519 524 2561 sq„
554 2506 782 2548 manifesta
803 2511 870 2547 est
891 2505 1125 2558 explicatio
1149 2507 1233 2548 loci
1251 2509 1360 2560 7‚6..
1420 2510 1586 2566 Quam..

118 2576 247 2617 quam
276 2562 344 2604 vel
375 2563 513 2614 ratio,
561 2562 644 2619 qua
679 2561 731 2606 Ρ.
759 2563 814 2604 ab
845 2562 1092 2603 hominibus
1126 2564 1208 2604 sul»
1235 2564 1332 2619 lege
1366 2582 1474 2612 mOS.
1504 2584 1584 2626 per

66 2657 68 2660 ,
118 2617 352 2662 Peccatum
377 2618 552 2660 miseris
571 2619 624 2659 ad
647 2619 841 2661 homines
862 2619 1015 2661 christ.
1037 2633 1117 2675 per
1140 2619 1226 2664 div.
1248 2622 1452 2688 spiritum
1482 2625 1585 2667 bea-

118 2680 188 2717 tos
214 2674 291 2729 (cl‘.
320 2675 419 2725 7,6.
454 2700 506 2705 —
541 2672 651 2717 ὥσιε
678 2673 901 2718 δουλεύειν
929 2673 1042 2729 ἡμᾶς
1073 2673 1117 2717 ἑν
1157 2693 1379 2736 καινοτητι
1415 2679 1584 2723 Ilm&-

117 2735 309 2785 ματος)
347 2731 548 2784 transiit,
595 2746 684 2773 rem
721 2731 990 2789 comprobat.
1061 2731 1165 2776 Vid.
1195 2734 1296 2786 8,1.
1330 2733 1459 2779 οὐδὲν
1496 2733 1585 2793 ἄρα

119 2789 211 2828 νῦν
246 2786 448 2841 (Christo
480 2788 534 2830 ad
566 2789 761 2832 homines
794 2789 928 2830 misso
959 2794 1002 2829 et
1034 2788 1264 2832 interserto
1295 2793 1335 2844 7,
1358 2795 1426 2835 25.
1458 2796 1498 2848 8,
1518 2799 1584 2850 3.)

119 2858 212 2886 κατ.
233 2849 316 2890 etc.
343 2844 398 2890 cl.
420 2846 514 2899 7,3.
544 2845 586 2891 4.
609 2846 720 2900 8,3..
777 2847 955 2891 Certum
984 2850 1052 2888 cst
1081 2847 1241 2903 igitur,
1272 2847 1456 2894 Paulum
1490 2869 1585 2897 »er-
