1715 3115
571 148 660 192 CA
683 149 732 193 Ρ.
768 148 827 192 X.
883 148 972 193 Vs,
1001 148 1061 193 5..
1480 147 1566 191 383

89 265 176 313 est,
214 257 321 314 quod
342 258 459 300 decet
481 255 652 310 [Lxx.
675 256 770 301 va.
791 256 862 308 58,
881 256 924 299 2.
948 254 1105 300 Ezech.
1130 255 1196 306 18,
1214 253 1257 298 5.
1285 254 1314 295 2
1334 250 1438 297 Par.
1456 253 1501 302 9,
1519 253 1566 297 8.

84 317 140 359 cf.
164 311 434 372 ἐργάζεσθαι
468 312 755 369 δικαιοσύνην
783 311 859 356 Ps.
884 312 952 364 14,
973 312 1084 367 [15],
1106 313 1148 355 2.
1182 316 1227 352 et
1253 311 1411 353 Matth.
1433 311 1475 362 3,
1498 311 1565 353 15.

85 370 286 427 πληροῦν
305 369 606 424 δικαιοσύνην)
626 370 836 414 declaret.
899 368 986 410 Sed
1010 371 1049 411 si
1070 369 1161 411 voci
1182 369 1260 421 τῆς
1281 363 1566 422 δικαιοσύνης

85 428 329 471 technicnm
353 428 617 482 inteyre'tutis
641 427 952 482 significatum,
984 441 1070 482 quo
1091 440 1185 468 eam
1209 423 1261 467 P.
1284 425 1328 468 h.
1346 424 1378 466 l.
1402 423 1568 481 posuit,

83 485 325 535 tribueris,
374 486 520 524 ποιεῖν
546 482 624 538 τὴν
652 479 939 539 δικαιοσύνην
974 483 1081 525 sanxi
1122 488 1264 524 mente
1295 481 1441 524 dicere
1480 494 1568 522 non

84 548 228 600 potes,
291 540 370 582 Est
401 541 514 581 enim
545 541 792 597 inteqritas,
824 554 953 596 quam
975 541 1068 597 Ap.
1086 539 1164 596 την
1187 535 1473 594 δικαιοσύνην
1491 551 1569 580 vo-

83 599 223 650 cavit,
259 597 438 639 hwm’nis
460 597 640 639 conditio
662 595 725 652 (l,
744 597 861 650 48.)‚
900 611 1028 653 quam
1054 602 1101 639 ut
1116 598 1289 652 justum
1319 595 1468 651 facere
1488 598 1566 635 aut:

82 671 173 698 rem
212 655 255 696 in
291 653 435 710 officio
473 653 657 707 positam
687 656 863 710 exsequi
892 655 1065 711 nequis.
1121 653 1273 709 (Ferri
1303 656 1456 710 posset
1488 648 1568 706 τὴν

85 709 371 766 δικαιοσύνην
400 708 478 764 την
513 708 558 750 ἐν
587 712 650 767 τῷ
675 707 794 765 νόμῳ
822 714 968 753 ποιεῖν
995 712 1075 753 hoc
1107 711 1282 767 quidem
1302 722 1462 752 sensu:
1501 709 1569 748 fa-

85 783 186 810 cere
216 767 332 823 quod
364 767 406 807 in
438 766 578 808 Musis
611 769 707 822 lege
727 767 899 825 justum
929 767 1200 810 declaratum
1224 768 1332 820 est.)
1391 765 1569 808 Deinde

86 829 344 868 correctores
384 823 650 890 scripturam
693 826 840 866 Grotio
888 826 1115 882 probatam
1165 823 1386 866 invexisse
1429 822 1571 864 mani·

87 884 249 924 festum
280 885 372 930 est,
413 895 487 936 qui
522 895 661 949 neque
691 882 1061 924 constructionem
1084 883 1289 938 Μωϋσῆς
1315 877 1399 936 γὰρ
1428 878 1571 937 γρά-

91 953 183 995 φει
213 935 308 992 τὴν
340 939 713 994 ὁικαιοσιινην
743 934 826 979 ὅτι
853 965 900 969 —
921 940 1245 988 concoxissent‚
1278 951 1418 993 neque
1440 935 1569 994 quid-

88 1010 186 1036 nam
226 994 313 1035 sibi
348 994 480 1035 venet
509 990 621 1036 αὐτά
651 1003 694 1036 et
727 993 772 1036 ἑν
803 992 954 1046 αὐτοῖς
986 996 1315 1038 intellexissent
1345 1000 1406 1049 (v.
1433 994 1570 1036 Eras-

90 1054 243 1105 mum).
303 1050 489 1092 Eosdem
515 1052 681 1092 natales
702 1051 944 1109 Aethiopis
967 1054 1097 1095 lectio
1123 1053 1299 1105 habuit,
1343 1051 1429 1092 nisi
1455 1051 1571 1092 forte

88 1110 329 1159 librorum,
363 1122 545 1163 quorum
568 1109 647 1151 alii
675 1106 765 1151 ὅτι
795 1115 896 1151 ante
926 1106 1001 1166 τῆν
1025 1106 1308 1166 δικαιοσύνην
1326 1108 1404 1164 τὴν
1421 1107 1468 1151 ἐκ
1490 1109 1571 1150 τοῦ

89 1163 252 1220 νόμον,
303 1165 380 1206 alii
419 1170 517 1221 post
549 1166 652 1207 haec
690 1167 897 1208 vocabula
932 1168 1224 1218 collocarent,
1268 1165 1570 1223 discrepantia

88 1238 140 1264 eo
163 1223 386 1273 valuerat,
418 1228 465 1263 ut
486 1237 524 1264 ν.
545 1218 622 1279 τήν
644 1221 928 1279 δικαιοσύνην
949 1225 1028 1276 τὴν
1047 1223 1094 1266 ἐκ
1113 1225 1194 1265 τοῦ
1216 1219 1354 1275 νόμου
1376 1223 1418 1264 in
1443 1237 1571 1276 grae-

89 1295 138 1322 co
169 1278 329 1322 Codice
361 1280 687 1324 omitterentur.
756 1280 945 1322 Temere
968 1280 1142 1323 Minius
1173 1280 1292 1322 Prol.
1315 1282 1355 1334 §.
1377 1280 1502 1324 1215.
1527 1285 1573 1321 et

90 1337 218 1379 1248.
242 1336 484 1391 Aethiopis
504 1337 734 1378 lectionem
757 1336 977 1390 defendit,
1009 1342 1056 1380 ut
1076 1338 1210 1379 scribi
1234 1338 1368 1379 vellet
1385 1335 1572 1393 -γρά-

91 1408 169 1450 «[ἐι
189 1389 258 1434 ὅτι
279 1390 302 1434 ὁ
324 1391 521 1447 ποιήσας
541 1393 787 1449 ἄνθρωπος
821 1393 997 1451 ζήσεται
1029 1393 1073 1437 ἐν
1104 1393 1242 1450 αὐτῇ
1267 1395 1387 1450 (scil.
1414 1395 1468 1451 τῇ
1496 1393 1572 1435 δι-

91 1450 340 1507 καιοσύνῃ).
399 1448 513 1491 Nam
536 1464 653 1493 voce.
673 1450 752 1504 τὴν
771 1450 1056 1507 δικαιοσύνην
1074 1449 1153 1508 τὴν
1172 1448 1221 1492 ἐκ
1239 1451 1320 1493 τοῦ
1339 1448 1491 1504 νόμου,
1524 1456 1573 1492 ut

91 1513 210 1549 esset
238 1507 308 1548 cui
336 1506 625 1563 responderet
653 1501 681 1562 ἦ
709 1506 756 1549 ἐκ
775 1505 968 1557 πίστεως
987 1506 1247 1563 δικαιοσύνη
1278 1522 1318 1551 ν.
1339 1510 1382 1551 6.
1404 1508 1573 1549 inserta

91 1578 216 1615 esse,
246 1560 359 1605 αὐτά
379 1570 523 1605 autem
553 1570 597 1606 et
619 1562 663 1606 ἒν
684 1562 833 1612 αιἰτοῑς
853 1579 902 1604 ex
927 1565 1029 1608 Gal.
1049 1566 1090 1617 3,
1113 1566 1181 1608 12.
1211 1565 1449 1621 irrepsisse
1469 1579 1572 1606 con-

92 1620 253 1664 tendit.
307 1623 376 1663 At
397 1619 537 1663 Paulo
566 1621 653 1678 ipsi
675 1621 747 1662 hic
777 1635 887 1677 qnae
910 1620 1059 1663 Moses
1080 1621 1133 1663 de
1154 1622 1400 1664 innocenti-'⁴1
1416 1655 1428 1674 ,
1461 1635 1573 1678 quae

93 1692 198 1719 suae
241 1677 354 1732 legis
388 1679 698 1720 observatione
739 1678 966 1735 pariatur,
1015 1679 1183 1721 scribat
1220 1679 1276 1720 iis
1311 1679 1573 1736 opponenda

93 1738 244 1783 erant,
294 1748 404 1789 quae
435 1728 460 1790 ἦ
493 1732 540 1776 ἐκ
568 1734 761 1783 πίστεως
792 1733 1068 1791 Δικαιοσύνη
1108 1735 1225 1793 apud
1253 1735 1406 1778 Mosen
1439 1735 1574 1781 dicat.

93 1789 269 1832 Deinde
297 1786 431 1846 αὐτῇ,
464 1805 595 1847 quum
617 1805 683 1835 vs·
703 1795 744 1834 5.
773 1805 944 1833 versum
974 1793 1153 1834 tertium
1174 1807 1257 1834 non
1281 1793 1478 1850 proxime
1499 1807 1575 1834 ex-

93 1846 254 1918 cipiat,
301 1845 355 1886 ad
392 1846 468 1900 τὴν
506 1846 788 1903 δικαιοσύνην
823 1850 1023 1905 precario
1056 1849 1263 1892 refertur.
1342 1848 1574 1892 Postremo

95 1904 206 1959 αυτῇ
237 1916 318 1942 ηοη
351 1910 419 1943 est
448 1903 532 1943 nisi
563 1904 764 1944 lectionis
795 1919 816 1944 a
852 1905 998 1947 Grotio
1030 1906 1353 1947 commendatae
1386 1921 1576 1962 pannus«,

95 1974 224 2016 qnam
247 1964 321 1999 aut
344 1963 478 2000 totam
500 1959 791 2015 recipiendam
829 1968 902 2001 aut
928 1962 1145 2014 vulgatam
1176 1964 1440 2020 scripturam
1462 1963 1576 2006 nihil

96 2022 305 2058 mutatam
328 2015 598 2057 retinendam
618 2030 716 2057 esse
734 2017 915 2058 criticus
936 2020 1085 2074 paullo
1106 2018 1329 2061 cordatior
1349 2021 1480 2062 facile
1509 2020 1574 2062 in-

97 2074 291 2126 telligat.
356 2071 521 2130 Nempe
542 2074 754 2114 lectiones
777 2073 982 2116 Codicum
1012 2077 1082 2117 (57.
1100 2075 1154 2102 Μ
1187 2076 1296 2121 12*
1324 2077 1397 2121 37.
1418 2079 1490 2120 80.
1511 2079 1574 2131 (v.

97 2132 282 2186 supra),
321 2137 366 2170 ut
397 2130 468 2181 fit,
506 2144 529 2170 e
564 2130 737 2183 vulgata
769 2132 987 2187 scriptur-i
1020 2139 1064 2173 et
1084 2133 1252 2186 altera,
1292 2149 1403 2190 quae
1427 2135 1576 2176 Grotio

98 2187 288 2245 placuit,
334 2193 498 2227 temere
523 2188 776 2228 commistae
806 2193 922 2231 eunt.
987 2188 1173 2232 Diversa
1204 2190 1342 2244 igitur
1377 2189 1578 2232 confudit:

100 2244 427 2295 Lacſtrmzmms,
460 2243 534 2299 qui
557 2267 612 2273 ——
631 2241 794 2299 γράφει
819 2244 896 2299 ’την
915 2244 1201 2313 δικαιοσύνην
1229 2245 1307 2302 τήν
1328 2246 1375 2290 ἐκ
1393 2248 1474 2289 τοῦ
1494 2244 1574 2286 νό-

98 2315 207 2353 μου.
253 2297 332 2340 {Im
367 2299 389 2339 ὁ
423 2299 617 2354 ποιήσας
655 2298 795 2342 αὐτὰ
824 2300 1132 2356 ἄνθρωπος
1164 2302 1344 2359 ζήσεται
1383 2303 1428 2345 ἐν
1468 2301 1575 2346 αὖ-

99 2358 160 2411 τῇ
181 2355 238 2410 (J)
268 2355 461 2408 dederit,
494 2358 534 2396 in
560 2357 755 2410 margine
777 2366 918 2398 autem
941 2373 1018 2415 pro
1037 2359 1223 2400 lectione
1243 2374 1264 2399 a
1289 2361 1441 2402 multis
1459 2361 1575 2401 anti-

83 2413 252 2468 quitus
273 2414 474 2470 suscepta}
501 2413 608 2455 hanc
630 2414 946 2457 venditaverit:
975 2441 1022 2446 —
1049 2412 1214 2471 γράφει
1244 2413 1332 2458 δἐι
1362 2417 1459 2473 τὴν
1489 2418 1574 2459 δι-

103 2471 404 2525 καιοσύνην
441 2469 518 2525 τὴν
556 2468 605 2512 ἐκ
632 2471 712 2511 τοῦ
743 2467 879 2522 νόμον
918 2470 940 2512 ὁ
973 2471 1168 2528 ποιήσας
1207 2472 1452 2528 ἄνθρωπος
1492 2470 1575 2530 ζή-

103 2539 229 2567 σεται
258 2526 302 2568 ἐν
332 2525 528 2576 αὐτοῖς
547 2529 618 2580 (.’).
679 2526 777 2567 Νοη
809 2527 941 2580 vidit,
982 2528 1195 2583 integram
1225 2530 1457 2573 lectionem
1479 2537 1574 2572 tum

103 2596 197 2623 eam
219 2596 315 2625 esse
346 2598 458 2639 quae
489 2584 618 2636 vulgo
646 2584 905 2634 excuditur,
946 2589 1035 2625 tum
1059 2585 1187 2629 banc:
1217 2611 1271 2617 —
1291 2585 1456 2642 γράφει
1486 2584 1574 2629 ὅτι

103 2638 180 2693 τὴν
200 2639 482 2696 δικαιοσύνην
501 2638 578 2694 τὴν
598 2638 646 2681 ἐκ
666 2640 743 2681 τοῦ
767 2638 903 2693 νόμου
931 2636 953 2680 ὃ
971 2641 1167 2696 ποιήσας
1185 2636 1429 2700 ἅνθρωπος
1447 2641 1572 2698 ζήσε-

104 2709 178 2734 ται
207 2693 251 2736 ἐν
278 2693 430 2752 αὐτῇ.
505 2697 659 2753 Neque
693 2697 735 2738 id
765 2703 1045 2754 reputaverat
1075 2698 1264 2753 Griesb.,
1314 2714 1446 2757 quum
1478 2700 1575 2742 voci

104 2747 214 2791 αιἰτά
235 2752 412 2794 exitium
435 2752 650 2796 indiceret
670 2760 714 2796 ct
734 2768 812 2810 pro
842 2752 886 2795 ἐν
916 2752 1066 2805 αιἰτοῑς
1084 2756 1405 2798 commendaret
1424 2754 1469 2798 ἐν
1486 2754 1575 2798 αὐ-

104 2805 178 2863 τῇ,
228 2807 306 2850 sed
335 2806 428 2859 ὅτι,
486 2810 601 2866 qnod
632 2818 679 2853 ut
713 2812 798 2853 sibi
830 2818 1053 2854 constaret
1089 2820 1188 2869 post
1217 2810 1375 2870 γράφει
1411 2827 1572 2871 ponere
