1715 3115
138 207 222 248 530
412 203 793 249 EPISTOLA
828 201 1326 248 ADROMANOS

144 314 228 355 tius
243 344 254 363 ‚
291 310 533 354 Limhorch.
548 343 560 361 ‚
597 309 800 352 Wersaw.
823 309 881 351 al.
906 306 1033 349 Pauli
1056 309 1395 365 praedictionem
1412 311 1502 369 jam
1529 314 1608 355 ‹lu-

142 369 242 410 dum
267 372 421 409 eventu
443 366 765 423 comprobatam
790 365 1171 422 essejudicarunt.
1233 367 1398 410 Notare
1419 370 1530 410 enim
1557 370 1608 410 τὸ

144 422 363 478 πλήρωμα
382 425 464 464 τῶν
487 420 631 464 ἐθνῶν
653 437 848 476 maguam
881 422 1110 475 gentilium
1142 428 1355 465 catervam
1385 428 1607 482 apostolo-

145 497 236 523 rum
269 480 426 521 studiis
455 480 508 520 ad
530 479 695 522 Christi
726 493 847 520 sacra
878 477 1106 519 adductam
1130 478 1256 523 Rom.
1278 481 1425 531 15,19.
1448 482 1543 524 Col.
1572 485 1608 532 l,

143 541 216 581 23.
249 543 290 577 et
330 536 473 577 πάντα
499 534 674 590 Ἰσραήλ
712 550 909 589 maqmmo
941 535 1195 576 „ludaeorum
1236 537 1429 589 turbam,
1478 553 1606 594 quam

145 593 297 635 eversa
329 593 551 648 republica
582 599 624 633 et
654 595 798 633 exciso
828 592 990 646 templo
1018 591 1072 631 ad
1097 592 1322 634 Christum
1354 597 1607 636 accessisse.

144 650 313 706 Nempe
333 649 520 704 μυρίους
543 646 587 690 ἐκ
607 649 851 704 περιτιῃιῆς
879 649 1120 703 imperante
1141 647 1336 704 Trajano
1365 649 1417 690 ad
1439 649 1606 693 Christi

146 707 271 748 tidem
295 706 528 747 transiisse
548 711 766 746 auctorem
788 719 884 745 esse
907 705 1140 745 Eusebium
1163 705 1221 747 H.
1248 706 1298 747 E.
1318 706 1358 757 3,
1369 706 1457 749 35..
1518 707 1607 749 Ve—

144 778 240 805 rum
263 764 483 804 enimvero
505 762 555 802 τὸ
576 761 795 815 πλήρωμα
813 760 898 801 τῶν
922 761 1062 802 ἐθνῶν
1085 761 1320 816 plerosque
1349 763 1537 816 gentiles
1564 768 1609 804 et

144 822 235 868 πᾶς
257 817 431 874 Ἰσραήλ
461 820 588 871 longe
619 817 848 857 maximam
868 816 1132 861 ,ludaeorum
1166 824 1330 873 partem
1367 818 1504 861 Paulo
1535 821 1607 861 de-

143 878 283 917 clarat
301 877 420 931 (lege
451 875 852 931 interpretationem
885 875 1116 926 nostram).
1177 875 1477 927 Theodoretus,
1504 876 1606 918 Ca]-

145 934 288 985 ve'nus,
321 932 554 982 Osiander,
586 930 939 982 Dmmhawerns,
971 944 1108 986 nuper
1135 930 1291 971 Paulas
1312 931 1392 972 hoc
1419 932 1474 972 ab
1501 947 1606 989 apo-

146 990 260 1030 stolo
281 988 367 1029 dici
387 988 554 1043 opinati
575 993 698 1037 sunt3
730 985 959 1027 indurasse
980 986 1121 1028 Deum
1143 985 1408 1030 ,ludaeorum
1440 995 1606 1044 partem

145 1045 281 1087 donec
301 1045 530 1097 gentilium
551 1050 721 1085 caterva
743 1042 795 1083 ad
809 1043 974 1085 Christi
992 1058 1115 1084 sacra
1137 1044 1416 1088 transiisset:
1434 1052 1522 1086 tum
1537 1059 1608 1087 ve-

145 1116 220 1143 ros
240 1100 471 1142 israelitas
489 1101 554 1151 (h.
575 1113 613 1142 e.
636 1101 732 1156 pios
755 1100 974 1151 homiues,
1005 1100 1097 1140 sive
1116 1099 1272 1142 Judaei
1299 1101 1390 1142 sive
1417 1103 1606 1155 gentiles

145 1159 249 1200 olim
278 1158 441 1198 suerint
469 1157 568 1200 Gal.
599 1157 641 1208 6,
656 1157 745 1210 16.)
772 1170 920 1197 omnes
952 1157 1137 1197 salutem
1167 1157 1425 1199 messianam
1455 1172 1607 1199 conse-

146 1219 362 1271 quuturos
390 1228 505 1256 esse.
574 1211 723 1255 Primo
754 1213 798 1253 hi
827 1213 937 1254 nihil
966 1213 1123 1253 lucrati
1156 1217 1272 1256 sunt.
1350 1213 1463 1255 Nam
1491 1215 1604 1256 sacta

146 1271 224 1312 τοῦ
255 1270 550 1325 πληρώματος
573 1272 658 1311 τῶν
687 1269 826 1310 ἐθνῶν
850 1268 905 1309 ad
934 1266 1100 1311 Christi
1129 1269 1405 1326 disciplinam
1444 1271 1607 1312 transi-

144 1328 262 1368 tione
282 1334 556 1367 contumaces
578 1325 769 1369 Judaeos
796 1325 927 1366 animi
957 1325 1292 1368 obstinationem
1325 1327 1606 1383 deposituros

145 1389 190 1424 et
209 1383 386 1425 Christo
413 1383 539 1424 fidem
571 1382 818 1439 adjecturos
847 1396 943 1423 esse
968 1382 1148 1423 Paulum
1177 1383 1322 1424 verbis
1349 1380 1607 1439 πώρωσις

146 1437 237 1481 ἀπὸ
255 1439 417 1493 μέρους
436 1436 955 1505 ²25'1006‘72‘7-2'5701'61‘
979 1442 1115 1503 ἄχρις
1137 1437 1192 1487 οὗ
1210 1449 1260 1490 τὸ
1280 1446 1501 1503 πλήρωμα
1522 1449 1607 1488 τῶν

146 1503 288 1547 ἐθνῶν
309 1499 492 1558 ((ἷςίλθῃ
516 1505 970 1562 perspicueindicasse
981 1506 1213 1547 concedere
1227 1505 1384 1546 debent
1399 1506 1458 1558 (v.
1473 1504 1606 1546 Theo—

143 1562 333 1603 derorum
357 1568 400 1603 et
421 1563 674 1615 Calvinum).
737 1562 907 1604 Deinde
926 1577 965 1605 ν.
988 1563 1077 1610 πᾶς
1100 1559 1271 1616 Ἰσραήλ
1299 1575 1503 1617 perverse
1530 1573 1602 1600 ex-

144 1618 409 1673 plicuerunt.
478 1617 603 1658 Licet
641 1632 836 1658 ierorum
875 1618 1173 1658 lsraelitarum
1216 1618 1256 1660 h.
1285 1632 1324 1660 e.
1357 1618 1528 1673 piorum
1559 1622 1604 1656 et

145 1673 218 1729 qui
243 1673 419 1715 Christo
440 1674 565 1714 tidem
590 1673 815 1713 habuerint
839 1674 1055 1714 hominum
1076 1674 1291 1714 notionem
1312 1673 1511 1714 formulis
1531 1686 1603 1712 ne-

143 1730 250 1770 mini
280 1731 494 1783 ambiguis
524 1725 546 1767 ὅ
573 1727 745 1782 Ἰσραὴλ
773 1730 852 1771 τοῦ
882 1732 991 1770 θεοῦ
1023 1730 1124 1773 Gal.
1156 1731 1281 1780 6‚16.
1311 1735 1355 1784 et
1385 1723 1408 1769 ὃ
1429 1725 1604 1783 Ἰσραὴλ

144 1782 252 1826 rats?
274 1785 443 1836 πνεῦμα
473 1789 496 1827 l
519 1786 620 1827 Cor.
647 1787 790 1836 10,18.
820 1787 1002 1837 efferre,
1041 1788 1123 1827 unzi
1156 1800 1255 1827 voce
1279 1781 1475 1838 Ἰσραήλ,
1516 1785 1603 1825 nisi

142 1843 420 1882 cohaerentia
443 1842 561 1883 vocis
583 1842 664 1882 vim
697 1844 814 1882 clare
842 1846 1075 1894 monstret,
1114 1843 1233 1883 illam
1264 1841 1493 1883 emnntiare
1519 1854 1604 1881 non

142 1898 262 1939 licet.
321 1899 463 1954 Atqui
486 1905 576 1939 toto
599 1899 738 1954 capite
761 1898 813 1939 de
833 1898 984 1942 Jacobi
1007 1899 1197 1954 posteris
1222 1899 1263 1940 h.
1287 1913 1325 1940 e.
1357 1897 1409 1939 de
1440 1897 1601 1953 populo

136 1953 312 2009 judaico
333 1956 597 2010 disputatur.
663 1954 811 2011 lnepte
831 1961 972 1996 autem
996 1956 1064 1995 illi
1092 1957 1194 2003 πᾶς
1212 1952 1383 2010 Ἰσραήλ
1406 1952 1458 1994 de
1477 1967 1600 1994 vero-

140 2025 234 2051 rum
265 2011 564 2052 lsraelitarum
587 2012 870 2052 universitate
893 2018 1126 2067 ceperunt,
1157 2025 1285 2065 quum
1310 2006 1601 2064 πᾶς’[σραήλ

139 2080 180 2108 v.
201 2067 271 2108 26.
296 2066 540 2122 ιῷ’1σραι)λ
564 2066 653 2107 ἀπὸ
682 2067 843 2120 μέρους
872 2083 911 2109 v.
939 2069 1010 2109 25.
1037 2069 1206 2122 (gentis
1229 2066 1428 2123 judaicae
1459 2066 1598 2118 parii)

139 2132 383 2178 opponatur
405 2128 467 2174 (v.
490 2128 659 2179 supra).
723 2124 947 2179 Denique,
979 2138 1029 2164 nc
1061 2125 1184 2179 plura
1214 2122 1439 2179 adjiciam,
1470 2121 1600 2161 verba

138 2193 178 2219 v.
201 2182 268 2220 20.
293 2181 380 2228 πᾶς
402 2178 544 2233 ³100(er
555 2181 576 2219 λ
609 2179 867 2233 σωθήσεται
887 2179 1025 2222 Paulo
1057 2180 1247 2221 valuisse
1276 2184 1388 2220 totus
1407 2177 1594 2219 Judaeo-

136 2249 230 2276 rum
248 2237 426 2289 pupulus
448 2236 700 2277 messiunmn
723 2236 968 2277 beatitatem
989 2241 1260 2291 consequetur
1277 2249 1300 2275 e
1316 2232 1509 2291 paullina
1524 2246 1595 2273 sa-

134 2305 234 2331 crae
256 2292 371 2331 meis
394 2292 755 2347 interpretatione
780 2295 840 2340 (v,
861 2293 953 2344 27.)
973 2299 1016 2332 et
1034 2306 1089 2333 ex
1109 2306 1172 2334 vs.
1197 2291 1253 2334 28
1271 2315 1325 2321 —
1345 2290 1416 2332 32.
1437 2302 1594 2342 cogno·

133 2347 295 2397 scitur,
331 2349 487 2402 quibus
509 2356 760 2399 argumenta
784 2354 1084 2403 exponuntur,
1124 2348 1282 2403 quibus
1307 2346 1447 2387 fretus
1475 2349 1594 2385 recte

132 2418 284 2459 speres
307 2404 399 2444 sore
424 2414 470 2444 ut
491 2409 579 2445 tota
602 2405 853 2445 doulam-um
873 2419 972 2459 qens
997 2415 1074 2461 per
1106 2404 1231 2444 tidem
1260 2403 1427 2446 beetur.
1484 2401 1592 2441 Me-

129 2459 323 2510 lanthum,
371 2461 561 2501 Calavius
594 2461 651 2501 al.
677 2461 869 2500 futurum
898 2475 1018 2511 esse,
1068 2467 1114 2502 ut
1145 2459 1328 2501 subinde
1357 2470 1496 2513 usque
1536 2456 1593 2497 ad

130 2516 256 2555 linem
282 2516 425 2555 mundi
457 2516 593 2570 aliqui
625 2530 674 2555 ex
696 2516 878 2558 ,ludaeis
901 2517 1067 2558 Christi
1094 2531 1216 2557 sacra
1248 2514 1490 2569 suscipiant
1517 2513 1590 2567 (l)

129 2571 199 2611 hic
218 2572 301 2611 dici
322 2572 405 2611 sibi
430 2577 757 2627 persuaserunt.
815 2572 980 2628 Nempe
1001 2574 1111 2613 hunc
1131 2574 1269 2613 locum
1290 2571 1353 2612 sic
1371 2570 1592 2625 explicue-

127 2633 250 2669 runt:
283 2629 469 2683 populus
495 2628 759 2668 israeliticus
783 2643 833 2668 ex
863 2636 984 2684 parte
1013 2629 1242 2680 obduruit,
1281 2625 1417 2667 donec
1448 2626 1590 2679 genti-

125 2683 230 2723 lium
251 2690 422 2725 caterva
446 2683 497 2723 ad
521 2684 686 2724 Christi
707 2699 827 2724 sacra
851 2686 1083 2725 accesserit
1104 2686 1132 2727 i.
1155 2700 1193 2727 e.
1216 2696 1353 2737 usque
1380 2681 1435 2723 ad
1462 2683 1588 2724 linem

125 2740 272 2780 mundi
292 2742 461 2795 (itaque
482 2753 619 2794 usque
651 2739 703 2779 ad
736 2741 814 2780 hoc
842 2748 1010 2796 tempus
1042 2741 1190 2796 populi
1210 2738 1380 2796 judaici
1408 2751 1512 2795 pars
1541 2739 1585 2779 in

122 2797 389 2836 contumacia
422 2796 744 2851 perseverabit,
784 2811 920 2851 neque
952 2797 1036 2837 nisi
1067 2797 1190 2853 pauci
1220 2794 1404 2836 subinde
1427 2793 1585 2839 Iudaei

121 2851 163 2892 in
187 2852 352 2894 Christi
373 2852 646 2908 disciplinam
670 2867 716 2894 se
745 2853 984 2907 t1·a«lcnt.'):
1023 2868 1107 2910 quo
1138 2853 1251 2894 tacto
1280 2865 1429 2894 omnes
1457 2850 1583 2904 probi
