1715 3115
143 191 231 235 318
419 190 802 236 EPISTULA
839 191 1337 239 ADROMANOS

146 300 217 340 hio
239 298 386 341 dicere
437 299 564 342 otuit.
624 296 907 352 Negligentia
938 306 1082 342 autem
1111 301 1327 344 sermonis
1355 302 1616 358 quotidiani,

144 356 201 398 nd
233 371 358 411 quam
390 357 403 371 '
438 355 642 412 heophyl.
683 357 960 412 provocavit,
1001 372 1024 396 a
1053 357 1366 413 disputationis
1394 359 1616 416 paullinae

143 413 392 455 subtilitate
415 426 597 469 prorsus
615 410 840 454 abhorret.
900 411 1144 466 ἐλεοῦντος]
1176 413 1322 469 Etym.
1341 414 1403 458 Μ.
1421 416 1522 468 327,
1541 417 1615 460 28.

143 468 256 511 ἐλεῶ
276 467 385 509 κατὰ
405 470 484 520 μὲν
503 467 605 517 ’τοὶ-ς
621 464 842 517 Ἀττικοὺς
860 467 1040 524 πρώτης
1058 468 1262 523 συζυγίας
1279 470 1364 511 τῶν
1381 485 1614 525 περισπω-

141 524 306 579 μένων.
360 523 780 575 ἑ).εεῖς----,
820 522 951 565 κατὰ
995 525 1051 566 δὲ
1087 523 1183 579 τὴν
1213 524 1427 581 κοινὴν,
1460 525 1615 569 δευτέ-

140 596 236 635 ρας.
295 581 479 623 Formae
493 576 631 622 ἐλεάω
643 579 838 637 exempla
857 586 958 621 sunt
981 581 1025 621 in
1044 580 1316 623 variantibus
1333 582 1612 626 lectionibus.

139 638 252 680 Rom
277 639 319 687 9,
340 640 406 681 16.
433 638 499 680 18.
519 636 623 681 Jud.
641 637 731 680 23..
790 636 903 677 Nam
935 651 1014 693 pro
1045 635 1297 687 ἐλεοῦντος
1328 653 1367 682 v,
1390 640 1457 681 16.
1486 653 1615 696 prae-

136 694 244 735 hent
274 693 502 742 ἐλεῶντος
529 694 592 736 Α.
613 693 698 737 B&
718 692 771 736 E.
801 692 854 736 F.
873 694 931 737 G.
946 694 1017 736 39.
1038 697 1082 734 et
1107 708 1148 738 v.
1172 693 1239 736 18.
1272 709 1349 750 pro
1378 693 1507 737 ἐλεεῖ
1535 696 1615 737 ha-

139 751 247 793 bent
276 748 385 792 ἔλεᾶ
406 749 497 792 DJ*
515 749 568 793 F.
587 750 661 794 G..
718 749 899 792 Lachm.
918 763 958 792 v.
980 749 1050 792 16.
1071 747 1143 791 ἐλε
1157 749 1297 799 ῶντος
1317 749 1450 800 dedit,
1481 765 1523 795 V.
1540 752 1610 796 18.

135 807 324 849 retinuit
355 805 498 849 ἐλεεῖ.
557 805 688 849 Male.
747 804 861 847 Nam
894 819 1034 861 neque
1064 805 1266 847 diversas
1303 807 1466 849 formas
1498 805 1614 850 Pau-

135 865 224 905 lum
259 878 344 905 uno
375 861 614 919 eodemque
645 864 741 905 loco
770 863 1012 904 collocasse
1042 862 1281 904 verisimile
1309 868 1379 905 est
1406 868 1450 906 et
1478 863 1612 906 iidem

133 921 228 962 fere
256 920 365 962 libri
402 919 636 976 utrobique
673 918 854 961 eandem
888 919 1070 960 sormam
1102 925 1449 976 repraesentant.
1516 918 1612 974 Ego

133 990 176 1021 v.
198 979 264 1020 16.
297 983 342 1018 et
369 975 437 1020 18.
467 976 684 1031 vulgatam
713 975 943 1017 lectionem
974 980 1122 1027 tueor,
1154 989 1284 1031 quum
1303 975 1516 1017 credibile
1536 978 1612 1030 sit,

133 1032 324 1076 Paulum
355 1047 439 1088 quo
467 1033 561 1074 loco
592 1047 644 1074 ex
673 1031 811 1075 Exod.
829 1033 902 1081 33,
923 1033 991 1074 19.
1024 1036 1353 1086 argumentatur
1381 1035 1444 1086 (v.
1466 1034 1536 1077 16.
1558 1059 1613 1065 -—

134 1091 227 1142 18.)
247 1091 431 1131 farinam
453 1090 688 1131 retinuisse
710 1089 752 1130 in
783 1089 838 1132 V.
859 1089 917 1131 T.
939 1089 1050 1140 loco,
1080 1102 1134 1129 ex
1156 1102 1240 1144 quo
1261 1094 1609 1142 argumentatur,

131 1147 324 1204 positam
358 1149 420 1200 (v.
451 1147 566 1191 necet
597 1145 653 1189 bie
683 1146 901 1198 §Bcrbienste
930 1146 1187 1198 &botucf'ss
1218 1159 1263 1201 p.
1291 1147 1400 1200 06.).
1457 1146 1611 1200 Argu-

133 1210 278 1245 menta
293 1203 445 1253 tionis,
478 1203 563 1258 qua
598 1215 679 1244 non
708 1203 920 1258 injustum
951 1202 1096 1243 Deum
1125 1215 1252 1254 esse,
1282 1202 1356 1258 qui
1386 1215 1465 1257 pro
1491 1202 1611 1244 arbi-

130 1261 220 1301 trio
257 1259 466 1308 delectis,
507 1259 707 1315 quoniam
737 1259 793 1300 iis
815 1259 924 1301 bene
943 1258 1180 1309 voluisset,
1217 1257 1466 1300 hominibus
1488 1273 1612 1301 mes-

133 1317 304 1359 stanam
338 1315 592 1356 felicitatem
621 1313 933 1368 destinaverit,
972 1315 1068 1372 Ap.
1097 1314 1246 1366 docet,
1286 1328 1445 1356 nervus
1482 1315 1526 1356 in
1555 1329 1608 1357 eo

131 1379 227 1425 est,
274 1372 392 1428 qnod
435 1371 559 1413 Deus
596 1373 908 1414 misericordem
954 1385 1002 1412 se
1051 1371 1381 1426 quibuscunque
1419 1371 1609 1414 voluerit

127 1429 428 1485 praebiturum
473 1443 562 1470 esse
589 1428 724 1479 ‚lMosi
769 1427 1118 1479 denuntiaverit,
1167 1426 1360 1468 felicitas
1399 1434 1543 1470 autem
1580 1442 1607 1470 a

133 1484 315 1529 Christo
349 1490 472 1541 parta
495 1484 738 1536 beneficium
758 1484 844 1535 sit,
881 1499 959 1538 (suo
983 1485 1100 1525 Dens
1122 1488 1164 1525 te
1191 1481 1363 1539 afficiat
1394 1484 1607 1526 miseri-

132 1542 321 1583 cor-dm
354 1544 608 1588 commotus,
645 1553 730 1581 non
758 1545 1080 1591 ornamentum,
1121 1539 1234 1595 quod
1264 1539 1307 1580 in
1335 1544 1378 1580 te
1406 1540 1606 1582 conferre

131 1598 273 1653 aliquo
296 1596 404 1650 jure
432 1601 632 1637 teneatur
657 1599 719 1649 (v.
747 1601 837 1637 not.
863 1595 918 1635 ad
951 1609 988 1638 ν.
1019 1595 1123 1645 15.).
1182 1594 1298 1635 Nun]
1323 1595 1514 1652 injustus
1535 1600 1605 1638 est

131 1652 282 1705 Deus,
324 1651 492 1707 inquit,
531 1652 606 1707 qui
635 1664 714 1705 pro
741 1651 926 1691 arbitrio
955 1664 1032 1706 per
1051 1650 1276 1693 Christum
1307 1651 1404 1693 beet
1423 1650 1606 1706 quibus-

132 1723 303 1764 cunque
339 1708 446 1749 bene
483 1703 704 1763 cupierit‘.2
740 1710 801 1761 (ν.
837 1708 907 1751 14.
932 1707 988 1748 cl.
1021 1721 1059 1750 V.
1082 1707 1149 1750 11.
1170 1732 1223 1737 —
1246 1707 1352 1760 13.).
1422 1706 1605 1749 Minime

129 1779 249 1808 vero.
322 1762 438 1805 Nam
468 1762 583 1806 Mosi
613 1762 742 1806 dicit:
783 1763 1021 1804 misericors
1050 1775 1121 1804 ero
1149 1762 1482 1819 quibuscunque
1504 1776 1604 1806 esse

127 1820 347 1879 placuerit
375 1824 435 1875 (v.
466 1821 534 1863 15.
564 1833 660 1861 esse
685 1823 829 1861 autem
863 1817 1091 1860 felicitatis
1130 1819 1374 1860 messianae
1403 1819 1606 1872 largitio-

126 1892 223 1920 nem
245 1890 332 1919 non
356 1891 472 1928 rem,
513 1874 739 1931 quaejure
758 1875 839 1916 tibi
865 1873 1099 1926 debeatur,
1129 1873 1206 1916 sed
1224 1889 1339 1926 rem,
1369 1876 1453 1931 qua
1477 1875 1602 1917 Deus

126 1940 170 1976 te
191 1948 268 1988 pro
285 1937 366 1974 sm?
388 1934 680 1974 misericordia
699 1937 740 1974 et
762 1931 1019 1987 beniynsitute
1038 1937 1217 1984 augeat,
1246 1932 1356 1973 satis
1376 1933 1606 1985 constan).

125 1989 286 2046 Itaque
319 2003 423 2043 ergo
449 2003 532 2030 non
564 1988 618 2028 ab
638 1991 816 2044 optante
834 1992 910 2029 aut
937 1986 1224 2029 contendente
1247 1987 1442 2038 bomine,
1480 1986 1556 2029 sed
1576 2001 1603 2029 a

124 2047 360 2088 miserante
386 2046 484 2087 Deo
515 2045 741 2086 felicitatis
770 2044 1014 2086 messianae
1034 2042 1209 2100 adeptio
1237 2043 1396 2100 pendet
1416 2046 1476 2093 (v,
1499 2045 1602 2094 16.).

124 2102 229 2145 Duo
267 2102 425 2143 subtili
464 2100 593 2143 Pauli
627 2100 915 2158 disputationi
952 2100 1172 2144 obvertaS.
1248 2100 1377 2141 Levis
1412 2099 1525 2140 enim
1556 2105 1602 2142 et

126 2158 395 2201 stomachosi
418 2158 604 2199 hominis
625 2163 716 2207 est,
754 2162 801 2198 ut
819 2163 982 2199 temere
1003 2162 1043 2197 et
1065 2155 1171 2214 Cajo
1193 2155 1334 2197 faveat
1363 2160 1406 2197 et
1431 2170 1453 2196 a
1476 2155 1601 2197 Sem-

140 2216 280 2256 wonio
311 2215 457 2256 animo
490 2213 550 2255 sit
579 2213 827 2255 abalienato
871 2227 954 2253 non
987 2213 1070 2253 Dei
1103 2211 1367 2253 sanctissimi
1406 2213 1466 2264 (ν.
1492 2212 1598 2265 13.).

124 2231 368 2314 i’raeterea
404 2270 709 2328 circumspecti
748 2269 945 2310 homines
988 2268 1032 2309 in
1071 2266 1336 2310 collocandis
1376 2267 1599 2310 benelieiis

122 2328 283 2384 aliquid
314 2333 581 2382 sequuntur,
621 2326 792 2367 honesti
823 2325 1041 2366 hominum
1074 2338 1236 2375 mores,
1274 2321 1439 2366 sordidi
1463 2324 1599 2366 homi·

124 2398 224 2425 num
242 2385 484 2432 fortunam,
514 2389 558 2424 et
580 2383 681 2423 boni
709 2383 806 2433 viri,
851 2395 981 2437 quum
1010 2384 1145 2422 totam
1164 2380 1355 2434 aliquam
1381 2380 1594 2422 familiam

124 2453 149 2480 a
171 2439 348 2480 miseria
370 2438 590 2480 vindicare
611 2452 863 2480 concessum
882 2442 967 2488 est,
995 2437 1184 2478 libenter
1202 2435 1245 2476 id
1268 2436 1433 2476 faciunt
1454 2450 1598 2493 neque

125 2495 351 2536 nonnullis
372 2496 559 2537 servatis
579 2501 748 2536 eeteros
771 2494 846 2550 qui
867 2493 920 2534 ad
941 2493 1149 2534 familiam
1170 2493 1416 2548 pertineant
1450 2492 1493 2533 in
1518 2493 1596 2533 mi-

125 2552 257 2593 seriis
289 2551 456 2593 versari
489 2551 731 2606 patiuntur.
800 2549 890 2605 Qui
923 2550 1059 2603 igitur
1081 2547 1203 2590 Deus
1233 2562 1312 2603 pro
1335 2549 1412 2589 sua
1433 2549 1597 2590 sancti-

124 2613 214 2650 tate
242 2613 288 2648 et
320 2608 536 2662 sapientia
566 2608 611 2650 in
642 2621 807 2647 summo
838 2606 1047 2647 beneficio
1085 2603 1337 2645 collocando
1367 2604 1478 2645 nihil
1508 2605 1596 2646 nisi

122 2663 314 2721 partium
335 2662 553 2714 studium,
598 2661 711 2717 quod
730 2676 813 2703 non
846 2660 964 2702 cadit
990 2661 1032 2702 in
1063 2659 1228 2710 Deum,
1273 2667 1486 2716 sequutus
1522 2661 1597 2713 sit,

123 2725 199 2761 aut
232 2717 406 2774 quidni,
446 2733 573 2773 quum
608 2733 757 2758 omnes
788 2718 982 2758 homines
1017 2730 1092 2772 per
1113 2715 1334 2758 Christum
1367 2717 1494 2757 beare
1516 2731 1593 2772 po-

122 2776 307 2825 inisset,
339 2788 418 2830 pro
442 2774 604 2814 sumina
626 2775 703 2814 sua
724 2773 991 2826 benignitate
1012 2786 1158 2812 omnes
1180 2773 1326 2826 potius
1346 2773 1591 2814 fortunatos

123 2830 391 2882 reddiderit,
440 2844 565 2885 quani
610 2830 842 2871 nonnullos
877 2836 1039 2870 temere
1077 2827 1269 2870 delectos
1301 2831 1361 2883 (v.
1384 2844 1422 2873 v.
1449 2830 1515 2872 15.
1536 2830 1592 2872 cl.
