1715 3115
165 208 251 252 3⁴⁰
445 204 828 250 EPISTOLA
857 205 961 250 AD
993 205 1353 252 ROMANOS

165 316 320 357 ficatus
345 310 644 378 repudiandus
671 316 815 365 esset,
854 327 985 369 quum
1007 313 1152 355 verbis
1171 307 1199 355 ἃ
1218 312 1551 370 προητοίμασεν
1570 312 1636 364 εἷς

165 369 296 420 δόξαν
316 368 560 411 sinnlitudo
583 383 606 409 a
630 368 766 422 figulo
785 371 922 425 petita
941 370 1232 414 continuetur.
1291 369 1404 412 Mire
1417 369 1638 424 Memmia,

165 440 296 485 puum
325 421 664 479 προετοιμάζειν
693 439 790 465 esse
821 430 948 468 ante
974 440 1136 480 parare
1163 425 1352 479 largitus
1381 433 1522 479 esset,
1558 439 1637 468 eos

164 492 444 550 vituperavit,
464 491 659 547 quiillud
682 483 770 547 Ξῖρ-ι)
789 492 1035 534 accuratius
1057 491 1358 533 delinivissent
1385 494 1529 547 (ante
1553 507 1637 548 pa-

163 551 278 594 ravit
299 550 366 590 vel
389 563 520 604 quum
541 548 737 590 homines
756 554 927 590 crearet
946 549 1093 600 Bemz,
1132 548 1201 590 vel
1226 548 1482 605 priusquam
1512 548 1635 605 quis-

165 620 249 662 que
281 606 325 647 in
356 605 494 646 lucem
520 604 725 646 ederetur
756 619 796 648 v.
819 607 912 657 11.,
949 606 1017 647 vel
1046 605 1100 645 ab
1130 609 1331 656 aeterno,
1371 618 1500 660 quum
1522 619 1633 661 quos

164 662 361 704 homines
391 661 646 717 perditurus
675 666 815 713 esset,
853 676 963 717 quos
985 661 1194 702 heaturus
1223 675 1366 703 secum
1388 661 1634 702 constitue-

164 727 231 760 ret
251 720 293 771 8,
305 718 376 760 29.
397 719 438 767 9,
461 719 568 771 11.).
625 715 756 759 Patet
775 717 888 758 enim
910 718 1077 772 aliquod
1097 723 1267 773 tempus
1289 715 1473 759 Paulum
1500 717 1632 759 verbo

164 773 523 830 προητοίμασεν
548 773 729 818 dixisse.
796 774 889 826 Ego
919 771 1102 814 Paulum
1134 775 1280 815 verbis
1319 788 1359 816 v.
1378 774 1450 814 22.
1472 787 1632 830 κατηρ-

162 831 344 884 τισμένα
374 827 436 878 εἷς
463 827 689 871 ἀπώλειαν
715 833 815 872 etv.
841 830 911 872 23.
941 825 969 869 ‘cl
990 828 1317 884 προητοίμασεν
1338 827 1402 878 εἰς
1425 826 1555 878 δόξαν
1575 828 1633 870 ad

161 885 241 941 τὴν
261 886 482 941 πρόθεσιν
502 887 586 926 τῶν
605 883 776 928 αἰώνων
806 886 918 942 Eph.
941 886 982 937 3,
1005 887 1073 928 11.
1096 886 1343 941 respexisse
1362 899 1542 936 censeo,
1582 890 1631 926 nt

161 958 272 999 quos
308 942 430 983 Deus
464 942 659 982 homiues
681 956 826 983 amare
849 942 1084 993 voluisset,
1119 955 1194 982 eos
1214 946 1313 982 ante
1335 940 1481 983 mundi
1504 941 1631 982 initia

159 999 213 1040 ad
240 998 512 1064 splendidam
541 998 829 1040 conditionem
860 1012 1148 1054 praeparasse
1167 1000 1259 1054 Ap.
1279 997 1466 1049 diceret,
1497 1011 1642 1062 quum,

159 1055 269 1097 hanc
292 1055 348 1096 lis
366 1056 584 1096 fortunam
605 1055 791 1110 primum
815 1054 1069 1096 decerneret
1089 1059 1132 1094 et
1152 1055 1240 1095 tale
1257 1068 1303 1095 se
1325 1054 1382 1094 iis
1405 1054 1626 1107 ingenium

158 1111 360 1152 daturum
387 1125 483 1152 esse
504 1113 616 1167 apud
639 1125 685 1151 se
706 1112 1016 1162 constitueret,
1055 1116 1103 1150 ut
1121 1110 1236 1151 vitae
1258 1115 1460 1152 aeternae
1481 1110 1628 1165 splen-

157 1166 305 1208 dorem
333 1165 518 1222 adipisci
551 1170 745 1221 possent.
804 1165 964 1208 Contra
992 1179 1093 1216 eOS,
1122 1166 1166 1206 in
1189 1165 1349 1220 quibus
1370 1166 1477 1206 iram
1500 1179 1623 1205 suam

156 1236 361 1264 exerc-ere
384 1222 618 1272 voluisset,
647 1228 737 1262 tum
756 1222 967 1278 temporis
987 1221 1038 1262 ad
1062 1222 1368 1277 sempiternam
1391 1221 1625 1277 perniciem

156 1278 412 1329 adornavit,
436 1285 670 1333 ,quatenus
696 1292 746 1319 eo
776 1283 970 1334 tempore
1000 1284 1044 1318 et
1072 1278 1243 1318 tristem
1266 1278 1321 1318 iis
1342 1277 1557 1318 fortunam
1582 1284 1626 1318 et

157 1334 380 1389 ingenium
410 1335 671 1386 destinavit,
712 1334 825 1390 quod
853 1341 979 1390 aptos
1009 1348 1084 1374 eos
1113 1334 1167 1374 ad
1203 1334 1375 1374 tristem
1403 1334 1623 1374 fortunam

153 1390 394 1432 adeundam
431 1391 613 1433 faceret.
671 1389 735 1439 εἰς
771 1386 921 1445 δόξαν]
971 1387 1095 1439 Δόξα
1131 1389 1358 1445 splendida
1395 1389 1623 1430 beatorum

154 1447 346 1489 conditio
375 1453 447 1488 est
476 1448 520 1488 in
548 1460 683 1500 regno
714 1447 930 1487 messiano
958 1446 1131 1501 vitaque
1158 1446 1425 1502 sempiterna
1451 1446 1492 1499 2,
1506 1447 1548 1487 7.
1578 1443 1624 1497 8,

158 1505 247 1548 18..
310 1503 535 1545 Vocabulo
554 1503 705 1560 paucis
730 1502 972 1559 interjectis
994 1501 1137 1543 verbis
1156 1503 1344 1558 repetito
1372 1501 1466 1554 (τὸν
1484 1501 1624 1543 πλοῦ-

153 1575 230 1602 τον
258 1560 356 1614 τῆς
394 1556 558 1614 δόξης
596 1554 767 1600 αὑτοῦ
794 1583 846 1589 —-—
875 1555 956 1605 εἷς
994 1556 1177 1609 δόξαν)
1214 1560 1296 1599 vim
1337 1558 1525 1600 orationi
1565 1555 1620 1602 Ρ.

154 1616 389 1672 quaesivit.
450 1615 506 1656 V.
534 1615 606 1658 24.
646 1607 722 1662 οὓς
752 1615 824 1656 κἀὶ
852 1611 1053 1656 ἐκάλεσεν
1082 1609 1211 1670 ἡμᾶς]
1253 1615 1331 1664 οὓς
1361 1628 1441 1671 pro
1478 1610 1506 1655 ἃ
1537 1629 1621 1656 non

153 1687 233 1728 per
271 1671 450 1727 synesin
490 1670 541 1713 P.
576 1671 780 1726 scripsit,
829 1684 960 1726 quum
1001 1668 1173 1724 σκεύη
1213 1667 1366 1719 ἐλέους
1395 1685 1492 1713 esse
1524 1667 1619 1711 ἀν-

151 1724 418 1783 θρώπους
448 1726 638 1775 ἐλέους
668 1741 814 1767 secum
833 1730 1084 1781 reputasset
1102 1726 1268 1781 (Kopp.
1289 1728 1386 1780 aL),
1416 1726 1491 1768 sed
1513 1740 1620 1782 quo-

151 1785 269 1825 niam
289 1782 533 1828 Pronomen
555 1782 786 1825 relativum
807 1782 860 1824 ad
879 1782 992 1836 ἡμᾶς
1010 1781 1292 1824 accomodare
1317 1784 1479 1835 voluit,
1503 1781 1620 1838 quod

151 1840 369 1896 sequitur.
438 1839 564 1880 Plato
610 1838 725 1880 Phil.
765 1853 801 1881 c.
829 1839 904 1882 84.
934 1835 1059 1892 λόγοι
1088 1835 1173 1893 μήν
1200 1837 1313 1880 εἰσιν
1348 1838 1392 1881 ἐν
1419 1834 1621 1887 ἑκάστοις

152 1894 296 1951 ἡμῶν,
335 1889 396 1945 ἃς
433 1893 668 1943 ἐλπίδας
709 1893 1001 1947 ὀνομάζομενς
1050 1894 1145 1936 Liv.
1177 1894 1311 1945 4,59.
1348 1899 1500 1936 Anxur
1518 1894 1619 1947 suit,

150 1967 257 2006 qucoe
295 1966 406 1993 nunc
447 1952 712 1993 Tarracinae
750 1957 867 1993 sunt.
935 1949 1003 1992 Cf.
1035 1950 1269 2003 {matthie}
1307 1953 1422 2001 ‘lsussfi
1455 1964 1509 2006 gt.
1542 1951 1630 1997 (551⁶-

150 2010 192 2061 §.
212 2010 314 2051 440.
344 2011 386 2052 6.
416 2014 460 2049 et
479 2007 742 2049 Rudimanm'
763 2007 1069 2049 Institutiones
1095 2020 1161 2058 gr.
1181 2007 1258 2049 lat.
1282 2005 1344 2057 11¹,
1362 2009 1431 2048 20.
1455 2006 1616 2062 sqsed.

150 2065 324 2107 Stallb..
393 2062 470 2111 οὓς
507 2064 599 2104 καὶ
637 2062 900 2104 ἐκάλεσεν
938 2059 1070 2116 ἡμᾶς]
1109 2064 1139 2105 i.
1167 2078 1207 2106 e.
1247 2057 1322 2111 οἳις
1358 2061 1419 2104 οὗ
1447 2061 1614 2114 μόνον

150 2119 578 2176 προητοίμασεν
622 2115 737 2173 ἡμᾶς
777 2117 842 2168 εἷς
879 2119 1009 2165 δόξαν
1047 2116 1157 2160 ἀλλὰ
1188 2121 1260 2160 καὶ
1290 2115 1492 2159 ἐκάλεσεν
1530 2133 1613 2161 non

149 2177 289 2217 solum
321 2191 398 2218 nos
431 2175 708 2231 praeparavit
729 2189 831 2216 vasa
850 2175 1199 2224 misericordiae,
1237 2189 1345 2230 quae
1367 2175 1478 2215 vitae
1502 2189 1614 2216 sem-

150 2233 350 2288 piternae
373 2233 648 2289 splendorem
670 2239 1060 2287 consequerentur,
1093 2245 1236 2272 verum
1258 2231 1386 2271 etiam
1406 2245 1485 2285 pro
1513 2232 1614 2272 tali-

149 2291 230 2330 bus
250 2303 329 2329 nos
349 2303 428 2345 per
449 2289 716 2339 evangelium
740 2288 963 2339 invitavit,
994 2294 1038 2327 nt
1059 2289 1144 2328 vit-¹⁴1
1167 2287 1426 2342 sempiterna
1451 2287 1613 2342 potire-

149 2359 245 2386 mur
270 2345 300 2386 i.
330 2360 373 2400 q.
404 2359 485 2386 non
515 2347 653 2385 solum
689 2344 922 2384 destinavit
950 2344 1076 2383 nobis
1106 2357 1312 2383 summam
1342 2343 1610 2393 felicitatem,

152 2400 227 2441 sed
256 2401 386 2441 etiam
418 2402 607 2451 curavit,
639 2406 685 2441 ut
715 2400 756 2440 in
783 2415 858 2440 nos
877 2401 1063 2441 conferri
1084 2404 1247 2455 posset.
1308 2398 1430 2439 Deus
1454 2413 1536 2440 non
1559 2414 1610 2440 eo

148 2462 400 2508 contentus,
439 2457 552 2512 quod
584 2458 691 2496 bene
723 2457 846 2496 nobis
873 2456 1133 2511 cupivisset,
1170 2470 1214 2494 re
1236 2469 1405 2509 quoque
1431 2461 1472 2495 et
1495 2457 1609 2496 sacto

148 2526 270 2554 suam
302 2514 426 2554 nobis
453 2512 795 2554 benevolentiam
827 2512 1079 2554 declaravit.
1142 2512 1205 2566 11}-
1224 2509 1371 2564 κλήσει
1395 2526 1502 2565 opus
1524 2519 1607 2562 est,

151 2574 200 2609 ut
228 2582 305 2624 per
334 2568 557 2610 Christum
590 2569 782 2610 heemur.
841 2567 932 2622 Qui
964 2568 1074 2608 enim
1097 2565 1179 2606 fide
1203 2567 1494 2619 integritatem
1515 2568 1608 2608 adi-

183 2624 391 2672 iscamur,
440 2626 523 2666 nisi
561 2626 608 2665 ea
646 2624 841 2665 doctrina
880 2624 1051 2675 munta,
1099 2622 1166 2662 cni
1195 2621 1301 2662 fides
1333 2622 1605 2679 adjungenda

150 2675 241 2721 sit?
271 2681 359 2734 (10,
374 2680 440 2721 Η.
461 2681 503 2731 8,
526 2681 619 2733 30.)
681 2680 912 2736 perperam
928 2680 1046 2721 (ἕν-ιη’.
1063 2693 1079 2732 :V
1102 2678 1313 2731 „vomu-it,
1343 2693 1435 2720 cnm
1455 2680 1607 2734 esset-m

149 2736 319 2777 scilicet
356 2736 385 2777 i.
414 2749 452 2776 e.
482 2737 539 2776 ad
555 2736 829 2777 obedientium
848 2735 1095 2789 perclezxi1.”
1149 2733 1265 2774 Male
1300 2734 1490 2776 Tlmlucc.
1510 2746 1605 2777 ver-

147 2792 226 2834 tit:
265 2806 374 2859 quos
404 2792 572 2832 vocavit
601 2805 672 2831 noe
699 2805 876 2846 qnoque,
913 2791 1027 2831 sicut
1057 2788 1167 2830 alios
1196 2790 1246 2843 (i.
1266 2804 1307 2832 e.
1329 2784 1403 2838 οὓς
1425 2786 1602 2831 ἐκάλεσε

149 2847 238 2888 καὶ
265 2863 328 2902 ημ
343 2847 437 2901 ἇς).
493 2845 891 2902 Interpunctionem
912 2840 990 2894 οὓς
1011 2847 1085 2886 καὶ
1104 2843 1330 2894 ἐκάλεσεν,
1362 2839 1474 2902 ἡμᾶς
1492 2859 1602 2901 quos

1648 2787 1659 2810 Q
