1715 3115
343 195 501 242 cAP.
534 194 699 240 vm.
760 195 850 239 vs.
889 198 960 242 29.
991 199 1062 244 3ο.
1094 203 1137 242 et
1165 201 1255 247 31..
1453 204 1537 248 ρον

76 301 192 345 siliis
221 306 420 344 eventum
450 299 716 358 respondere
746 299 928 353 debere,
967 302 1139 345 etiamsi
1159 303 1346 348 Satanae
1367 308 1536 349 satelli-

75 363 165 410 tes,
197 374 280 400 non
311 359 436 400 modo
466 359 686 408 homines,
725 356 780 398 iis
802 358 1070 402 reluctentur
1092 375 1172 402 non
1195 377 1428 418 possumus
1450 379 1534 407 non

65 415 280 473 judicare.
347 415 415 457 lta
439 415 635 457 homines
657 414 858 455 libertate
879 416 1124 471 spoliantur
1151 424 1194 461 et
1214 420 1328 461 beari
1349 420 1537 464 evadunt

73 488 184 529 quos
225 473 346 514 Deus
377 471 484 513 bene
517 470 654 513 voluit
687 470 787 526 quia
820 471 914 513 Deo
943 473 1001 513 ita
1033 474 1170 515 visum
1209 483 1299 529 est,
1344 492 1426 519 non
1461 479 1536 533 qui

75 544 223 572 omnes
254 543 407 570 nervos
437 528 692 578 intendunt,
731 533 777 568 ut
805 528 931 569 iidem
967 529 1160 572 habendo
1190 540 1232 573 et
1262 534 1330 589 pie
1354 535 1536 577 vivendo

73 586 195 641 digni
226 586 523 643 reperiantur,
565 585 640 641 qui
666 583 863 628 beentur.
922 584 1093 628 Deinde
1112 602 1186 640 eo,
1215 590 1327 645 quod
1350 591 1537 634 bomini-

73 644 170 696 bus,
199 657 309 700 ques
326 642 563 684 Deusolim
585 641 758 682 decreto
770 642 1019 698 complexus
1042 644 1173 687 fuerit
1191 640 1536 703 (οὓςπροὲγνω),

74 701 216 743 Deum
238 701 429 757 impense
451 699 595 741 lavere
616 696 666 742 P.
689 698 891 755 scripsit,
922 700 1047 741 nobis
1058 715 1204 743 eorum
1229 704 1535 758 cogitationem

73 757 292 799 hominum
322 756 479 808 movit,
515 756 566 797 de
592 753 740 811 quibus
764 755 927 797 mallum
946 756 1066 798 Dens
1089 759 1300 802 decretum
1320 767 1448 804 antea
1466 761 1536 817 fe-

73 815 196 857 cerit.
256 812 340 855 His
363 818 502 854 autem
526 811 672 852 aditus
694 817 784 852 tum
807 811 859 852 ad
883 812 1087 868 pietatem
1110 815 1311 872 vitaeque
1332 817 1536 860 honesta-

71 877 157 912 tem
170 877 260 911 tum
282 869 334 910 ad
359 870 489 911 vitam
505 867 814 925 sempiternam
836 869 1101 912 interclusus
1121 877 1204 915 est.
1264 873 1376 917 Nam
1397 875 1537 917 omni-

72 928 264 984 potentis
279 926 361 974 Dei
381 926 562 967 consilia
585 931 736 966 eventu
757 923 940 967 destitui
961 934 1194 983 nequeunt.
1239 929 1372 985 Ergo,
1404 946 1536 987 quum

71 989 246 1025 aeterna
278 984 464 1025 beatitas
496 981 581 1035 fide
606 988 907 1038 comparetur,
946 997 997 1024 ne
1027 985 1246 1039 homines,
1285 987 1339 1029 de
1377 989 1538 1045 quibus

71 1040 238 1082 nullum
269 1041 429 1082 factum
450 1048 517 1081 est
539 1039 622 1080 Dei
645 1038 890 1091 decretum,
921 1040 1103 1083 beentur
1120 1043 1349 1086 cohibendi
1377 1046 1538 1088 divini-

71 1103 143 1139 tus
171 1102 295 1150 sunt,
345 1097 576 1153 quominus
612 1095 738 1137 fldem
767 1096 986 1138 mentibus
1006 1099 1275 1156 concipiant,
1313 1109 1463 1144 contra
1486 1103 1537 1156 ii,

70 1153 125 1196 ad
155 1168 264 1210 quos
296 1163 395 1195 ante
417 1159 589 1210 captum
609 1152 695 1194 Dei
721 1153 951 1194 consilium
1012 1155 1184 1208 eminet,
1214 1158 1266 1199 ad
1289 1158 1413 1201 fldem
1435 1174 1536 1216 per·

70 1211 285 1268 pellendi,
326 1216 371 1252 ut
392 1217 433 1251 et
453 1210 649 1252 homiues
674 1209 735 1265 pii
763 1208 948 1251 evadant
1025 1211 1151 1268 eique
1178 1220 1375 1256 amantes
1394 1222 1436 1257 et
1457 1230 1537 1273 per

69 1268 276 1325 pietatem
307 1267 437 1309 beati.
509 1265 608 1308 Non
637 1266 814 1323 capiunt
850 1265 973 1308 l'auli
1003 1268 1133 1310 simul
1156 1272 1296 1313 omnia
1317 1272 1371 1314 ad
1390 1272 1535 1316 Deum

68 1325 338 1376 revocantis,
378 1323 508 1366 simul
540 1324 758 1365 hominum
788 1323 1036 1366 libertatem
1064 1326 1340 1370 defendentis
1361 1335 1420 1384 (ν.
1442 1336 1534 1375 not.

69 1381 124 1423 ad
138 1396 175 1424 v.
191 1382 284 1435 28.)
307 1382 582 1437 disciplinam
598 1386 774 1421 nostrae
786 1381 942 1421 mentis
956 1384 1184 1435 angustiae
1196 1398 1334 1441 neque
1346 1401 1535 1442 unquam

67 1439 254 1481 exsistet
266 1439 384 1480 tanta
400 1438 644 1479 subtilitate
658 1437 958 1495 philosophus,
977 1439 1051 1494 qni
1063 1442 1323 1484 concordare
1336 1458 1446 1499 quae
1456 1444 1536 1486 hu-

69 1509 220 1538 manae
234 1496 365 1537 menti
378 1496 443 1536 vel
459 1495 644 1536 maxime
658 1495 770 1534 inter
788 1508 833 1535 se
847 1509 1090 1551 repugnare
1104 1497 1347 1552 videantur,
1366 1499 1536 1546 doceat.

181 1551 386 1594 Nondum
413 1551 461 1594 P.
483 1551 675 1592 ostendit
695 1565 733 1594 v.
754 1551 825 1594 29.
847 1552 918 1593 30.
940 1551 1053 1607 quod
1075 1552 1375 1599 demonstrare
1397 1558 1536 1600 voluit

66 1624 107 1654 v.
126 1609 216 1654 28..
274 1609 410 1652 Recte
431 1609 543 1650 enim
570 1607 776 1665 objicias,
816 1608 911 1649 fieri
941 1623 1094 1665 posse,
1127 1619 1174 1653 ut
1197 1612 1317 1654 Deus
1340 1615 1536 1658 homines

68 1667 138 1708 sui
157 1665 378 1708 studiosos
408 1672 452 1708 et
485 1665 661 1707 aeterna
685 1663 894 1706 felicitate
925 1671 1072 1718 ornet,
1105 1672 1148 1709 et
1165 1683 1240 1710 eos
1261 1671 1465 1726 quamdiu
1488 1672 1533 1713 in

68 1723 145 1764 hac
158 1724 275 1765 teri-2⁴1
289 1724 433 1764 vivant
453 1722 506 1763 ab
519 1721 728 1778 improbis
741 1721 988 1763 hominibus
1001 1724 1294 1768 miserandum
1307 1729 1348 1769 in
1362 1728 1534 1770 modum

70 1779 218 1820 vexari
233 1781 442 1837 patiatur,
472 1779 631 1835 quippe
649 1777 777 1835 hujus
790 1778 1142 1822 vitaeaerumnas
1154 1785 1418 1840 sempiterna
1432 1785 1533 1826 bea-

68 1836 196 1876 titate
218 1843 590 1891 compensaturus.
641 1833 926 1891 ltaqueAp.,
953 1842 998 1876 ut
1015 1841 1432 1890 argumentationem
1454 1842 1532 1882 ab-

68 1893 225 1942 solvat,
255 1906 306 1933 ex
324 1894 400 1934 hoc
414 1893 522 1948 ipso,
545 1890 659 1947 quod
674 1891 796 1932 Deus
818 1893 886 1932 sui
905 1896 1151 1937 amantibus
1171 1896 1361 1953 impense
1375 1899 1533 1952 faveat,

69 1963 164 1989 eum
178 1949 331 1989 tristes
347 1948 599 2005 hujusvitae
612 1962 736 1988 casus
753 1948 792 1988 in
817 1949 970 2000 laetos,
1004 1964 1075 1991 res
1089 1954 1320 2007 pestiferas
1342 1955 1532 1996 inutiles

67 2019 377 2046 conversurum
399 2018 496 2044 esse
516 2011 632 2044 recte
643 2003 839 2044 concludi
860 2012 1018 2048 monet.
1070 2007 1180 2049 Nam
1202 2012 1275 2065 qui
1295 2012 1422 2061 longe
1441 2026 1531 2053 am-

67 2062 267 2118 plissimo
282 2076 360 2102 nos
375 2061 485 2102 dono
497 2059 772 2100 all'eceritsuo
786 2074 862 2116 pro
876 2061 1001 2101 nobis
1014 2063 1066 2104 ad
1081 2066 1340 2121 supplicium
1356 2068 1444 2109 lilio
1456 2068 1532 2109 da-

70 2126 131 2170 to,
151 2118 266 2159 abeo
281 2118 483 2158 beneficia
499 2116 809 2172 minusampla,
839 2124 882 2156 ut
904 2116 1033 2174 liujus
1048 2121 1159 2162 vitae
1171 2137 1400 2165 aerumnas
1414 2125 1533 2166 miti-

66 2181 139 2229 get
158 2189 319 2230 easque
343 2174 564 2215 adlaetum
579 2173 736 2213 exitum
760 2172 936 2226 dirigat,
952 2177 1054 2231 jure
1076 2180 1244 2233 sperari
1267 2195 1305 2224 v.
1324 2180 1530 2225 31.et32.

178 2231 235 2275 V.
253 2233 325 2275 31.
353 2230 396 2271 τί
427 2225 501 2271 οὖν
532 2230 592 2284 ἕρ.
627 2228 736 2283 πρὸς
765 2230 941 2285 mimz]
975 2233 1172 2287 quidnam
1199 2236 1532 2290 iyiturclt'cemus

66 2287 124 2328 ad
151 2287 254 2329 haec
283 2291 367 2343 (sc,
395 2286 463 2328 ὅτι
492 2282 762 2341 προώρισεν,
802 2282 871 2327 ἷὶῑι
903 2285 1128 2340 ἐκάλεσεν,
1166 2288 1232 2333 ὅτι
1257 2291 1528 2342 ἐδικαίωσεν,

68 2339 138 2384 ὅτι
161 2341 368 2393 ἐδόξασεν
387 2359 426 2388 v.
449 2343 519 2385 20.
540 2346 610 2385 [ἐϋ.
633 2343 769 2385 schol.
795 2340 1001 2396 Matth.)?
1033 2346 1060 2388 i.
1090 2362 1129 2390 e.
1159 2350 1359 2403 «jedduam
1387 2364 1445 2390 ex
1463 2351 1530 2392 his

65 2399 304 2455 colliqemus
325 2405 384 2456 (v.
408 2398 445 2451 I,
465 2397 615 2456 3330.st
669 2399 736 2442 Cf.
758 2399 872 2441 Xen.
898 2402 1045 2443 Anah.
1064 2402 1105 2453 2,
1128 2405 1164 2452 1,
1183 2405 1252 2447 20.
1304 2405 1530 2459 Κλέαρχος

67 2455 115 2495 δὲ
148 2455 263 2509 πρὸς
292 2460 429 2498 ταῦτα
458 2458 590 2498 εἶπεν.
642 2456 747 2497 Luc.
783 2455 850 2505 14,
880 2459 922 2498 (i.
963 2458 1092 2502 Ovid.
1123 2459 1298 2505 Metam.
1331 2463 1398 2514 12,
1424 2463 1527 2506 542.

66 2510 238 2554 Tristis
268 2514 324 2555 ad
343 2514 446 2556 haec
469 2512 644 2568 Pylius,
682 2519 724 2552 et
747 2512 926 2555 similia.
986 2514 1100 2556 Male
1122 2515 1325 2570 Meyerus
1343 2520 1530 2561 contulit

66 2567 182 2622 πρὸς
198 2571 335 2610 ταῦτα
353 2575 604 2624 propterea,
647 2568 777 2609 citato
799 2568 1053 2621 Blomle'eldic'
1074 2573 1291 2615 Glossario
1312 2575 1351 2615 in
1377 2574 1527 2621 Prom.

66 2637 111 2680 p.
144 2625 238 2668 158.
266 2626 318 2666 ad
345 2640 384 2669 v.
411 2626 549 2668 1065..
606 2624 703 2666 (HV.
732 2624 774 2664 τί
797 2624 870 2664 01'21
899 2626 1103 2678 ἐροῦμενς
1143 2631 1385 2672 sententiae
1416 2634 1529 2675 male

64 2680 289 2733 collectae,
318 2679 361 2722 τί
381 2677 456 2722 οὖν
477 2680 659 2735 ἕρηῖῃιεν
688 2697 718 2721 τι
733 2682 789 2734 (η)
807 2696 827 2729 ς
848 2696 905 2722 τα
919 2684 941 2723 ῦ
957 2698 1040 2729 ca,-
1069 2691 1182 2728 recte
1200 2687 1378 2729 effectae
1399 2703 1527 2745 prae-

65 2736 181 2778 mitti
206 2738 336 2782 dixit.
407 2737 704 2780 Vanissimum
745 2744 811 2777 est
848 2738 927 2778 hoc
964 2739 1217 2795 discrimen,
1258 2746 1357 2800 quia
1389 2760 1526 2802 neque

65 2793 216 2836 harum
248 2795 528 2836 formularum
561 2800 756 2835 naturam
787 2795 966 2848 attingit
993 2802 1036 2837 et
1057 2812 1079 2837 a
1105 2796 1152 2842 Ρ.
1176 2800 1270 2856 ipso
1292 2803 1526 2855 refellitur,

65 2851 140 2904 qui
174 2852 214 2904 9,
234 2852 306 2893 30.
341 2851 384 2894 τί
412 2846 488 2893 οὖν
515 2850 720 2907 ἐροῦμεν,·
770 2853 965 2908 posuerit
1006 2857 1263 2898 sententiam
1295 2859 1528 2914 allaturus,
