1715 3115
481 82 571 126 CA
588 81 639 127 P.
667 81 765 126 lx.
804 80 898 127 Vs.
929 82 1000 126 22.
1031 107 1086 113 --
1115 83 1204 127 26..
1501 85 1588 126 343

99 196 200 249 apta
220 203 317 231 esse
332 186 603 246 judicaveris
619 220 631 238 ,
660 187 726 228 sic
744 192 1024 241 comparatus
1045 192 1138 230 est:
1169 187 1273 246 quid
1296 201 1397 229 vero
1419 191 1582 242 (nonne

99 261 201 291 vero
230 245 478 287 sententiae
509 244 694 285 tristitia
734 258 772 286 v.
806 245 899 295 18„
939 258 1050 300 quae
1080 252 1123 286 te
1153 244 1369 296 offendat,
1407 245 1581 287 sublata

96 303 212 358 est),
245 303 282 344 si
315 302 513 358 quamvis
545 302 675 342 vellet
706 301 830 342 Deus
861 300 1093 342 ostendere
1122 316 1243 343 suam
1266 303 1373 342 iram
1397 307 1439 342 et
1460 306 1582 358 pate-

95 362 242 402 facere
283 359 521 414 potentiam
562 373 708 408 suam,
756 363 902 399 tumen
931 358 1157 400 admodum
1184 358 1452 413 imlulqenier
1482 359 1579 400 tulit

94 429 197 458 vasa
215 416 374 472 quibus
397 416 538 456 iratus
550 421 668 455 esset
690 415 929 470 composita
951 414 1004 455 ad
1019 416 1213 466 exitium,
1243 416 1577 472 itionem-opter-

94 487 168 524 ea,
227 477 274 513 nt
321 473 589 528 patefaceret
625 476 757 527 (quae
784 471 978 526 alioquin
1015 472 1060 513 in
1090 477 1262 528 promtu
1296 485 1379 512 non
1409 473 1580 524 essent)

93 543 200 571 suae
221 528 468 585 majestatis
489 530 661 570 (livitius
683 529 724 569 in
751 542 853 569 vasa
877 543 975 568 cara
995 561 1006 580 ,
1036 543 1148 585 quae
1172 534 1273 570 ante
1299 534 1502 584 parasset
1522 529 1576 569 ad

95 585 400 643 splendorem,
440 600 550 640 quos
582 587 710 626 etiam
741 585 942 626 invitavit
974 600 1075 638 nos,
1118 600 1201 627 non
1239 585 1379 626 solum
1413 599 1464 626 ex
1495 584 1576 627 Ju-

93 642 240 695 daeis‚
272 642 348 683 sed
377 642 507 683 etiam
537 656 559 682 e
590 641 832 694 gentilibus
862 636 942 683 †-?
990 641 1088 684 lloc
1115 646 1241 699 pacto
1269 648 1456 683 amotam
1477 657 1575 683 esse

93 700 341 741 sententiae
365 713 403 742 v.
433 701 499 741 18.
523 699 691 755 positae
711 698 964 750 tristitiam,
1006 714 1136 755 quum
1156 700 1260 741 haec
1278 705 1417 740 tecum
1443 712 1572 755 repu-

93 756 280 806 taveris,
312 758 405 813 Ap.
438 754 660 810 disputat:
700 753 738 797 I.
767 755 954 796 nondum
990 771 1143 797 manus
1165 756 1305 797 Deum
1338 755 1575 797 obstinatis

91 812 300 864 Indaeis,
333 827 517 868 quorum
542 813 673 853 vicem
695 811 973 855 Christianos
986 812 1190 870 judaicos
1212 813 1464 864 misereret,
1496 810 1573 852 ad-

93 870 307 919 movisse,
345 869 544 925 quamvis
573 871 678 910 iram
712 882 834 910 suam
864 870 1095 910 ostendere
1125 870 1282 919 vellet,
1319 869 1398 910 sed
1421 870 1575 922 magna

93 940 188 967 cum
212 925 423 983 patientia
452 939 526 967 eos
549 927 728 968 tulisse:
767 925 941 978 insigne
961 926 1097 979 igitur
1118 941 1215 967 eum
1247 926 1311 968 vel
1328 926 1372 968 in
1391 925 1575 968 homines

93 997 194 1038 qnos
215 983 368 1024 odisset
390 983 639 1024 clementiae
657 983 952 1024 documentum
973 983 1174 1026 edidisse:
1214 981 1280 1025 ll.
1305 983 1427 1024 tanta
1446 982 1488 1023 in
1507 983 1572 1023 iu-

90 1039 212 1080 visos
234 1039 430 1081 homines
452 1038 722 1091 indulgentia
748 1039 885 1080 Deum
905 1053 950 1080 eo
968 1039 1138 1081 conse'lio
1158 1039 1320 1091 fuisse,
1351 1045 1399 1080 ut
1423 1040 1573 1093 largas

91 1095 382 1148 benignitatis
402 1110 507 1136 suae
530 1110 634 1153 opes
655 1096 696 1136 in
709 1095 907 1147 dilectos,
938 1110 1047 1151 quos
1066 1096 1119 1136 ad
1143 1097 1257 1138 vitae
1280 1097 1574 1153 sempiternae

90 1151 370 1208 splendorem
393 1158 728 1209 praeparasset,
760 1153 956 1193 homines
980 1151 1248 1205 effunderet,
1279 1167 1407 1209 quam
1432 1153 1572 1210 pluri-

91 1222 186 1250 mos
215 1223 364 1250 eorum
397 1208 590 1252 beando:
622 1209 769 1265 itaque
793 1209 936 1250 Deum
961 1209 1004 1250 in
1036 1209 1201 1251 invisos
1224 1210 1422 1251 homines
1448 1208 1572 1251 valde

89 1266 343 1307 clementem
376 1266 539 1317 fuisse,
577 1271 625 1307 ut
646 1266 687 1306 in
708 1280 833 1307 caros
857 1266 1054 1308 homines
1077 1280 1203 1323 quam
1228 1267 1572 1319 benignissimus

88 1333 230 1365 esset:
270 1337 483 1379 apparere
513 1323 671 1377 igitur,
713 1322 855 1364 Deum
887 1324 1092 1377 optimum
1121 1338 1218 1364 esse
1245 1330 1288 1365 et
1320 1323 1571 1365 benevolen-

89 1380 324 1421 tissimum:
358 1377 449 1422 lll.
475 1379 616 1421 Deum
639 1380 680 1420 in
703 1379 885 1420 dilectos
907 1380 1102 1421 homines
1123 1380 1434 1435 benignitatem
1464 1395 1511 1421 re
1530 1384 1570 1422 el

88 1434 210 1492 facto
242 1436 517 1487 declarasse,
565 1450 695 1492 quum
728 1450 804 1477 eos
837 1437 1013 1477 invitari
1039 1435 1242 1495 juberet:
1282 1437 1381 1477 hinc
1413 1450 1571 1478 rursus

87 1506 297 1533 summum
331 1492 417 1533 Dei
444 1493 788 1534 benevolentiam
822 1492 1039 1546 intelligi:
1075 1508 1206 1551 saepe
1229 1493 1344 1535 enim
1374 1493 1571 1534 homines

89 1548 197 1590 bene
225 1549 356 1590 alicui
384 1550 589 1605 cupiunt,
630 1549 838 1605 prodesse
861 1551 1036 1592 nolunt:
1076 1548 1165 1594 lV.
1189 1550 1398 1592 latissime
1417 1557 1568 1607 patere

87 1605 174 1646 Dei
206 1605 537 1659 benignitatem,
571 1607 645 1661 qui
669 1607 865 1647 homines
895 1605 1089 1647 beandos
1121 1621 1203 1648 non
1229 1607 1369 1648 solum
1410 1622 1461 1648 ex
1491 1606 1569 1650 Ju-

86 1662 235 1713 dacis,
275 1677 422 1704 verum
451 1663 582 1704 etiam
611 1678 633 1703 e
653 1663 894 1715 gentilibus
914 1662 1150 1716 delegerit:
1188 1664 1348 1720 quippe
1371 1664 1568 1705 homines

88 1732 219 1773 saepe
250 1720 399 1760 colunt
429 1720 568 1770 cives,
610 1721 840 1772 negligunt
866 1728 1056 1761 exteros.
1116 1720 1238 1762 Haec
1271 1721 1412 1761 onmia
1436 1735 1566 1776 quum

89 1789 140 1815 eo
171 1774 368 1826 valeant,
415 1780 463 1815 ut
500 1776 629 1828 longe
662 1776 1048 1817 clementissimum
1091 1784 1134 1818 et
1172 1776 1379 1832 optimum
1423 1778 1565 1818 Deum

89 1844 187 1870 esse
216 1832 481 1881 sentiamus,
523 1832 745 1873 horrorem
779 1832 981 1884 demunt,
1019 1847 1145 1887 quem
1180 1833 1396 1874 sententia
1431 1849 1471 1875 v.
1497 1835 1565 1876 18.

88 1881 138 1929 ’δι’
171 1887 217 1928 δὲ
248 1886 373 1927 θέλει
400 1884 633 1940 σκληρύνει
669 1889 794 1929 nobis
823 1889 1075 1930 incusserit.
1144 1889 1232 1931 Sed
1271 1897 1360 1930 tum
1392 1904 1565 1946 quoque

88 1949 190 1999 apta
223 1944 310 1983 exit
339 1944 579 1992 sententia,
625 1958 754 1998 quum
788 1959 827 1986 v.
856 1959 896 1986 v.
921 1946 992 1986 245.
1015 1947 1084 1986 καὶ
1113 1945 1184 1987 ἵνα
1212 1946 1403 2002 γνωρίσῃ
1425 1956 1508 1988 etc.
1541 1960 1566 1987 a

89 2013 205 2042 voce.
226 2014 265 2041 V.
286 2001 356 2040 22.
386 2001 708 2053 xatrjptcugaec-'ra
739 1997 802 2048 εἷς
835 1997 1062 2041 ἀπώλειαν
1089 2002 1374 2057 suspenderis
1400 2007 1460 2056 (v.
1484 2003 1567 2045 Be-

88 2069 189 2098 zum
213 2056 266 2096 ad
290 2070 327 2097 v.
348 2056 419 2098 23.
440 2062 484 2096 et
503 2056 697 2112 (Jonjort.
722 2071 812 2097 mea
834 2057 865 2097 l.
889 2058 963 2106 r.).
1025 2054 1097 2098 Sic
1120 2073 1219 2101 vasa
1248 2060 1340 2100 irae
1361 2059 1566 2102 dicuntur

89 2112 320 2167 composita
336 2112 389 2152 ad
409 2112 587 2153 exitium
609 2118 648 2153 et
669 2113 903 2169 quideme.
923 2113 1053 2154 etiam
1072 2114 1248 2167 idcirco,
1281 2122 1322 2155 nt
1340 2140 1390 2147 -—
1405 2116 1442 2158 h.
1463 2132 1501 2159 e.
1522 2122 1566 2157 et

86 2176 269 2226 propter
297 2169 428 2209 aliam
459 2183 659 2220 causam,
700 2184 851 2224 nempe
869 2174 915 2209 ut
940 2169 1024 2210 Dei
1056 2172 1118 2212 ira
1142 2174 1499 2214 manifestaretur
1525 2187 1563 2216 ν.

86 2226 159 2267 22.
175 2227 264 2276 17.‚
294 2233 337 2266 et
357 2230 539 2282 propter
559 2226 667 2265 hauc
688 2240 814 2281 quam
836 2226 1058 2279 afferam),
1089 2236 1133 2269 ut
1158 2229 1278 2270 Deus
1300 2230 1566 2283 patefaceret

88 2282 378 2335 benignitatis
398 2295 502 2323 suae
524 2280 702 2323 divitias
723 2283 764 2323 in
789 2297 888 2323 cara
915 2297 1041 2334 vasa,
1071 2299 1181 2341 quae
1204 2286 1257 2325 ad
1283 2287 1560 2343 splendorem

88 2343 415 2395 praeparasset.
487 2337 706 2380 Nimirum
736 2341 811 2379 lux
846 2353 928 2380 non
958 2347 1074 2382 esset
1099 2349 1141 2382 et
1162 2341 1280 2394 dies,
1310 2342 1396 2383 nisi
1418 2357 1498 2385 nox
1520 2350 1564 2385 et

58 2424 61 2427 -
87 2396 295 2437 tenebrae
323 2400 500 2446 essent,
541 2409 683 2451 neque
714 2396 803 2437 vita.
829 2401 1056 2453 tantopere
1089 2398 1430 2452 delectaremur,
1477 2400 1562 2442 nisi

87 2453 251 2493 terrori
279 2459 398 2494 esset
427 2464 561 2494 mom.
630 2451 741 2493 ltem
770 2452 855 2493 Dei
888 2453 1231 2496 benevolentiam
1262 2457 1347 2512 quai
1367 2457 1562 2497 homines

88 2509 353 2564 sempiterno
383 2509 507 2560 beat,
550 2509 613 2548 ira
638 2514 679 2550 et
698 2509 912 2550 severitas
934 2512 1211 2567 conspicuam
1233 2521 1273 2554 et
1300 2513 1562 2557 luculentam

89 2564 257 2618 reddit,
297 2566 383 2621 quai
417 2566 614 2607 homines
651 2565 693 2606 in
737 2572 995 2622 perpetuum
1038 2567 1198 2622 perdit.
1262 2568 1407 2611 Totus
1436 2571 1467 2612 l.
1501 2571 1560 2610 ita

89 2621 244 2665 habet:
276 2622 380 2678 quid
410 2636 511 2664 vero
541 2626 703 2675 (nonne
721 2636 823 2663 vero
844 2624 1088 2665 sententiae
1106 2639 1144 2667 v.
1169 2626 1235 2669 18.
1252 2658 1263 2678 ,
1295 2640 1406 2682 quae
1427 2626 1561 2668 offen-

90 2678 206 2719 sioni
236 2679 320 2729 sit,
358 2679 577 2736 asperitas
604 2679 800 2732 tollitur)
830 2679 869 2720 si
894 2679 1015 2722 Deus
1036 2682 1234 2737 quamvis
1263 2684 1395 2724 vellet
1418 2685 1562 2739 palam

89 2735 235 2778 facere
268 2736 377 2778 iram
413 2742 457 2778 et
489 2736 729 2794 potentiam
765 2735 998 2781 ostendere
1033 2752 1182 2792 suam,
1226 2742 1381 2795 inagna
1417 2745 1561 2782 tamen
