1715 3115
529 160 692 209 cAP.
722 159 820 209 xl.
862 161 957 209 Vs.
986 161 1084 209 32..
1460 163 1548 206 549

69 268 208 310 tentia
232 266 316 321 sit,
357 279 441 308 non
461 271 605 309 tamen
625 282 774 310 eorum
789 300 802 322 ,
841 281 952 324 quae
972 282 1045 325 ap.
1067 280 1106 311 c.
1125 268 1234 311 9.—
1248 268 1318 312 11.
1339 266 1545 325 disputa-

69 325 156 377 vit,
193 338 404 368 summam
435 325 645 369 continet.
713 323 785 368 lta
808 324 1108 367 tantummodo
1128 339 1179 366 ex
1198 339 1236 369 c.
1255 327 1364 367 9.-
1379 328 1447 370 11.
1466 325 1545 368 do·

69 396 169 436 gina
191 396 348 424 eruere
366 381 450 423 tibi
469 382 596 434 licet,
627 383 666 424 si
687 383 833 424 omnia
853 383 923 423 bic
946 395 969 423 a
995 381 1135 424 Paulo
1151 381 1270 423 dicta
1289 383 1547 440 complexus

67 439 348 496 disciplinam
378 438 563 481 condere
593 440 818 496 potueris,
855 454 967 494 quae
998 444 1091 480 tota
1121 438 1208 480 sibi
1237 444 1409 482 constet
1427 446 1472 482 et
1494 455 1546 482 ex

68 497 186 537 omni
226 500 352 553 parte
390 510 535 538 secum
572 496 668 553 ipsa
701 497 966 539 consentiat.
1036 494 1332 550 (Particulam
1358 498 1472 538 enim
1500 503 1545 539 te

70 567 200 609 quam
225 554 384 610 probes
401 553 598 595 delibare
619 552 780 594 ceteris
803 551 931 594 Pauli
950 552 1184 594 sententiis
1206 553 1419 606 neglectis
1445 567 1546 597 con-

67 609 165 652 cedi
194 611 386 667 nequit.)
459 610 627 653 Verum
655 610 772 651 enim
798 623 903 652 vero
928 624 1071 665 neque
1100 615 1195 651 tres
1221 609 1324 652 illas
1350 625 1373 651 a
1403 610 1545 653 Paulo

66 666 210 709 dictas
234 667 480 709 sententias
502 681 585 708 non
607 667 724 708 inter
742 681 789 709 se
807 680 1002 723 pugnare
1025 667 1153 708 facile
1180 667 1380 709 ell'eceris
1407 673 1451 710 et
1478 669 1546 710 ul-

68 723 176 766 timo
198 725 293 766 loco
314 726 562 782 expositam
583 724 844 766 sententiam
866 726 957 778 (11,
980 724 1115 769 25.—
1130 725 1248 780 32.)‚
1289 740 1402 781 quae
1428 726 1545 783 piam

69 780 199 824 Pauli
232 790 420 824 mentem
449 783 728 827 vehementer
754 782 945 839 perculit
971 784 1065 838 (ll,
1084 781 1158 826 33.
1177 805 1234 812 -
1251 784 1369 836 30.)‚
1409 784 1546 827 nullis

67 838 408 881 difficultatibus·
441 840 585 895 premi
610 838 850 881 difficulter
877 839 1251 881 demonstraveris
1284 845 1344 895 (v.
1371 846 1464 885 not.
1490 841 1547 883 ad

69 898 140 948 11,
160 898 230 941 11.
251 897 472 942 25.—-27.
491 897 751 951 30.—32.).
795 896 1007 938 Fortasse
1027 895 1214 939 Paulum
1237 901 1324 938 tam
1346 912 1546 954 pugnan-

66 956 136 994 tes
167 954 411 996 sententias
437 953 603 996 idcirco
625 953 877 996 defendisse
912 954 1078 1010 aliquis
1114 953 1307 1008 dixerit,
1355 955 1473 1011 quod
1502 961 1547 998 et

66 1009 214 1053 Deum
253 1012 400 1052 omnia
438 1011 748 1068 potentissime
787 1011 1035 1066 gubernare
1075 1026 1270 1068 suaeque
1302 1012 1545 1055 voluntatis

65 1068 332 1111 necessitate
363 1067 587 1110 devincire
615 1073 659 1109 et
683 1068 851 1110 liberos
876 1074 1020 1109 tamen
1041 1068 1241 1110 homines
1262 1083 1362 1110 esse
1386 1068 1545 1112 docere

65 1139 213 1167 secum
233 1126 560 1169 constituisset.
615 1125 845 1167 Neminem
867 1126 981 1167 enim
1005 1126 1201 1178 nescire,
1231 1127 1447 1182 quomodo
1467 1128 1545 1169 bo-

66 1182 229 1224 minum
255 1183 443 1225 libertas
473 1182 623 1224 divina
646 1183 908 1225 necessitate
930 1196 1013 1224 non
1033 1184 1221 1225 tollatur
1244 1186 1458 1226 humanae
1478 1185 1546 1226 in-

64 1239 343 1293 telligentiae
365 1240 587 1282 notionem
610 1241 778 1294 fugere.
823 1239 1008 1282 Minime
1028 1253 1131 1283 vero
1154 1238 1323 1282 Paulus
1344 1246 1387 1282 et
1408 1241 1546 1284 omni-

64 1302 287 1352 potentem
309 1298 454 1340 Deum
477 1296 678 1339 omnibus
697 1297 1003 1340 necessitatem
1026 1297 1251 1353 imponere
1277 1303 1321 1340 et
1347 1298 1545 1341 homines

65 1353 308 1395 voluntatis
327 1355 534 1396 libertate
554 1354 643 1396 frui
665 1355 760 1398 h.1.
779 1354 1013 1396 ostendere
1037 1355 1199 1408 voluit,
1241 1354 1318 1396 sed
1343 1355 1545 1410 judaicae

65 1411 224 1466 stirpis
244 1412 458 1462 lectores,
496 1411 570 1466 qui
591 1416 656 1453 tot
675 1411 1000 1453 incredulorum
1021 1410 1288 1455 Iudaeorum
1312 1414 1446 1454 vicem
1468 1413 1546 1455 do-

63 1467 237 1519 lerent,
283 1468 355 1510 his
382 1468 617 1510 sententiis
645 1468 866 1510 consolari
897 1469 1153 1514 constituit:
1200 1469 1370 1519 Deum,
1417 1471 1543 1528 cujus

64 1525 250 1566 consilia
272 1526 388 1581 pium
410 1525 628 1566 bominem
648 1526 842 1567 revereri
862 1531 1080 1580 oporteat,
1110 1527 1334 1567 nonnullis
1347 1525 1546 1580 Judaeis,

63 1595 150 1622 non
171 1582 255 1624 toti
274 1582 586 1624 israelitarum
608 1584 796 1638 populo,
835 1583 1023 1624 salutem
1043 1583 1304 1624 messianam
1325 1598 1404 1640 pro
1425 1584 1545 1625 arbi-

64 1640 153 1680 trio
182 1638 432 1681 destinasse
459 1640 501 1690 9,
522 1640 733 1688 l.—29.‚
770 1643 815 1680 et
833 1638 1053 1691 Judaeos‚
1093 1655 1224 1696 quum
1257 1655 1385 1696 quam
1415 1640 1543 1682 fidem

65 1694 247 1738 Christo
286 1695 526 1753 adjungere
565 1697 817 1751 potuissent
855 1697 897 1737 ei
936 1696 1131 1755 adjicere
1175 1698 1426 1739 noluissent
1463 1702 1545 1740 suti

65 1753 190 1804 eulpa
223 1752 308 1793 Dei
338 1753 523 1802 gratiam
554 1752 763 1794 effudisse
790 1757 836 1793 et
860 1753 1020 1795 salutis
1050 1754 1297 1796 messianae
1319 1754 1543 1811 jacturam

64 1808 225 1850 fecisse
245 1810 308 1861 (9,
324 1810 543 1860 30.-—10,
562 1809 674 1862 21.).
713 1809 783 1852 Cf.
801 1807 868 1860 ll,
885 1810 986 1852 237.
1045 1808 1285 1852 Praeterea
1307 1811 1383 1866 qui
1406 1811 1545 1852 homi·

64 1878 165 1907 num
189 1865 442 1906 libertatem
461 1880 556 1906 cum
578 1865 842 1921 sempiterna
866 1880 1095 1907 causarum
1116 1867 1249 1919 serie,
1278 1881 1404 1923 quam
1421 1867 1544 1909 Deus

64 1923 306 1976 gubernat,
336 1921 580 1963 consistere
599 1921 904 1963 demonstrare
923 1923 1134 1975 voluerit,
1170 1938 1268 1964 eum
1300 1924 1363 1964 sic
1392 1923 1544 1980 dispu-

0 2031 1 2034 ,
65 1984 161 2020 tare
183 1985 372 2035 oportet,
392 1985 441 2020 ut
460 1984 692 2033 utramque
711 1979 875 2019 salvam
897 1994 994 2021 esse
1014 1986 1242 2036 appareat.
1281 1981 1351 2024 At
1371 1979 1426 2024 P.
1445 1981 1546 2036 qui-

65 2035 150 2077 hus
175 2036 287 2077 loeis
315 2036 507 2077 divinam
540 2035 849 2077 necessitatem
878 2035 1076 2078 defendit
1106 2037 1325 2078 hominum
1359 2037 1544 2078 liberta-

65 2097 153 2134 tem
180 2093 363 2135 sustulit
392 2094 455 2146 (9,
473 2094 517 2134 6.
537 2094 608 2135 16.
628 2092 696 2136 18.
716 2093 789 2135 21.
819 2094 889 2141 ll,
907 2093 950 2135 7.
971 2108 1041 2148 sq.
1069 2093 1142 2137 25.
1168 2094 1427 2145 30.-32.),
1466 2094 1543 2135 ubi

64 2148 252 2193 Judaeis
279 2148 522 2191 voluntatis
552 2150 802 2190 libertatem
830 2149 988 2192 tribuit
1017 2149 1206 2192 divinam
1234 2151 1542 2192 necessitatem

64 2207 228 2249 amovit
251 2208 320 2259 10,
338 2208 383 2250 3.
403 2208 492 2249 21..
552 2205 670 2247 Male
696 2219 802 2248 vero
830 2204 984 2258 dogma
1017 2206 1071 2247 de
1098 2206 1246 2249 divina
1277 2209 1543 2249 necessitate

66 2269 112 2304 et
144 2263 367 2305 bominum
396 2264 602 2305 libertate
637 2277 688 2303 ex
721 2263 802 2304 hac
829 2261 962 2305 Pauli
994 2262 1298 2320 disputatione
1337 2278 1542 2307 erueres:

66 2319 154 2361 imo
177 2320 411 2362 tenendum
435 2325 504 2361 est
529 2332 642 2375 quae
666 2319 719 2364 P.
741 2320 785 2364 h.
804 2320 836 2362 l.
866 2321 1073 2376 exposuit
1096 2322 1369 2374 paraenetica
1397 2321 1541 2363 consi-

65 2377 127 2418 lio
159 2376 335 2418 ductum
365 2376 532 2418 dixisse
561 2380 622 2431 (v.
642 2375 830 2429 11‚236.
850 2381 956 2433 sq.).
1015 2377 1154 2434 Cujus
1183 2377 1222 2419 si
1254 2391 1419 2420 memor
1448 2379 1542 2419 fue-

65 2434 157 2485 ris,
185 2434 483 2491 paullinorum
504 2438 860 2486 argumentorum
884 2433 1054 2490 pondus
1075 2440 1118 2474 et
1139 2433 1429 2477 subtilitatem
1453 2449 1542 2476 me-

67 2504 162 2531 cum
185 2490 493 2533 admiraberis.
557 2489 887 2547 Impendentem
909 2498 974 2533 tot
995 2490 1236 2532 incredulis
1256 2491 1439 2535 Judaeis
1462 2492 1541 2532 mi-

68 2547 227 2588 seriam
245 2547 450 2606 judaicae
471 2546 627 2603 stirpis
639 2547 826 2589 Romani
846 2548 1087 2598 aegerrime
1108 2548 1407 2604 patiebantur.
1447 2546 1543 2590 lta-

69 2617 154 2659 que
181 2609 229 2645 ut
257 2607 409 2646 horum
438 2603 632 2645 dolorem
659 2604 819 2645 leniret
847 2605 989 2661 primo
1013 2605 1158 2646 Deum
1186 2605 1426 2657 nonnullis,
1455 2619 1541 2646 nou

69 2660 298 2713 omnibus,
339 2660 522 2704 Judaeis
551 2662 737 2703 salutem
770 2662 1031 2703 messianam
1061 2661 1311 2702 decrevisse
1340 2660 1541 2717 disputa-

69 2716 132 2757 vit
152 2718 194 2766 9,
218 2718 404 2760 1.—-29.
464 2717 559 2759 Hoc
578 2723 881 2768 argumentum
904 2717 1145 2759 lectoribus
1164 2718 1456 2775 ponderosum
1478 2718 1542 2759 vi-

69 2771 167 2814 deri
187 2771 389 2816 debebat.
431 2773 709 2816 Tolerabilia
730 2773 844 2816 enim
864 2775 927 2830 pii
945 2775 1144 2816 homines
1161 2776 1231 2817 vel
1251 2774 1540 2817 acerbissima

71 2829 185 2872 mala
207 2835 326 2872 recte
338 2829 563 2888 judicant,
590 2846 726 2887 quum
744 2845 794 2873 ea
812 2831 899 2874 sibi
919 2846 943 2873 a
965 2831 1294 2890 sapientissimo
1314 2837 1358 2873 et
1375 2831 1540 2889 optimo
