1715 3115
525 616 1192 683 COMMENTARH

119 839 375 913 PAULI
430 839 926 913 EPISTOLAM
969 842 1089 913 AD
1147 843 1588 920 ROMANOS.

725 1023 984 1063 CAPVII.

562 1122 1141 1162 ARGUMENTUM.

120 1174 216 1254 Sed
235 1231 279 1252 ne
297 1215 462 1252 homines
481 1213 601 1250 christ.
621 1215 687 1259 legi
715 1228 807 1252 mos.
833 1217 1014 1262 subjectos
1041 1230 1115 1252 esse
1142 1224 1274 1255 temere
1298 1234 1442 1266 negasse
1468 1224 1590 1260 videar

97 1284 101 1285 ⁷
122 1266 263 1309 (6,14.),
282 1264 388 1297 vitam
409 1262 463 1304 iis,
489 1274 595 1307 quam
615 1262 656 1294 ad
679 1262 790 1305 legem
812 1275 903 1296 mos.
925 1264 1116 1305 referrent,
1145 1279 1187 1298 eo
1204 1261 1377 1302 ademtaiu
1399 1281 1472 1303 esse
1491 1271 1587 1315 quod

120 1312 280 1348 Christus
301 1308 507 1343 interfectus
527 1313 598 1352 est,
622 1320 719 1341 nunc
739 1309 935 1342 ostendam.
983 1309 1115 1354 Legem
1138 1324 1228 1345 mOS.
1249 1313 1385 1347 homini
1410 1327 1523 1359 usque
1539 1319 1591 1349 ad

119 1361 199 1403 ejus
217 1363 375 1391 mortem
394 1355 567 1397 imperare
588 1359 728 1388 constat
746 1354 790 1396 (v.
811 1354 872 1397 l.).
921 1355 1004 1398 Sic,
1029 1362 1067 1388 ut
1090 1357 1159 1390 hoc
1184 1364 1283 1403 utar,
1312 1361 1470 1395 maritata
1502 1374 1591 1395 uxor

120 1405 240 1441 mariti
260 1408 375 1437 morte
395 1399 552 1444 conjugii
578 1400 652 1445 lege
668 1399 816 1433 solvitur
843 1400 997 1447 licetque
1025 1401 1055 1434 ei
1084 1410 1228 1436 mortuo
1256 1406 1384 1439 marito
1414 1407 1591 1454 imagina-

118 1453 233 1495 riam,
256 1447 325 1495 qut'i
342 1446 573 1481 matrimonio
595 1444 827 1486 valediceret,
863 1454 1014 1480 mortem
1033 1460 1151 1492 passae
1173 1449 1208 1482 in
1234 1451 1322 1484 atius
1349 1465 1494 1486 manum
1522 1466 1588 1487 ve·-

118 1498 196 1532 nire
215 1497 290 1531 sine
311 1490 506 1540 opprobrio
533 1493 578 1531 (v.
598 1491 631 1524 2.
655 1490 719 1532 5.).
765 1491 843 1524 Jam
871 1503 981 1537 quum
1009 1493 1128 1527 divina
1157 1495 1269 1528 Mosis
1297 1497 1454 1532 instituta
1483 1498 1591 1533 Chri-

117 1544 316 1579 stianorum
337 1551 392 1574 res
413 1550 474 1581 per
495 1537 658 1582 ambages
680 1545 882 1571 monstrent
906 1545 1114 1583 certumque
1132 1539 1195 1579 sit,
1223 1542 1467 1586 imaginariam
1488 1558 1591 1578 mor-

116 1597 191 1624 tem
217 1601 258 1623 eo
277 1586 373 1633 quod
396 1583 555 1618 Christus
577 1582 784 1616 interfectus
803 1590 852 1617 est
871 1583 972 1618 vobis
991 1583 1123 1618 illatam
1145 1598 1242 1627 esse,
1264 1587 1348 1621 hinc
1367 1600 1427 1622 vos
1447 1602 1591 1635 quoque

119 1649 208 1671 nece
229 1646 318 1677 quae
339 1631 442 1665 vitam
461 1629 560 1662 vobis
577 1628 646 1675 legi
670 1641 759 1663 mos.
777 1630 1055 1663 consecrandam
1075 1631 1247 1666 adimeret
1266 1639 1319 1677 (ut
1343 1636 1402 1679 qui
1427 1642 1591 1669 mortem

122 1678 362 1717 occubueritis
390 1689 422 1711 v.
446 1677 492 1718 1.)
521 1688 583 1721 per
608 1680 772 1709 necatum
795 1674 923 1708 Christi
952 1688 1081 1719 corpus
1106 1677 1219 1710 ass'ecti
1248 1680 1327 1713 estis
1358 1677 1502 1725 (quippe
1529 1682 1590 1727 qui

120 1725 388 1769 imaginariam
422 1727 575 1756 mortem
613 1718 770 1754 adieritis
808 1718 951 1765 physici
987 1722 1130 1755 alterius
1159 1732 1275 1758 morte
1306 1728 1407 1759 vobis
1433 1726 1590 1761 oblatam

121 1787 158 1808 v·
179 1776 211 1808 ρ,
228 1771 301 1813 3,),
325 1775 357 1802 et
375 1771 425 1802 sic
443 1768 479 1801 in
501 1767 628 1800 Christi
651 1773 727 1813 post
749 1766 900 1800 reditum
919 1765 955 1800 in
976 1768 1079 1800 vitam
1099 1769 1248 1804 viventis
1269 1783 1410 1805 manum
1436 1773 1592 1816 venistis,

122 1826 160 1852 ut
188 1830 253 1851 nos
281 1814 340 1860 qui
370 1826 492 1847 sumus
514 1812 654 1847 Christo
682 1811 810 1846 addicti
839 1824 953 1853 opera
980 1814 1064 1846 Deo
1086 1821 1199 1856 grata
1234 1817 1419 1851 ederemus
1450 1819 1497 1860 (v.
1524 1819 1588 1861 4.).

122 1864 213 1898 Nam
232 1874 341 1908 quum
362 1858 420 1892 3112}
441 1865 554 1891 morte
576 1858 736 1892 nondum
766 1855 919 1903 oppetitzi
951 1859 1138 1904 voluptarii
1168 1862 1330 1906 corporis
1359 1874 1502 1898 carcere
1529 1864 1591 1897 in-

122 1910 210 1945 clusi
231 1917 405 1949 essemus,
429 1904 602 1948 appetitus
621 1909 763 1949 peccata
783 1905 983 1948 gignentes,
1009 1907 1072 1948 qui
1087 1908 1232 1939 valetne
1249 1910 1326 1951 lege
1345 1921 1432 1942 mos.
1459 1911 1592 1953 vigent,

119 1955 314 1991 tuinultum
331 1952 366 1984 in
385 1951 557 1984 membris
575 1949 705 1983 nostris
724 1949 924 1992 faciebant,
949 1957 986 1983 ut
1013 1963 1119 1994 opera
1145 1953 1330 1987 ederemus
1352 1955 1505 1987 Plutoni
1525 1955 1589 1996 ju-

120 2004 243 2036 cunda
262 2006 310 2043 (v.
333 2000 396 2038 5.).
443 1995 548 2029 Nunc
575 2001 691 2028 autem
717 1994 792 2037 ejus
820 1995 905 2038 legis
935 1995 1081 2029 vinculis
1112 2010 1258 2042 prorsus
1284 1999 1432 2032 exsoluti
1457 2013 1592 2043 sumus,

77 2035 89 2047 ⁸
121 2046 292 2090 quoniam
313 2044 342 2077 ei
361 2053 451 2088 quae
473 2053 537 2073 nos
558 2039 773 2074 constrictos
792 2040 933 2073 tenebat
951 2044 1085 2075 mortui
1104 2055 1246 2080 sumus,
1273 2051 1305 2077 et
1326 2045 1502 2079 servimus
1523 2045 1590 2090 (cf.

120 2095 154 2137 6,
171 2093 209 2126 16
230 2093 298 2137 sq.)
318 2087 430 2123 divini
452 2085 594 2131 spiritus
613 2083 830 2130 novitatem,
863 2096 935 2117 non
955 2085 1173 2129 scripiorum
1197 2088 1458 2124 elementorum
1487 2098 1589 2126 vetu-

117 2146 242 2174 statem
263 2130 536 2170 moderatricem
558 2137 742 2177 sequentes
763 2134 808 2171 (v.
828 2131 892 2174 6.).
922 2150 960 2157 —
1010 2132 1090 2166 Non
1111 2145 1174 2177 eo,
1198 2135 1293 2179 quod
1312 2138 1485 2182 appetitus
1503 2149 1591 2182 pec-

119 2191 194 2220 cata
212 2184 394 2229 gignentes
416 2181 562 2211 valena-
583 2180 662 2220 Iege
681 2188 772 2210 mos.
794 2177 917 2218 vigere
934 2179 1054 2210 solere
1081 2179 1150 2212 dixi
1182 2182 1228 2221 (v.
1254 2182 1303 2224 5.)
1317 2207 1325 2221 ,
1354 2183 1467 2226 legem
1497 2196 1588 2218 mos.

114 2230 356 2274 peccatricem
376 2238 449 2259 esse
471 2224 660 2257 declaravi.
697 2221 771 2255 imo
795 2223 980 2256 Peccatum
1003 2236 1075 2257 non
1094 2227 1320 2269 cognovisses
1339 2228 1404 2260 uisi
1422 2227 1474 2262 lex
1494 2241 1590 2265 mos.

117 2273 391 2311 intercessisse13
423 2284 502 2304 nani
523 2282 663 2313 pravam
684 2267 942 2313 Cupiditatem,
979 2269 1119 2303 Peccati
1147 2278 1317 2315 matrem,
1351 2286 1423 2307 non
1450 2286 1588 2320 cogno-

118 2323 251 2366 vis-es,
283 2319 352 2353 uiui
372 2318 422 2351 tex
453 2328 543 2350 mos.
571 2315 639 2349 boc
665 2321 891 2359 praeceptum
925 2315 1044 2348 daret:
1078 2316 1150 2350 noii
1180 2318 1451 2363 concupiscere.
1499 2319 1590 2365 (Qui

118 2367 228 2413 igitur
247 2367 299 2400 lex
319 2377 408 2397 mos.
428 2360 570 2395 Peccati
591 2368 750 2395 naturam
770 2359 893 2393 habeat
919 2360 939 2393 i.
957 2373 986 2394 e.
1012 2357 1063 2394 rei
1092 2368 1125 2395 et
1147 2369 1231 2403 post
1261 2364 1374 2410 legem
1406 2377 1496 2400 mos.
1521 2378 1587 2400 na·

119 2420 173 2448 tae
200 2423 317 2457 neque
335 2421 385 2444 ex
406 2411 484 2451 lege
506 2419 597 2440 mus.
611 2431 621 2448 ,
646 2406 706 2440 sed
726 2419 744 2439 e
764 2405 983 2451 Cupiditatc,
1014 2419 1117 2452 quem
1142 2408 1199 2442 iila
1220 2408 1271 2442 lex
1292 2408 1477 2453 movisset,
1503 2424 1586 2455 pro-

121 2459 286 2494 creatae?
323 2469 355 2489 v.
385 2456 449 2498 7.).
514 2453 651 2499 impetu
681 2459 797 2485 autem
825 2457 943 2485 sumto
973 2452 1164 2496 Peccatus,
1208 2454 1393 2500 improbus
1422 2456 1589 2500 daemon,

120 2519 184 2552 per
201 2505 268 2539 div.
289 2508 516 2549 praeceptum
532 2525 541 2540 ‚
567 2498 664 2545 quod
683 2503 795 2531 totum
817 2496 902 2531 illud
920 2509 1037 2538 prave
1057 2501 1308 2542 concupiscere
1337 2501 1491 2535 hominis
1521 2515 1587 2536 ve—

120 2551 187 2586 tuit
209 2550 323 2584 effecit
342 2549 377 2581 in
397 2555 428 2581 te
447 2545 573 2579 malam
596 2543 752 2588 cujusvis
771 2540 908 2588 generis
928 2543 1171 2590 cupiditatem.
1219 2546 1266 2579 lta
1287 2547 1379 2580 enim
1403 2559 1457 2581 res
1484 2560 1589 2582 com-

69 2627 73 2630 ,
120 2605 240 2644 parata
260 2600 333 2636 est,
360 2599 397 2628 ut
414 2593 487 2626 sine
508 2592 618 2625 Mosis
640 2591 713 2634 lege
735 2589 899 2624 Peccatui
920 2590 985 2623 vita
1004 2597 1036 2623 et
1056 2591 1103 2623 vis
1128 2598 1162 2624 et
1188 2593 1285 2625 nervi
1312 2593 1424 2626 desint
1452 2594 1502 2636 (v.
1521 2594 1586 2637 8.).

121 2642 319 2677 Confirmat
340 2652 429 2687 quae
450 2639 482 2672 in
504 2638 705 2671 universum
728 2635 795 2668 dixi
813 2649 844 2668 ν.
860 2638 909 2675 8.,
935 2636 1105 2670 historia.
1153 2636 1242 2671 Nam
1263 2645 1450 2682 praecepto
1471 2639 1513 2673 de
1534 2639 1587 2672 vi-

118 2689 236 2724 tandis
266 2700 378 2733 pravis
407 2683 656 2731 cupiditatibus
688 2681 911 2728 promulgato
940 2681 1111 2716 Peccatus
1137 2684 1268 2727 spirare
1292 2685 1430 2728 coepit,
1467 2683 1587 2718 homi-

120 2748 204 2776 nes,
231 2741 269 2767 ut
289 2731 476 2771 conujiissa
498 2737 639 2773 peccata
659 2729 820 2766 lut-rent,
845 2726 1066 2772 exspirarunt
1094 2735 1126 2762 et
1157 2730 1384 2764 interdictum
1416 2736 1450 2762 ut
1481 2731 1585 2765 vitam

119 2779 288 2815 baberent
305 2778 567 2825 promulgatum
587 2775 621 2808 in
641 2781 804 2807 mortem
822 2774 863 2808 iis
882 2773 1009 2808 cedere
1030 2786 1094 2808 usu
1114 2774 1300 2820 cognitum
1321 2781 1372 2810 est
1395 2776 1439 2821 (v.
1450 2775 1484 2809 9.
1498 2778 1578 2821 10.).

162 2837 348 2872 Fritzsche
366 2835 430 2880 Ep.
452 2834 493 2868 ud
512 2833 617 2869 Rom,
635 2831 677 2866 P.
699 2831 744 2866 ss.
1090 2820 1138 2863 A
