1715 3115
571 177 733 224 CAP.
763 177 892 224 vll.
923 177 1015 224 Vs.
1042 177 1105 224 4..
1517 178 1572 222 13

103 301 222 332 eeas.
280 286 460 329 Minime
481 299 532 328 eo
553 285 794 337 refutatur,
827 284 940 341 quod
962 285 1003 327 in
1025 286 1221 339 generali
1240 285 1456 328 sententia
1477 287 1574 330 nl.

103 345 159 388 de
178 350 314 386 morte
329 345 530 399 physica,
562 344 603 384 in
624 343 902 384 conclusione
929 357 969 386 v.
987 343 1031 386 4.
1060 343 1113 384 de
1138 343 1398 397 t‘maye'nure'd
1432 350 1573 384 morte

103 415 252 444 sermo
273 402 530 443 instituatur
549 406 593 440 ct
614 414 742 454 quam
765 400 841 440 illu
866 399 1022 441 habeat
1049 400 1132 442 vim
1161 399 1272 440 lamec
1301 414 1473 456 quoque
1501 414 1574 440 ex·

103 472 254 501 ereere
273 459 384 499 male
404 456 868 510 colligatur-(vnaius
891 457 921 500 l.
944 471 981 498 c.
1004 471 1048 513 p.
1062 458 1157 500 177.
1177 461 1221 497 et
1239 456 1426 510 Belem).
1485 456 1573 498 Re-

103 522 174 557 cte
196 515 311 557 enim
332 529 379 556 se
401 515 479 555 hoe
507 513 720 554 sumsisse
744 511 792 555 P.
823 513 1016 568 putavit,
1055 513 1157 570 qnia
1184 513 1324 555 Musis
1354 513 1573 554 institutis

105 586 177 614 res
217 571 372 616 christ.
412 569 624 611 divinitus
662 568 1139 624 praesignilicarentur.
1219 569 1374 626 Neque
1414 569 1575 614 Rueck.

105 628 357 670 colline-‘ivit
379 627 457 669 hoc
479 627 520 668 in
546 625 596 670 P.
619 628 705 667 telo
726 626 915 667 intorto:
953 641 1041 678 „ex
1068 641 1143 678 eo,
1184 626 1299 692 quod
1330 640 1447 668 mors
1474 625 1575 681 offi-

106 686 218 728 cium
240 685 359 726 tollit
379 699 418 727 v.
441 686 503 735 1.,
533 689 713 724 mortem
735 683 791 724 ud
811 682 941 736 lcqcm
963 697 1063 725 mos.
1088 689 1376 740 pertinentem
1406 684 1460 724 ab
1491 683 1576 724 ali·

107 756 194 798 qno
214 742 452 798 oppetitam
476 755 573 782 esse
594 755 635 783 v.
654 741 698 782 4.
718 753 802 780 non
826 739 1051 794 sequitur”
1069 739 1158 794 (33).
1199 741 1266 781 At
1286 754 1414 781 versu
1438 742 1477 782 1.
1498 739 1575 781 ob-

107 799 308 855 sequium
338 798 420 853 leq&
445 811 550 841 mos.
576 794 884 854 praestandum
916 803 1053 837 morte
1082 797 1181 838 tolli
1208 795 1256 840 P.
1288 796 1575 841 indicaverat.

105 852 348 898 Praeterea
366 854 504 896 totius
524 852 915 907 argumentationis
940 853 1152 894 rationem
1177 853 1331 897 Rueck.
1361 867 1443 895 non
1475 867 1577 911 per-

106 913 271 969 spexit.
299 936 354 943 —
413 909 625 952 Homines
657 910 812 953 christ.
837 923 911 962 eo,
944 909 1059 965 qnod
1079 910 1249 954 Christi
1267 924 1427 968 eorpus
1449 924 1578 952 neca-

106 974 256 1020 retur,
285 966 390 1020 vita,
420 981 547 1023 quam
565 967 653 1021 legi
674 981 781 1010 mos.
799 964 1121 1019 consecrarent,
1147 967 1342 1024 privatos
1361 982 1458 1009 esse
1482 968 1577 1012 h.e.

108 1024 280 1069 Christi
316 1030 498 1066 mortem
534 1024 755 1076 effecisse,
803 1030 849 1064 ut
880 1023 962 1065 snb
991 1024 1104 1076 legis
1134 1039 1240 1067 mos,
1269 1024 1452 1081 imperio
1477 1038 1578 1066 esse

107 1081 386 1133 desinerent,
417 1081 679 1138 simpliciter
699 1081 742 1124 h.
763 1081 794 1124 1.
814 1079 866 1123 Ρ.
887 1081 999 1122 dixit
1020 1080 1116 1124 (301.
1139 1081 1180 1133 2,
1197 1082 1265 1124 14.
1284 1082 1380 1132 20„
1418 1088 1466 1122 ut
1495 1096 1577 1122 ne-

110 1152 196 1195 que
215 1141 291 1194 qui
313 1137 354 1179 id
376 1137 542 1180 Christi
563 1143 699 1180 morte
717 1138 830 1179 effici
849 1138 1065 1194 potuisset
1079 1138 1311 1190 Ga1.3,13.
1325 1137 1580 1194 Eph.2,15.,

109 1209 251 1251 neque
292 1209 370 1236 cur
397 1195 645 1236 hominibus
675 1195 832 1238 christ.
864 1194 978 1247 legis
1009 1209 1114 1236 mos.
1137 1194 1290 1253 jugum
1321 1194 1580 1237 demendum

110 1258 230 1295 esset
261 1250 363 1295 Gal.
392 1251 515 1304 3‚14.
544 1252 586 1295 2.
617 1252 816 1303 4‚1-7.
843 1257 1094 1308 exponeret.
1168 1251 1389 1306 Profunda
1423 1251 1581 1294 Usteriz‘

109 1309 143 1353 l.
160 1322 198 1352 c.
229 1314 274 1350 et
295 1308 509 1350 Thohcccae'i
540 1309 754 1363 cogitata,
794 1308 954 1364 quihus
977 1306 1114 1350 Paulo
1145 1308 1393 1350 liberaliter
1419 1322 1581 1365 suppe-

108 1364 265 1407 ditatis
294 1365 591 1422 explicarent,
646 1379 730 1422 quo
758 1371 884 1422 paeto
913 1365 1065 1417 lieret,
1111 1371 1159 1406 ut
1190 1365 1386 1406 homines
1423 1366 1581 1410 christ.

109 1422 208 1477 lege
228 1436 336 1464 mos.
357 1422 659 1474 solverentur,
686 1435 738 1463 ne
758 1436 862 1463 sana
883 1421 1055 1477 quidem
1089 1427 1215 1474 sunt,
1244 1436 1296 1463 ne
1325 1422 1423 1464 dum
1445 1421 1581 1464 Paul·-

110 1479 202 1521 lina
222 1480 282 1533 (v.
303 1477 450 1521 Reich.
474 1476 535 1529 ΙΙ,
552 1479 659 1530 15.).
713 1477 916 1521 Ceterum
948 1478 1204 1532 imaginaria
1227 1478 1579 1521 Christianorum

111 1550 255 1588 mors,
286 1534 339 1576 de
361 1535 446 1591 qua
468 1535 539 1576 hic
558 1535 730 1590 agitur,
769 1535 823 1576 al)
845 1536 894 1577 eti
927 1534 1099 1578 diversa
1130 1541 1221 1586 est,
1253 1550 1363 1591 quae
1391 1538 1487 1586 6‚2.
1509 1550 1580 1602 sq.

109 1598 443 1634 commemorata
465 1597 549 1636 est.
605 1592 727 1634 Haec
746 1592 879 1633 vitam
909 1594 1094 1646 peccatis
1123 1591 1371 1644 dicandam,
1410 1593 1488 1634 illa
1517 1606 1582 1634 vn-

111 1654 201 1691 tam
225 1649 307 1704 leyc'
322 1663 423 1691 mos.
443 1648 778 1690 consecrandam
802 1648 971 1692 adimit.
1030 1648 1161 1690 Nunc
1181 1649 1233 1691 de
1252 1649 1398 1691 verbis
1421 1649 1582 1693 dicam.

113 1705 326 1748 Absurde
347 1706 493 1758 Grot„
532 1705 749 1761 Vitrinqu,
782 1705 923 1759 Kopp.
952 1705 1034 1757 aL,
1075 1721 1205 1762 quum
1235 1720 1276 1751 v,
1307 1709 1345 1750 l.
1375 1708 1486 1749 male
1515 1707 1580 1748 sic

113 1763 431 1818 explicuissent
452 1759 529 1817 ἐφ’
549 1759 654 1803 ὅσον
679 1759 835 1816 χρόνον
865 1761 914 1818 ζῆ
940 1776 1001 1805 sc.
1037 1756 1059 1803 ὁ
1090 1759 1279 1815 νόμος,
1319 1777 1360 1806 v,
1388 1763 1432 1808 4.
1467 1758 1581 1804 ὥστε

116 1820 191 1859 καὶ
212 1813 333 1869 ὗμεῖς
351 1816 668 1874 ἐθανατώθητε
688 1820 748 1873 τῷ
764 1815 881 1874 νόμῳ
902 1819 1132 1876 trajectum
1154 1833 1251 1861 esse
1272 1824 1480 1875 putarunt
1499 1834 1580 1876 pro

117 1871 228 1915 ὥστε
248 1874 319 1914 καὶ
340 1870 436 1925 ὑμῖν
456 1868 479 1915 ὃ
497 1871 631 1927 νόμος
661 1873 942 1932 ἐθανατώθη.
998 1874 1154 1917 Nihilo
1180 1877 1424 1933 sapientius
1448 1877 1582 1918 Theo-

115 1930 275 1979 doret..
312 1929 451 1972 Schol.
481 1929 672 1983 lunula,
714 1931 880 1974 Clarius
911 1933 970 1975 al.
1000 1931 1211 1986 Paulum,
1261 1933 1336 1989 qui
1366 1930 1477 1974 ὥστε
1505 1933 1581 1974 καὶ

114 1982 217 2037 ἱνμῖν
246 1982 514 2041 ἐθανατώθη
545 1982 568 2027 ὃ
598 1986 730 2038 νόμος
749 1989 940 2029 scribere
963 1987 1208 2041 debuisset,
1239 1989 1349 2030 ὥστε
1367 1990 1440 2031 καὶ
1462 1986 1584 2041 ὑμεῖς

115 2038 434 2096 ἐθανατώθητε
451 2044 512 2096 τῷ
531 2038 650 2097 νόμῳ
673 2042 816 2084 dicere
838 2045 1065 2097 maluisse,
1093 2060 1144 2086 ne
1159 2044 1258 2102 jud.
1277 2046 1432 2102 stirpis
1454 2045 1587 2089 Chri-

117 2098 310 2149 stianos,
350 2098 462 2151 legis
490 2112 599 2142 mos.
630 2098 944 2152 admiratores,
983 2101 1222 2144 offenderet
1251 2102 1583 2158 perhibuerunt.

116 2153 219 2198 Non
241 2155 379 2196 solum
405 2155 730 2207 meticulosum,
760 2170 907 2198 verum
928 2158 1057 2199 etiam
1077 2159 1448 2200 inconsideratum
1473 2159 1585 2200 seri—

117 2216 284 2269 ptorem
315 2209 367 2255 P.
395 2211 614 2263 fecerunt,
663 2212 777 2269 apud
807 2227 933 2268 quem
962 2214 1215 2257 oll'ensionis
1244 2225 1384 2257 metus
1415 2230 1499 2257 non
1530 2230 1583 2257 eo

118 2268 355 2319 valuisset,
385 2274 432 2308 ut
456 2273 589 2309 totam
615 2271 1033 2320 argumentationem
1066 2279 1288 2314 revocaret
1317 2278 1585 2315 revocatam-

120 2339 204 2380 que
232 2325 291 2366 ita
320 2328 368 2366 ut
396 2325 580 2367 offensio
608 2327 842 2367 tolleretur
870 2329 1102 2379 formaret,
1147 2329 1223 2370 sed
1253 2329 1360 2370 hanc
1391 2331 1475 2371 vim
1507 2329 1584 2370 ha-

119 2381 307 2434 buisset,
328 2386 374 2422 ut
396 2382 533 2438 prima
556 2397 665 2438 quae
688 2383 856 2438 integra
879 2383 1057 2425 sivisset
1077 2385 1130 2426 iis
1150 2386 1440 2437 continuaret,
1471 2400 1582 2442 qnae

119 2438 276 2495 primis
307 2451 390 2478 non
422 2438 755 2496 responderent.
821 2439 877 2481 Et
907 2438 1008 2494 ἐγώ
1039 2440 1330 2497 ἐθανατώθη-ν
1365 2445 1428 2498 τῷ
1463 2441 1583 2498 νόμῳ

119 2509 245 2536 sensu
264 2509 357 2535 cum
379 2492 648 2552 ἐθανατώθη
679 2511 775 2548 μοι
796 2493 818 2537 ὃ
849 2494 981 2548 νόμος
1008 2499 1226 2552 congruit.
1279 2496 1584 2540 Ἔθανατώ-

120 2554 260 2607 θητε
281 2551 343 2606 τῷ
362 2548 480 2606 νόμῳ
502 2552 538 2591 δ.
564 2567 601 2593 τ.
623 2567 661 2593 o.
682 2567 720 2592 τ.
743 2555 826 2607 Χρ.
850 2552 901 2596 Ρ.
924 2553 1103 2610 scripsit
1127 2569 1209 2596 non
1238 2556 1368 2596 aliam
1400 2556 1455 2597 ob
1482 2571 1584 2597 cau·

122 2621 240 2659 sam,
281 2621 408 2663 quam
439 2607 553 2663 quod
574 2609 778 2651 Christus
813 2624 894 2650 non
926 2610 967 2650 in
997 2611 1156 2652 lectulo
1184 2619 1363 2653 mortem
1396 2613 1584 2663 obierat,

122 2664 199 2706 sed
220 2678 318 2706 nece
336 2663 517 2705 affectus
539 2666 682 2707 fuerat
696 2668 717 2706 1
733 2664 853 2708 Petr.
875 2669 915 2718 3,
930 2667 1015 2710 18..
1073 2668 1202 2722 Nece,
1220 2673 1302 2725 que?
1315 2669 1471 2711 Clu-iste·
1490 2685 1582 2711 cor—

119 2734 201 2775 pus
228 2720 500 2776 intersectum
527 2727 613 2774 est,
662 2724 945 2776 ima-qiuariae
974 2724 1066 2765 neci
1089 2740 1196 2780 qnae
1223 2727 1279 2767 ml
1306 2725 1436 2777 leuem
1479 2741 1581 2767 mos.

117 2777 350 2832 pertineret
369 2777 462 2818 duta·
479 2779 598 2822 estis.
656 2779 787 2821 Falso
811 2779 966 2822 Rueck.
998 2781 1127 2821 verbo
1159 2779 1476 2838 ἐθαιάιίύῖὶῃιε
1508 2783 1583 2822 ho-

121 2833 260 2876 mines
288 2833 444 2881 christ.
475 2834 562 2878 vita
589 2836 679 2892 logi
707 2850 817 2884 mos.
845 2835 1026 2880 dicanda
1054 2838 1253 2881 ‹livim‘tus
1276 2838 1410 2894 (unde
1451 2839 1530 2882 hoc
1542 2834 1583 2891 ἲ)
