<?xml version="1.0" encoding="UTF-8"?>
<!DOCTYPE html PUBLIC "-//W3C//DTD XHTML 1.0 Transitional//EN"
    "http://www.w3.org/TR/xhtml1/DTD/xhtml1-transitional.dtd">
<html xmlns="http://www.w3.org/1999/xhtml" xml:lang="en" lang="en">
 <head>
  <title>
</title>
<meta http-equiv="Content-Type" content="text/html;charset=utf-8" />
  <meta name='ocr-system' content='tesseract 3.04.00' />
  <meta name='ocr-capabilities' content='ocr_page ocr_carea ocr_par ocr_line ocrx_word'/>
</head>
<body>
  <div class='ocr_page' id='page_1' title='image "./pauliadromanosep02frituoft/pauliadromanosep02frituoft_0060.png"; bbox 0 0 1715 3115; ppageno 0'>
   <div class='ocr_carea' id='block_1_1' title="bbox 168 236 1352 290">
    <p class='ocr_par' dir='ltr' id='par_1_1' title="bbox 168 236 1352 290">
     <span class='ocr_line' id='line_1_1' title="bbox 168 236 1352 290; baseline 0.003 -9"><span class='ocrx_word' id='word_1_1' title='bbox 168 237 229 284; x_wconf 75' lang='lat'>48</span> <span class='ocrx_word' id='word_1_2' title='bbox 451 236 832 290; x_wconf 78' lang='lat' dir='ltr'><strong>EPISTOLA</strong></span> <span class='ocrx_word' id='word_1_3' title='bbox 861 239 964 284; x_wconf 85' lang='lat' dir='ltr'>AD</span> <span class='ocrx_word' id='word_1_4' title='bbox 995 240 1352 286; x_wconf 86' lang='lat' dir='ltr'><strong>ROMANOS</strong></span> 
     </span>
    </p>
   </div>
   <div class='ocr_carea' id='block_1_2' title="bbox 165 343 1632 1362">
    <p class='ocr_par' dir='ltr' id='par_1_2' title="bbox 165 343 1632 1362">
     <span class='ocr_line' id='line_1_2' title="bbox 170 343 1632 404; baseline 0.001 -16"><span class='ocrx_word' id='word_1_5' title='bbox 170 345 380 402; x_wconf 87' lang='lat' dir='ltr'>Fingitur</span> <span class='ocrx_word' id='word_1_6' title='bbox 398 346 512 388; x_wconf 89' lang='lat' dir='ltr'>enim</span> <span class='ocrx_word' id='word_1_7' title='bbox 533 343 746 387; x_wconf 82' lang='lat' dir='ltr'>Peccatus</span> <span class='ocrx_word' id='word_1_8' title='bbox 766 345 913 398; x_wconf 79' lang='lat' dir='ltr'>herus,</span> <span class='ocrx_word' id='word_1_9' title='bbox 944 345 982 387; x_wconf 88' lang='lat' dir='ltr'>is</span> <span class='ocrx_word' id='word_1_10' title='bbox 1003 347 1077 403; x_wconf 87' lang='lat' dir='ltr'>qui</span> <span class='ocrx_word' id='word_1_11' title='bbox 1101 348 1283 404; x_wconf 87' lang='lat' dir='ltr'>loquens</span> <span class='ocrx_word' id='word_1_12' title='bbox 1303 347 1523 389; x_wconf 72' lang='lat' dir='ltr'><strong>inducitur</strong></span> <span class='ocrx_word' id='word_1_13' title='bbox 1540 361 1632 390; x_wconf 87' lang='lat' dir='ltr'>ser-</span> 
     </span>
     <span class='ocr_line' id='line_1_3' title="bbox 170 401 1632 459; baseline -0.001 -13"><span class='ocrx_word' id='word_1_14' title='bbox 170 417 263 446; x_wconf 77' lang='lat' dir='ltr'>vus.</span> <span class='ocrx_word' id='word_1_15' title='bbox 321 401 429 445; x_wconf 87' lang='lat' dir='ltr'>Noli</span> <span class='ocrx_word' id='word_1_16' title='bbox 449 415 686 458; x_wconf 76' lang='lat' dir='ltr'><strong>exponere:</strong></span> <span class='ocrx_word' id='word_1_17' title='bbox 718 416 745 442; x_wconf 84' lang='lat' dir='ltr'>a</span> <span class='ocrx_word' id='word_1_18' title='bbox 764 402 855 443; x_wconf 82' lang='lat' dir='ltr'>Deo</span> <span class='ocrx_word' id='word_1_19' title='bbox 880 405 976 456; x_wconf 78' lang='lat' dir='ltr'>(per</span> <span class='ocrx_word' id='word_1_20' title='bbox 1001 404 1131 458; x_wconf 79' lang='lat' dir='ltr'>leyem</span> <span class='ocrx_word' id='word_1_21' title='bbox 1162 418 1263 446; x_wconf 84' lang='lat' dir='ltr'>mos.</span> <span class='ocrx_word' id='word_1_22' title='bbox 1285 419 1324 446; x_wconf 80' lang='lat' dir='ltr'>v.</span> <span class='ocrx_word' id='word_1_23' title='bbox 1345 405 1415 459; x_wconf 88' lang='lat'>8),</span> <span class='ocrx_word' id='word_1_24' title='bbox 1452 409 1528 445; x_wconf 85' lang='lat' dir='ltr'>aut</span> <span class='ocrx_word' id='word_1_25' title='bbox 1552 417 1632 458; x_wconf 83' lang='lat' dir='ltr'>per</span> 
     </span>
     <span class='ocr_line' id='line_1_4' title="bbox 170 457 1632 514; baseline 0 -13"><span class='ocrx_word' id='word_1_26' title='bbox 170 473 314 502; x_wconf 85' lang='lat' dir='ltr'>meam</span> <span class='ocrx_word' id='word_1_27' title='bbox 339 460 573 502; x_wconf 77' lang='lat' dir='ltr'><em>socordiam</em></span> <span class='ocrx_word' id='word_1_28' title='bbox 603 472 780 510; x_wconf 68' lang='lat' dir='ltr'>serum,</span> <span class='ocrx_word' id='word_1_29' title='bbox 819 459 893 514; x_wconf 81' lang='lat' dir='ltr'>qui</span> <span class='ocrx_word' id='word_1_30' title='bbox 918 457 1118 500; x_wconf 84' lang='lat' dir='ltr'>Peccatui</span> <span class='ocrx_word' id='word_1_31' title='bbox 1148 459 1371 512; x_wconf 80' lang='lat' dir='ltr'>obediam,</span> <span class='ocrx_word' id='word_1_32' title='bbox 1410 460 1632 505; x_wconf 77' lang='lat' dir='ltr'>venditus.</span> 
     </span>
     <span class='ocr_line' id='line_1_5' title="bbox 169 514 1631 572; baseline -0.001 -13"><span class='ocrx_word' id='word_1_33' title='bbox 169 515 286 559; x_wconf 84' lang='lat' dir='ltr'>Nam</span> <span class='ocrx_word' id='word_1_34' title='bbox 310 530 421 556; x_wconf 91' lang='lat' dir='ltr'>nunc</span> <span class='ocrx_word' id='word_1_35' title='bbox 443 514 616 570; x_wconf 84' lang='lat' dir='ltr'>quidem</span> <span class='ocrx_word' id='word_1_36' title='bbox 647 527 692 555; x_wconf 85' lang='lat' dir='ltr'>se</span> <span class='ocrx_word' id='word_1_37' title='bbox 715 515 862 555; x_wconf 88' lang='lat' dir='ltr'>nonin</span> <span class='ocrx_word' id='word_1_38' title='bbox 896 516 974 556; x_wconf 62' lang='lat' dir='ltr'>suti</span> <span class='ocrx_word' id='word_1_39' title='bbox 1002 516 1078 557; x_wconf 88' lang='lat' dir='ltr'>sed</span> <span class='ocrx_word' id='word_1_40' title='bbox 1105 517 1146 557; x_wconf 89' lang='lat' dir='ltr'>in</span> <span class='ocrx_word' id='word_1_41' title='bbox 1174 515 1382 558; x_wconf 84' lang='lat' dir='ltr'>Peccatus</span> <span class='ocrx_word' id='word_1_42' title='bbox 1411 523 1631 572; x_wconf 80' lang='lat' dir='ltr'>potestate</span> 
     </span>
     <span class='ocr_line' id='line_1_6' title="bbox 170 570 1630 630; baseline -0.001 -15"><span class='ocrx_word' id='word_1_43' title='bbox 170 587 269 615; x_wconf 83' lang='lat' dir='ltr'>esse</span> <span class='ocrx_word' id='word_1_44' title='bbox 290 572 365 628; x_wconf 85' lang='lat' dir='ltr'>qui</span> <span class='ocrx_word' id='word_1_45' title='bbox 385 571 579 628; x_wconf 88' lang='lat' dir='ltr'>loquitur</span> <span class='ocrx_word' id='word_1_46' title='bbox 602 576 751 612; x_wconf 82' lang='lat' dir='ltr'>narrat</span> <span class='ocrx_word' id='word_1_47' title='bbox 769 584 809 614; x_wconf 80' lang='lat' dir='ltr'>v.</span> <span class='ocrx_word' id='word_1_48' title='bbox 829 570 1049 622; x_wconf 78' lang='lat'>15—24.‚</span> <span class='ocrx_word' id='word_1_49' title='bbox 1076 587 1157 614; x_wconf 86' lang='lat' dir='ltr'>non</span> <span class='ocrx_word' id='word_1_50' title='bbox 1179 572 1289 613; x_wconf 83' lang='lat' dir='ltr'>iilud</span> <span class='ocrx_word' id='word_1_51' title='bbox 1313 574 1522 630; x_wconf 77' lang='lat' dir='ltr'>explieat,</span> <span class='ocrx_word' id='word_1_52' title='bbox 1554 573 1630 629; x_wconf 82' lang='lat' dir='ltr'>qui</span> 
     </span>
     <span class='ocr_line' id='line_1_7' title="bbox 169 627 1629 683; baseline 0 -11"><span class='ocrx_word' id='word_1_53' title='bbox 169 630 332 672; x_wconf 80' lang='lat' dir='ltr'>factum</span> <span class='ocrx_word' id='word_1_54' title='bbox 356 628 415 670; x_wconf 90' lang='lat' dir='ltr'>sit</span> <span class='ocrx_word' id='word_1_55' title='bbox 434 635 481 668; x_wconf 86' lang='lat' dir='ltr'>ut</span> <span class='ocrx_word' id='word_1_56' title='bbox 495 627 584 683; x_wconf 89' lang='lat' dir='ltr'>jam</span> <span class='ocrx_word' id='word_1_57' title='bbox 606 641 683 668; x_wconf 87' lang='lat' dir='ltr'>suo</span> <span class='ocrx_word' id='word_1_58' title='bbox 706 627 890 669; x_wconf 88' lang='lat' dir='ltr'>arbitrio</span> <span class='ocrx_word' id='word_1_59' title='bbox 913 634 1072 672; x_wconf 83' lang='lat' dir='ltr'>careat.</span> <span class='ocrx_word' id='word_1_60' title='bbox 1130 629 1462 671; x_wconf 76' lang='lat' dir='ltr'>inconsiderate</span> <span class='ocrx_word' id='word_1_61' title='bbox 1482 636 1629 672; x_wconf 84' lang='lat' dir='ltr'>autem</span> 
     </span>
     <span class='ocr_line' id='line_1_8' title="bbox 168 683 1632 742; baseline 0.001 -15"><span class='ocrx_word' id='word_1_62' title='bbox 168 685 330 728; x_wconf 73' lang='lat' dir='ltr'>Rueck.</span> <span class='ocrx_word' id='word_1_63' title='bbox 355 700 398 742; x_wconf 89' lang='lat' dir='ltr'>p.</span> <span class='ocrx_word' id='word_1_64' title='bbox 417 684 516 727; x_wconf 90' lang='lat'><strong>312.</strong></span> <span class='ocrx_word' id='word_1_65' title='bbox 547 689 637 725; x_wconf 90' lang='lat' dir='ltr'>tum</span> <span class='ocrx_word' id='word_1_66' title='bbox 667 683 882 725; x_wconf 86' lang='lat' dir='ltr'>hominum</span> <span class='ocrx_word' id='word_1_67' title='bbox 912 690 1096 737; x_wconf 79' lang='lat' dir='ltr'>sortem,</span> <span class='ocrx_word' id='word_1_68' title='bbox 1132 685 1246 740; x_wconf 87' lang='lat' dir='ltr'>quod</span> <span class='ocrx_word' id='word_1_69' title='bbox 1269 691 1390 728; x_wconf 83' lang='lat' dir='ltr'>tanta</span> <span class='ocrx_word' id='word_1_70' title='bbox 1418 688 1460 729; x_wconf 88' lang='lat' dir='ltr'>in</span> <span class='ocrx_word' id='word_1_71' title='bbox 1485 687 1541 728; x_wconf 89' lang='lat' dir='ltr'>iis</span> <span class='ocrx_word' id='word_1_72' title='bbox 1569 686 1632 728; x_wconf 83' lang='lat' dir='ltr'>sit</span> 
     </span>
     <span class='ocr_line' id='line_1_9' title="bbox 204 739 1631 797; baseline 0 -13"><span class='ocrx_word' id='word_1_73' title='bbox 204 749 374 784; x_wconf 86' lang='lat' dir='ltr'>uantam</span> <span class='ocrx_word' id='word_1_74' title='bbox 399 740 448 784; x_wconf 89' lang='lat' dir='ltr'>P.</span> <span class='ocrx_word' id='word_1_75' title='bbox 470 741 512 783; x_wconf 88' lang='lat' dir='ltr'>h.</span> <span class='ocrx_word' id='word_1_76' title='bbox 531 741 562 782; x_wconf 94' lang='lat' dir='ltr'>l.</span> <span class='ocrx_word' id='word_1_77' title='bbox 588 739 808 781; x_wconf 78' lang='lat' dir='ltr'>describat</span> <span class='ocrx_word' id='word_1_78' title='bbox 837 741 1065 796; x_wconf 86' lang='lat' dir='ltr'>impuritas</span> <span class='ocrx_word' id='word_1_79' title='bbox 1096 747 1139 782; x_wconf 91' lang='lat' dir='ltr'>et</span> <span class='ocrx_word' id='word_1_80' title='bbox 1162 742 1382 797; x_wconf 82' lang='lat' dir='ltr'>nequitia,</span> <span class='ocrx_word' id='word_1_81' title='bbox 1420 742 1631 784; x_wconf 81' lang='lat' dir='ltr'>flebiliter</span> 
     </span>
     <span class='ocr_line' id='line_1_10' title="bbox 168 757 1630 856; baseline 0.001 -16"><span class='ocrx_word' id='word_1_82' title='bbox 168 757 397 854; x_wconf 63' lang='lat' dir='ltr'>deplorat,</span> <span class='ocrx_word' id='word_1_83' title='bbox 426 803 517 839; x_wconf 90' lang='lat' dir='ltr'>tum</span> <span class='ocrx_word' id='word_1_84' title='bbox 542 797 595 838; x_wconf 91' lang='lat' dir='ltr'>iis</span> <span class='ocrx_word' id='word_1_85' title='bbox 618 796 859 852; x_wconf 86' lang='lat' dir='ltr'>Theologis</span> <span class='ocrx_word' id='word_1_86' title='bbox 890 799 999 839; x_wconf 83' lang='lat' dir='ltr'>iram</span> <span class='ocrx_word' id='word_1_87' title='bbox 1021 811 1142 838; x_wconf 83' lang='lat' dir='ltr'>suam</span> <span class='ocrx_word' id='word_1_88' title='bbox 1164 796 1415 852; x_wconf 87' lang='lat' dir='ltr'>denuntiat,</span> <span class='ocrx_word' id='word_1_89' title='bbox 1454 800 1527 856; x_wconf 89' lang='lat' dir='ltr'>qui</span> <span class='ocrx_word' id='word_1_90' title='bbox 1554 814 1630 840; x_wconf 88' lang='lat' dir='ltr'>ne-</span> 
     </span>
     <span class='ocr_line' id='line_1_11' title="bbox 168 853 1630 912; baseline 0.001 -15"><span class='ocrx_word' id='word_1_91' title='bbox 168 857 327 898; x_wconf 88' lang='lat' dir='ltr'>minem</span> <span class='ocrx_word' id='word_1_92' title='bbox 351 868 433 896; x_wconf 93' lang='lat' dir='ltr'>non</span> <span class='ocrx_word' id='word_1_93' title='bbox 463 858 551 895; x_wconf 81' lang='lat' dir='ltr'>tam</span> <span class='ocrx_word' id='word_1_94' title='bbox 581 853 823 910; x_wconf 88' lang='lat' dir='ltr'>improbum</span> <span class='ocrx_word' id='word_1_95' title='bbox 847 859 889 895; x_wconf 89' lang='lat' dir='ltr'>et</span> <span class='ocrx_word' id='word_1_96' title='bbox 910 860 1081 910; x_wconf 84' lang='lat' dir='ltr'>turpem</span> <span class='ocrx_word' id='word_1_97' title='bbox 1104 867 1225 906; x_wconf 86' lang='lat' dir='ltr'>esse,</span> <span class='ocrx_word' id='word_1_98' title='bbox 1265 869 1392 910; x_wconf 85' lang='lat' dir='ltr'>quam</span> <span class='ocrx_word' id='word_1_99' title='bbox 1423 854 1461 896; x_wconf 90' lang='lat' dir='ltr'>is</span> <span class='ocrx_word' id='word_1_100' title='bbox 1484 871 1531 898; x_wconf 86' lang='lat' dir='ltr'>se</span> <span class='ocrx_word' id='word_1_101' title='bbox 1552 856 1630 912; x_wconf 79' lang='lat' dir='ltr'>qui</span> 
     </span>
     <span class='ocr_line' id='line_1_12' title="bbox 167 909 1630 968; baseline 0.001 -14"><span class='ocrx_word' id='word_1_102' title='bbox 167 912 368 968; x_wconf 89' lang='lat' dir='ltr'>loquitur</span> <span class='ocrx_word' id='word_1_103' title='bbox 395 910 680 966; x_wconf 83' lang='lat' dir='ltr'>profiteatur,</span> <span class='ocrx_word' id='word_1_104' title='bbox 717 914 947 965; x_wconf 85' lang='lat' dir='ltr'>negarunt.</span> <span class='ocrx_word' id='word_1_105' title='bbox 1007 909 1225 952; x_wconf 81' lang='lat' dir='ltr'>Summam</span> <span class='ocrx_word' id='word_1_106' title='bbox 1251 910 1364 952; x_wconf 90' lang='lat' dir='ltr'>enim</span> <span class='ocrx_word' id='word_1_107' title='bbox 1396 925 1505 967; x_wconf 81' lang='lat' dir='ltr'>quae</span> <span class='ocrx_word' id='word_1_108' title='bbox 1531 912 1630 956; x_wconf 86' lang='lat' dir='ltr'><strong>h.1.</strong></span> 
     </span>
     <span class='ocr_line' id='line_1_13' title="bbox 168 967 1630 1025; baseline -0.001 -14"><span class='ocrx_word' id='word_1_109' title='bbox 168 968 401 1025; x_wconf 84' lang='lat' dir='ltr'>exponitur</span> <span class='ocrx_word' id='word_1_110' title='bbox 431 968 653 1008; x_wconf 77' lang='lat' dir='ltr'>levitatem</span> <span class='ocrx_word' id='word_1_111' title='bbox 683 971 728 1008; x_wconf 90' lang='lat' dir='ltr'>et</span> <span class='ocrx_word' id='word_1_112' title='bbox 767 967 1097 1023; x_wconf 80' lang='lat' dir='ltr'>perversitatem</span> <span class='ocrx_word' id='word_1_113' title='bbox 1131 981 1214 1007; x_wconf 90' lang='lat' dir='ltr'>non</span> <span class='ocrx_word' id='word_1_114' title='bbox 1247 967 1333 1008; x_wconf 90' lang='lat' dir='ltr'>nisi</span> <span class='ocrx_word' id='word_1_115' title='bbox 1372 967 1416 1009; x_wconf 89' lang='lat' dir='ltr'>in</span> <span class='ocrx_word' id='word_1_116' title='bbox 1448 968 1630 1010; x_wconf 73' lang='lat' dir='ltr'>Judaeos</span> 
     </span>
     <span class='ocr_line' id='line_1_14' title="bbox 167 1022 1628 1078; baseline -0.001 -11"><span class='ocrx_word' id='word_1_117' title='bbox 167 1025 322 1067; x_wconf 87' lang='lat' dir='ltr'>cadere</span> <span class='ocrx_word' id='word_1_118' title='bbox 344 1022 393 1066; x_wconf 88' lang='lat' dir='ltr'>P.</span> <span class='ocrx_word' id='word_1_119' title='bbox 420 1023 527 1065; x_wconf 88' lang='lat' dir='ltr'>dicit</span> <span class='ocrx_word' id='word_1_120' title='bbox 545 1037 725 1078; x_wconf 85' lang='lat' dir='ltr'>eamque</span> <span class='ocrx_word' id='word_1_121' title='bbox 756 1037 839 1064; x_wconf 90' lang='lat' dir='ltr'>non</span> <span class='ocrx_word' id='word_1_122' title='bbox 861 1023 1016 1064; x_wconf 67' lang='lat' dir='ltr'>naturai</span> <span class='ocrx_word' id='word_1_123' title='bbox 1048 1023 1123 1065; x_wconf 90' lang='lat' dir='ltr'>isti</span> <span class='ocrx_word' id='word_1_124' title='bbox 1145 1023 1362 1064; x_wconf 89' lang='lat' dir='ltr'>hominum</span> <span class='ocrx_word' id='word_1_125' title='bbox 1384 1024 1535 1077; x_wconf 84' lang='lat' dir='ltr'>generi</span> <span class='ocrx_word' id='word_1_126' title='bbox 1562 1024 1628 1065; x_wconf 91' lang='lat' dir='ltr'>in-</span> 
     </span>
     <span class='ocr_line' id='line_1_15' title="bbox 167 1079 1629 1136; baseline -0.001 -13"><span class='ocrx_word' id='word_1_127' title='bbox 167 1082 324 1134; x_wconf 83' lang='lat' dir='ltr'>sitam,</span> <span class='ocrx_word' id='word_1_128' title='bbox 354 1080 431 1122; x_wconf 89' lang='lat' dir='ltr'>sed</span> <span class='ocrx_word' id='word_1_129' title='bbox 454 1079 806 1122; x_wconf 82' lang='lat' dir='ltr'>extraordinario</span> <span class='ocrx_word' id='word_1_130' title='bbox 829 1079 916 1121; x_wconf 90' lang='lat' dir='ltr'>Dei</span> <span class='ocrx_word' id='word_1_131' title='bbox 938 1080 1165 1130; x_wconf 86' lang='lat' dir='ltr'>instituto,</span> <span class='ocrx_word' id='word_1_132' title='bbox 1203 1094 1334 1136; x_wconf 88' lang='lat' dir='ltr'>quum</span> <span class='ocrx_word' id='word_1_133' title='bbox 1365 1086 1413 1122; x_wconf 92' lang='lat' dir='ltr'>ut</span> <span class='ocrx_word' id='word_1_134' title='bbox 1434 1079 1477 1121; x_wconf 88' lang='lat' dir='ltr'>id</span> <span class='ocrx_word' id='word_1_135' title='bbox 1501 1082 1629 1122; x_wconf 78' lang='lat' dir='ltr'>tieret</span> 
     </span>
     <span class='ocr_line' id='line_1_16' title="bbox 166 1135 1627 1193; baseline -0.002 -13"><span class='ocrx_word' id='word_1_136' title='bbox 166 1139 257 1181; x_wconf 87' lang='lat' dir='ltr'>Dei</span> <span class='ocrx_word' id='word_1_137' title='bbox 278 1137 461 1179; x_wconf 82' lang='lat' dir='ltr'>consilia</span> <span class='ocrx_word' id='word_1_138' title='bbox 493 1136 794 1193; x_wconf 80' lang='lat' dir='ltr'>postularent,</span> <span class='ocrx_word' id='word_1_139' title='bbox 834 1136 877 1177; x_wconf 91' lang='lat' dir='ltr'>in</span> <span class='ocrx_word' id='word_1_140' title='bbox 901 1136 979 1177; x_wconf 88' lang='lat' dir='ltr'>illo</span> <span class='ocrx_word' id='word_1_141' title='bbox 1000 1150 1223 1177; x_wconf 84' lang='lat' dir='ltr'>accensam</span> <span class='ocrx_word' id='word_1_142' title='bbox 1252 1150 1348 1177; x_wconf 83' lang='lat' dir='ltr'>esse</span> <span class='ocrx_word' id='word_1_143' title='bbox 1374 1135 1537 1179; x_wconf 84' lang='lat' dir='ltr'>indicat</span> <span class='ocrx_word' id='word_1_144' title='bbox 1563 1140 1627 1190; x_wconf 79' lang='lat' dir='ltr'>(v.</span> 
     </span>
     <span class='ocr_line' id='line_1_17' title="bbox 166 1191 1626 1249; baseline -0.001 -11"><span class='ocrx_word' id='word_1_145' title='bbox 166 1201 260 1238; x_wconf 87' lang='lat' dir='ltr'>not.</span> <span class='ocrx_word' id='word_1_146' title='bbox 283 1193 338 1235; x_wconf 79' lang='lat' dir='ltr'>ad</span> <span class='ocrx_word' id='word_1_147' title='bbox 364 1209 402 1237; x_wconf 83' lang='lat' dir='ltr'>v.</span> <span class='ocrx_word' id='word_1_148' title='bbox 425 1193 531 1247; x_wconf 86' lang='lat'><strong>13.).</strong></span> <span class='ocrx_word' id='word_1_149' title='bbox 588 1192 665 1235; x_wconf 91' lang='lat' dir='ltr'>Ab</span> <span class='ocrx_word' id='word_1_150' title='bbox 697 1191 942 1234; x_wconf 90' lang='lat' dir='ltr'>hominibus</span> <span class='ocrx_word' id='word_1_151' title='bbox 970 1192 1116 1235; x_wconf 78' lang='lat' dir='ltr'>christ.</span> <span class='ocrx_word' id='word_1_152' title='bbox 1146 1193 1274 1234; x_wconf 83' lang='lat' dir='ltr'>istam</span> <span class='ocrx_word' id='word_1_153' title='bbox 1304 1193 1542 1249; x_wconf 82' lang='lat' dir='ltr'>nequitiam</span> <span class='ocrx_word' id='word_1_154' title='bbox 1576 1192 1626 1237; x_wconf 79' lang='lat' dir='ltr'>P.</span> 
     </span>
     <span class='ocr_line' id='line_1_18' title="bbox 166 1249 1626 1309; baseline -0.003 -13"><span class='ocrx_word' id='word_1_155' title='bbox 166 1252 264 1309; x_wconf 79' lang='lat' dir='ltr'>ipse</span> <span class='ocrx_word' id='word_1_156' title='bbox 285 1249 508 1308; x_wconf 82' lang='lat' dir='ltr'>abjudicat</span> <span class='ocrx_word' id='word_1_157' title='bbox 535 1249 596 1303; x_wconf 76' lang='lat' dir='ltr'>(v,</span> <span class='ocrx_word' id='word_1_158' title='bbox 619 1250 774 1305; x_wconf 88' lang='lat' dir='ltr'>supra)</span> <span class='ocrx_word' id='word_1_159' title='bbox 802 1262 941 1305; x_wconf 89' lang='lat' dir='ltr'>neque</span> <span class='ocrx_word' id='word_1_160' title='bbox 970 1263 1062 1290; x_wconf 84' lang='lat' dir='ltr'>eam</span> <span class='ocrx_word' id='word_1_161' title='bbox 1091 1249 1176 1290; x_wconf 84' lang='lat' dir='ltr'>nisi</span> <span class='ocrx_word' id='word_1_162' title='bbox 1205 1250 1247 1291; x_wconf 89' lang='lat' dir='ltr'>in</span> <span class='ocrx_word' id='word_1_163' title='bbox 1271 1249 1467 1291; x_wconf 85' lang='lat' dir='ltr'>homines</span> <span class='ocrx_word' id='word_1_164' title='bbox 1493 1250 1626 1304; x_wconf 79' lang='lat' dir='ltr'>pessi-</span> 
     </span>
     <span class='ocr_line' id='line_1_19' title="bbox 165 1305 1547 1362; baseline -0.002 -10"><span class='ocrx_word' id='word_1_165' title='bbox 165 1322 256 1352; x_wconf 83' lang='lat' dir='ltr'>mos</span> <span class='ocrx_word' id='word_1_166' title='bbox 276 1307 509 1351; x_wconf 81' lang='lat' dir='ltr'>convenire</span> <span class='ocrx_word' id='word_1_167' title='bbox 531 1306 637 1348; x_wconf 87' lang='lat' dir='ltr'>ullis</span> <span class='ocrx_word' id='word_1_168' title='bbox 658 1306 726 1348; x_wconf 79' lang='lat' dir='ltr'>vel</span> <span class='ocrx_word' id='word_1_169' title='bbox 745 1305 1017 1361; x_wconf 82' lang='lat' dir='ltr'>argumentis</span> <span class='ocrx_word' id='word_1_170' title='bbox 1038 1306 1107 1348; x_wconf 80' lang='lat' dir='ltr'>vel</span> <span class='ocrx_word' id='word_1_171' title='bbox 1129 1305 1232 1349; x_wconf 82' lang='lat' dir='ltr'>locis</span> <span class='ocrx_word' id='word_1_172' title='bbox 1254 1305 1300 1362; x_wconf 54' lang='grc' dir='ltr'>’ἢ</span> <span class='ocrx_word' id='word_1_173' title='bbox 1323 1305 1547 1349; x_wconf 84' lang='lat' dir='ltr'>ostendas.</span> 
     </span>
    </p>
   </div>
   <div class='ocr_carea' id='block_1_3' title="bbox 1475 1361 1626 1408">
    <p class='ocr_par' dir='ltr' id='par_1_3' title="bbox 1475 1361 1626 1408">
     <span class='ocr_line' id='line_1_20' title="bbox 1475 1361 1626 1408; baseline 0.007 -2"><span class='ocrx_word' id='word_1_174' title='bbox 1475 1362 1537 1408; x_wconf 85' lang='lat' dir='ltr'>V.</span> <span class='ocrx_word' id='word_1_175' title='bbox 1557 1361 1626 1407; x_wconf 86' lang='lat'>15.</span> 
     </span>
    </p>
   </div>
   <div class='ocr_carea' id='block_1_4' title="bbox 209 1480 1677 2959">
    <p class='ocr_par' dir='ltr' id='par_1_4' title="bbox 209 1480 1677 2959">
     <span class='ocr_line' id='line_1_21' title="bbox 209 1480 1627 1540; baseline 0.001 -13"><span class='ocrx_word' id='word_1_176' title='bbox 209 1494 248 1540; x_wconf 74' lang='lat'>¹⁰¹)</span> <span class='ocrx_word' id='word_1_177' title='bbox 271 1493 375 1528; x_wconf 87' lang='lat' dir='ltr'>Locis</span> <span class='ocrx_word' id='word_1_178' title='bbox 394 1506 411 1528; x_wconf 85' lang='lat' dir='ltr'>a</span> <span class='ocrx_word' id='word_1_179' title='bbox 432 1480 583 1532; x_wconf 51' lang='lat' dir='ltr'>G‘rotio,</span> <span class='ocrx_word' id='word_1_180' title='bbox 613 1493 820 1528; x_wconf 81' lang='lat' dir='ltr'>Wetstem‘o</span> <span class='ocrx_word' id='word_1_181' title='bbox 837 1491 985 1539; x_wconf 83' lang='lat' dir='ltr'>aliisque</span> <span class='ocrx_word' id='word_1_182' title='bbox 1004 1492 1136 1536; x_wconf 84' lang='lat' dir='ltr'>citatis,</span> <span class='ocrx_word' id='word_1_183' title='bbox 1167 1505 1255 1539; x_wconf 84' lang='lat' dir='ltr'>quae</span> <span class='ocrx_word' id='word_1_184' title='bbox 1276 1493 1498 1529; x_wconf 75' lang='lat' dir='ltr'>recentiores·</span> <span class='ocrx_word' id='word_1_185' title='bbox 1512 1493 1627 1528; x_wconf 87' lang='lat' dir='ltr'>inter-</span> 
     </span>
     <span class='ocr_line' id='line_1_22' title="bbox 256 1539 1677 1587; baseline 0.001 -13"><span class='ocrx_word' id='word_1_186' title='bbox 256 1547 372 1587; x_wconf 83' lang='lat' dir='ltr'>pretes</span> <span class='ocrx_word' id='word_1_187' title='bbox 392 1540 577 1573; x_wconf 74' lang='lat' dir='ltr'>ambitiose</span> <span class='ocrx_word' id='word_1_188' title='bbox 596 1540 629 1573; x_wconf 90' lang='lat' dir='ltr'>h.</span> <span class='ocrx_word' id='word_1_189' title='bbox 653 1542 676 1574; x_wconf 86' lang='lat' dir='ltr'>l.</span> <span class='ocrx_word' id='word_1_190' title='bbox 696 1541 891 1574; x_wconf 82' lang='lat' dir='ltr'>exscribere</span> <span class='ocrx_word' id='word_1_191' title='bbox 919 1540 1186 1577; x_wconf 76' lang='lat' dir='ltr'>consueverint,</span> <span class='ocrx_word' id='word_1_192' title='bbox 1220 1551 1334 1583; x_wconf 86' lang='lat' dir='ltr'>neque</span> <span class='ocrx_word' id='word_1_193' title='bbox 1355 1539 1456 1574; x_wconf 86' lang='lat' dir='ltr'>Pauli</span> <span class='ocrx_word' id='word_1_194' title='bbox 1479 1547 1626 1575; x_wconf 87' lang='lat' dir='ltr'>senten·</span> <span class='ocrx_word' id='word_1_195' title='bbox 1675 1545 1677 1547; x_wconf 60' lang='grc'><strong>“</strong></span> 
     </span>
     <span class='ocr_line' id='line_1_23' title="bbox 255 1582 1626 1631; baseline -0.001 -10"><span class='ocrx_word' id='word_1_196' title='bbox 255 1588 341 1621; x_wconf 82' lang='lat' dir='ltr'>tiam</span> <span class='ocrx_word' id='word_1_197' title='bbox 363 1586 553 1625; x_wconf 82' lang='lat' dir='ltr'>illustrari,</span> <span class='ocrx_word' id='word_1_198' title='bbox 582 1598 698 1631; x_wconf 89' lang='lat' dir='ltr'>neque</span> <span class='ocrx_word' id='word_1_199' title='bbox 717 1585 878 1618; x_wconf 81' lang='lat' dir='ltr'>homines</span> <span class='ocrx_word' id='word_1_200' title='bbox 906 1582 1031 1618; x_wconf 66' lang='lat' dir='ltr'>natur-:i</span> <span class='ocrx_word' id='word_1_201' title='bbox 1055 1585 1100 1618; x_wconf 88' lang='lat' dir='ltr'>ita</span> <span class='ocrx_word' id='word_1_202' title='bbox 1119 1585 1329 1630; x_wconf 85' lang='lat' dir='ltr'>praecipites</span> <span class='ocrx_word' id='word_1_203' title='bbox 1356 1585 1391 1618; x_wconf 90' lang='lat' dir='ltr'>in</span> <span class='ocrx_word' id='word_1_204' title='bbox 1412 1585 1509 1621; x_wconf 81' lang='lat' dir='ltr'>nefas</span> <span class='ocrx_word' id='word_1_205' title='bbox 1525 1586 1626 1629; x_wconf 83' lang='lat' dir='ltr'>ferri,</span> 
     </span>
     <span class='ocr_line' id='line_1_24' title="bbox 256 1629 1624 1675; baseline 0 -9"><span class='ocrx_word' id='word_1_206' title='bbox 256 1633 299 1667; x_wconf 82' lang='lat' dir='ltr'>iis</span> <span class='ocrx_word' id='word_1_207' title='bbox 321 1638 358 1666; x_wconf 89' lang='lat' dir='ltr'>ut</span> <span class='ocrx_word' id='word_1_208' title='bbox 376 1631 460 1665; x_wconf 82' lang='lat' dir='ltr'>nihi!</span> <span class='ocrx_word' id='word_1_209' title='bbox 482 1631 678 1665; x_wconf 81' lang='lat' dir='ltr'>deformius</span> <span class='ocrx_word' id='word_1_210' title='bbox 703 1637 762 1665; x_wconf 90' lang='lat' dir='ltr'>aut</span> <span class='ocrx_word' id='word_1_211' title='bbox 781 1631 943 1675; x_wconf 80' lang='lat' dir='ltr'>spurcius</span> <span class='ocrx_word' id='word_1_212' title='bbox 965 1629 1113 1674; x_wconf 85' lang='lat' dir='ltr'>cogitari</span> <span class='ocrx_word' id='word_1_213' title='bbox 1135 1630 1264 1674; x_wconf 78' lang='lat' dir='ltr'>possit,</span> <span class='ocrx_word' id='word_1_214' title='bbox 1294 1631 1385 1665; x_wconf 80' lang='lat' dir='ltr'>effici</span> <span class='ocrx_word' id='word_1_215' title='bbox 1406 1632 1494 1666; x_wconf 89' lang='lat' dir='ltr'>bene</span> <span class='ocrx_word' id='word_1_216' title='bbox 1515 1631 1624 1666; x_wconf 78' lang='lat' dir='ltr'>intel-</span> 
     </span>
     <span class='ocr_line' id='line_1_25' title="bbox 255 1675 1626 1721; baseline -0.001 -9"><span class='ocrx_word' id='word_1_217' title='bbox 255 1678 340 1713; x_wconf 79' lang='lat' dir='ltr'>lexit</span> <span class='ocrx_word' id='word_1_218' title='bbox 355 1678 527 1711; x_wconf 77' lang='lat' dir='ltr'>Reichius</span> <span class='ocrx_word' id='word_1_219' title='bbox 547 1677 592 1715; x_wconf 86' lang='lat'>11,</span> <span class='ocrx_word' id='word_1_220' title='bbox 606 1678 671 1711; x_wconf 76' lang='lat'><strong>54..</strong></span> <span class='ocrx_word' id='word_1_221' title='bbox 720 1676 853 1710; x_wconf 83' lang='lat' dir='ltr'>Partim</span> <span class='ocrx_word' id='word_1_222' title='bbox 875 1676 969 1709; x_wconf 78' lang='lat' dir='ltr'>enini</span> <span class='ocrx_word' id='word_1_223' title='bbox 993 1688 1064 1708; x_wconf 88' lang='lat' dir='ltr'>non</span> <span class='ocrx_word' id='word_1_224' title='bbox 1084 1675 1150 1709; x_wconf 88' lang='lat' dir='ltr'>nisi</span> <span class='ocrx_word' id='word_1_225' title='bbox 1170 1675 1260 1710; x_wconf 85' lang='lat' dir='ltr'>hanc</span> <span class='ocrx_word' id='word_1_226' title='bbox 1274 1677 1457 1721; x_wconf 80' lang='lat' dir='ltr'>vulgarem</span> <span class='ocrx_word' id='word_1_227' title='bbox 1478 1685 1626 1711; x_wconf 76' lang='lat' dir='ltr'>senten-</span> 
     </span>
     <span class='ocr_line' id='line_1_26' title="bbox 255 1723 1625 1766; baseline -0.001 -8"><span class='ocrx_word' id='word_1_228' title='bbox 255 1724 341 1758; x_wconf 83' lang='lat' dir='ltr'>tiam</span> <span class='ocrx_word' id='word_1_229' title='bbox 360 1723 566 1757; x_wconf 82' lang='lat' dir='ltr'>continent:</span> <span class='ocrx_word' id='word_1_230' title='bbox 602 1724 687 1766; x_wconf 82' lang='lat' dir='ltr'>quia</span> <span class='ocrx_word' id='word_1_231' title='bbox 704 1723 801 1756; x_wconf 83' lang='lat' dir='ltr'>ratio</span> <span class='ocrx_word' id='word_1_232' title='bbox 820 1724 871 1754; x_wconf 80' lang='lat' dir='ltr'>ad</span> <span class='ocrx_word' id='word_1_233' title='bbox 887 1723 1096 1754; x_wconf 78' lang='lat' dir='ltr'>honestatis</span> <span class='ocrx_word' id='word_1_234' title='bbox 1113 1723 1278 1754; x_wconf 85' lang='lat' dir='ltr'>studium</span> <span class='ocrx_word' id='word_1_235' title='bbox 1297 1723 1480 1766; x_wconf 80' lang='lat' dir='ltr'>impellat,</span> <span class='ocrx_word' id='word_1_236' title='bbox 1512 1735 1625 1766; x_wconf 80' lang='lat' dir='ltr'>appe-</span> 
     </span>
     <span class='ocr_line' id='line_1_27' title="bbox 257 1767 1626 1811; baseline -0.001 -8"><span class='ocrx_word' id='word_1_237' title='bbox 257 1770 350 1803; x_wconf 82' lang='lat' dir='ltr'>titus</span> <span class='ocrx_word' id='word_1_238' title='bbox 367 1775 477 1811; x_wconf 78' lang='lat' dir='ltr'>grata</span> <span class='ocrx_word' id='word_1_239' title='bbox 495 1769 666 1811; x_wconf 80' lang='lat' dir='ltr'>cupiant,</span> <span class='ocrx_word' id='word_1_240' title='bbox 691 1770 844 1809; x_wconf 75' lang='lat' dir='ltr'>ingrata</span> <span class='ocrx_word' id='word_1_241' title='bbox 849 1767 1016 1810; x_wconf 76' lang='lat' dir='ltr'>fugiant,</span> <span class='ocrx_word' id='word_1_242' title='bbox 1030 1767 1122 1810; x_wconf 84' lang='lat' dir='ltr'>fieri</span> <span class='ocrx_word' id='word_1_243' title='bbox 1137 1778 1209 1799; x_wconf 84' lang='lat' dir='ltr'>non</span> <span class='ocrx_word' id='word_1_244' title='bbox 1222 1778 1354 1811; x_wconf 82' lang='lat' dir='ltr'>posse,</span> <span class='ocrx_word' id='word_1_245' title='bbox 1379 1770 1466 1811; x_wconf 79' lang='lat' dir='ltr'>quin</span> <span class='ocrx_word' id='word_1_246' title='bbox 1483 1770 1520 1802; x_wconf 80' lang='lat' dir='ltr'>in</span> <span class='ocrx_word' id='word_1_247' title='bbox 1536 1780 1626 1803; x_wconf 81' lang='lat' dir='ltr'>con-</span> 
     </span>
     <span class='ocr_line' id='line_1_28' title="bbox 257 1812 1625 1857; baseline 0 -8"><span class='ocrx_word' id='word_1_248' title='bbox 257 1815 398 1850; x_wconf 78' lang='lat' dir='ltr'>trarias</span> <span class='ocrx_word' id='word_1_249' title='bbox 413 1819 546 1856; x_wconf 80' lang='lat' dir='ltr'>partes</span> <span class='ocrx_word' id='word_1_250' title='bbox 563 1815 822 1848; x_wconf 75' lang='lat' dir='ltr'>distrahamur</span> <span class='ocrx_word' id='word_1_251' title='bbox 839 1815 1029 1855; x_wconf 79' lang='lat' dir='ltr'>virtusque</span> <span class='ocrx_word' id='word_1_252' title='bbox 1046 1812 1236 1856; x_wconf 80' lang='lat' dir='ltr'>efficiatur,</span> <span class='ocrx_word' id='word_1_253' title='bbox 1262 1825 1373 1856; x_wconf 87' lang='lat' dir='ltr'>quum</span> <span class='ocrx_word' id='word_1_254' title='bbox 1392 1815 1493 1847; x_wconf 78' lang='lat' dir='ltr'>racio</span> <span class='ocrx_word' id='word_1_255' title='bbox 1509 1827 1625 1857; x_wconf 81' lang='lat' dir='ltr'>appe-</span> 
     </span>
     <span class='ocr_line' id='line_1_29' title="bbox 255 1858 1627 1905; baseline 0.001 -12"><span class='ocrx_word' id='word_1_256' title='bbox 255 1863 344 1896; x_wconf 74' lang='lat' dir='ltr'>titus</span> <span class='ocrx_word' id='word_1_257' title='bbox 366 1862 584 1905; x_wconf 69' lang='lat' dir='ltr'>coercuerit,</span> <span class='ocrx_word' id='word_1_258' title='bbox 617 1860 743 1905; x_wconf 83' lang='lat' dir='ltr'>partim</span> <span class='ocrx_word' id='word_1_259' title='bbox 769 1859 839 1891; x_wconf 88' lang='lat' dir='ltr'>hoc</span> <span class='ocrx_word' id='word_1_260' title='bbox 866 1858 1006 1898; x_wconf 85' lang='lat' dir='ltr'>dicunt,</span> <span class='ocrx_word' id='word_1_261' title='bbox 1039 1859 1206 1891; x_wconf 75' lang='lat' dir='ltr'>homines</span> <span class='ocrx_word' id='word_1_262' title='bbox 1233 1860 1333 1891; x_wconf 71' lang='lat' dir='ltr'>vana</span> <span class='ocrx_word' id='word_1_263' title='bbox 1356 1859 1537 1894; x_wconf 82' lang='lat' dir='ltr'>bonorum</span> <span class='ocrx_word' id='word_1_264' title='bbox 1561 1872 1627 1904; x_wconf 79' lang='lat' dir='ltr'>spe</span> 
     </span>
     <span class='ocr_line' id='line_1_30' title="bbox 257 1902 1627 1948; baseline -0.001 -7"><span class='ocrx_word' id='word_1_265' title='bbox 257 1910 426 1948; x_wconf 80' lang='lat' dir='ltr'>deceptos</span> <span class='ocrx_word' id='word_1_266' title='bbox 451 1906 648 1939; x_wconf 73' lang='lat' dir='ltr'>inhonesta</span> <span class='ocrx_word' id='word_1_267' title='bbox 671 1916 742 1946; x_wconf 85' lang='lat' dir='ltr'>pro</span> <span class='ocrx_word' id='word_1_268' title='bbox 768 1905 871 1936; x_wconf 80' lang='lat' dir='ltr'>bonis</span> <span class='ocrx_word' id='word_1_269' title='bbox 898 1904 1091 1946; x_wconf 81' lang='lat' dir='ltr'>amplecti,</span> <span class='ocrx_word' id='word_1_270' title='bbox 1128 1904 1254 1947; x_wconf 87' lang='lat' dir='ltr'>partim</span> <span class='ocrx_word' id='word_1_271' title='bbox 1280 1902 1353 1938; x_wconf 83' lang='lat' dir='ltr'>hoe</span> <span class='ocrx_word' id='word_1_272' title='bbox 1380 1905 1530 1946; x_wconf 82' lang='lat' dir='ltr'>docent,</span> <span class='ocrx_word' id='word_1_273' title='bbox 1565 1906 1627 1940; x_wconf 81' lang='lat' dir='ltr'>ubi</span> 
     </span>
     <span class='ocr_line' id='line_1_31' title="bbox 256 1951 1626 1996; baseline 0.001 -11"><span class='ocrx_word' id='word_1_274' title='bbox 256 1952 402 1993; x_wconf 82' lang='lat' dir='ltr'>amori,</span> <span class='ocrx_word' id='word_1_275' title='bbox 437 1951 653 1984; x_wconf 82' lang='lat' dir='ltr'>iracundiae</span> <span class='ocrx_word' id='word_1_276' title='bbox 679 1951 834 1992; x_wconf 82' lang='lat' dir='ltr'>aliisque</span> <span class='ocrx_word' id='word_1_277' title='bbox 859 1951 1199 1991; x_wconf 74' lang='lat' dir='ltr'>perturbationibus</span> <span class='ocrx_word' id='word_1_278' title='bbox 1233 1951 1525 1996; x_wconf 77' lang='lat' dir='ltr'>indulseris,</span> <span class='ocrx_word' id='word_1_279' title='bbox 1571 1953 1626 1986; x_wconf 82' lang='lat' dir='ltr'>ita</span> 
     </span>
     <span class='ocr_line' id='line_1_32' title="bbox 256 1996 1624 2044; baseline -0.001 -12"><span class='ocrx_word' id='word_1_280' title='bbox 256 2010 350 2044; x_wconf 85' lang='lat' dir='ltr'>quas</span> <span class='ocrx_word' id='word_1_281' title='bbox 367 1999 513 2031; x_wconf 74' lang='lat' dir='ltr'>obedire</span> <span class='ocrx_word' id='word_1_282' title='bbox 529 2007 600 2038; x_wconf 83' lang='lat' dir='ltr'>par</span> <span class='ocrx_word' id='word_1_283' title='bbox 619 1996 666 2029; x_wconf 85' lang='lat' dir='ltr'>sit</span> <span class='ocrx_word' id='word_1_284' title='bbox 683 2006 859 2040; x_wconf 79' lang='lat' dir='ltr'>regnare,</span> <span class='ocrx_word' id='word_1_285' title='bbox 891 2000 930 2027; x_wconf 80' lang='lat' dir='ltr'>ut</span> <span class='ocrx_word' id='word_1_286' title='bbox 950 1996 1227 2028; x_wconf 78' lang='lat' dir='ltr'>vehementiore</span> <span class='ocrx_word' id='word_1_287' title='bbox 1243 1997 1363 2029; x_wconf 79' lang='lat' dir='ltr'>animi</span> <span class='ocrx_word' id='word_1_288' title='bbox 1385 2002 1485 2030; x_wconf 81' lang='lat' dir='ltr'>motu</span> <span class='ocrx_word' id='word_1_289' title='bbox 1511 1998 1624 2032; x_wconf 85' lang='lat' dir='ltr'>abre-</span> 
     </span>
     <span class='ocr_line' id='line_1_33' title="bbox 251 2041 1623 2089; baseline 0 -11"><span class='ocrx_word' id='word_1_290' title='bbox 251 2052 340 2089; x_wconf 86' lang='lat' dir='ltr'>ptus</span> <span class='ocrx_word' id='word_1_291' title='bbox 362 2042 509 2086; x_wconf 79' lang='lat' dir='ltr'>flagitia</span> <span class='ocrx_word' id='word_1_292' title='bbox 532 2042 764 2081; x_wconf 82' lang='lat' dir='ltr'>committas,</span> <span class='ocrx_word' id='word_1_293' title='bbox 805 2051 961 2084; x_wconf 83' lang='lat' dir='ltr'>quorum</span> <span class='ocrx_word' id='word_1_294' title='bbox 990 2041 1254 2083; x_wconf 79' lang='lat' dir='ltr'>turpitudinem</span> <span class='ocrx_word' id='word_1_295' title='bbox 1280 2041 1433 2076; x_wconf 79' lang='lat' dir='ltr'>minime</span> <span class='ocrx_word' id='word_1_296' title='bbox 1460 2042 1623 2082; x_wconf 66' lang='lat' dir='ltr'>ignores.</span> 
     </span>
     <span class='ocr_line' id='line_1_34' title="bbox 254 2084 1624 2136; baseline 0.001 -14"><span class='ocrx_word' id='word_1_297' title='bbox 254 2091 313 2126; x_wconf 85' lang='lat' dir='ltr'>Ad</span> <span class='ocrx_word' id='word_1_298' title='bbox 332 2089 489 2136; x_wconf 86' lang='lat' dir='ltr'>primum</span> <span class='ocrx_word' id='word_1_299' title='bbox 510 2088 675 2122; x_wconf 86' lang='lat' dir='ltr'>locorum</span> <span class='ocrx_word' id='word_1_300' title='bbox 703 2098 814 2130; x_wconf 81' lang='lat' dir='ltr'>genus</span> <span class='ocrx_word' id='word_1_301' title='bbox 835 2084 927 2119; x_wconf 87' lang='lat' dir='ltr'>refer</span> <span class='ocrx_word' id='word_1_302' title='bbox 946 2086 969 2119; x_wconf 97' lang='grc' dir='ltr'>Ι.</span> <span class='ocrx_word' id='word_1_303' title='bbox 994 2086 1150 2120; x_wconf 86' lang='lat' dir='ltr'>Senecae</span> <span class='ocrx_word' id='word_1_304' title='bbox 1179 2098 1234 2130; x_wconf 83' lang='lat' dir='ltr'>ep.</span> <span class='ocrx_word' id='word_1_305' title='bbox 1255 2086 1309 2120; x_wconf 75' lang='lat'>52.</span> <span class='ocrx_word' id='word_1_306' title='bbox 1327 2085 1404 2122; x_wconf 83' lang='lat' dir='ltr'>init.</span> <span class='ocrx_word' id='word_1_307' title='bbox 1453 2086 1549 2133; x_wconf 81' lang='lat' dir='ltr'>Quid</span> <span class='ocrx_word' id='word_1_308' title='bbox 1566 2094 1624 2123; x_wconf 75' lang='lat' dir='ltr'>est</span> 
     </span>
     <span class='ocr_line' id='line_1_35' title="bbox 256 2132 1624 2178; baseline -0.001 -9"><span class='ocrx_word' id='word_1_309' title='bbox 256 2140 338 2178; x_wconf 80' lang='lat' dir='ltr'>hoc,</span> <span class='ocrx_word' id='word_1_310' title='bbox 363 2134 493 2176; x_wconf 85' lang='lat' dir='ltr'>Lucili,</span> <span class='ocrx_word' id='word_1_311' title='bbox 519 2136 616 2176; x_wconf 85' lang='lat' dir='ltr'>quod</span> <span class='ocrx_word' id='word_1_312' title='bbox 634 2144 700 2166; x_wconf 84' lang='lat' dir='ltr'>nos</span> <span class='ocrx_word' id='word_1_313' title='bbox 716 2133 792 2164; x_wconf 84' lang='lat' dir='ltr'>alio</span> <span class='ocrx_word' id='word_1_314' title='bbox 810 2134 1000 2165; x_wconf 74' lang='lat' dir='ltr'>tendentes</span> <span class='ocrx_word' id='word_1_315' title='bbox 1009 2133 1082 2165; x_wconf 78' lang='lat' dir='ltr'>alio</span> <span class='ocrx_word' id='word_1_316' title='bbox 1092 2132 1210 2165; x_wconf 79' lang='lat' dir='ltr'>trahit</span> <span class='ocrx_word' id='word_1_317' title='bbox 1226 2138 1261 2165; x_wconf 82' lang='lat' dir='ltr'>et</span> <span class='ocrx_word' id='word_1_318' title='bbox 1278 2143 1320 2164; x_wconf 83' lang='lat' dir='ltr'>eo</span> <span class='ocrx_word' id='word_1_319' title='bbox 1338 2135 1436 2166; x_wconf 85' lang='lat' dir='ltr'>unde</span> <span class='ocrx_word' id='word_1_320' title='bbox 1452 2135 1624 2168; x_wconf 81' lang='lat' dir='ltr'>recedere</span> 
     </span>
     <span class='ocr_line' id='line_1_36' title="bbox 257 2177 1624 2223; baseline -0.004 -8"><span class='ocrx_word' id='word_1_321' title='bbox 257 2184 426 2223; x_wconf 80' lang='lat' dir='ltr'>cupimus</span> <span class='ocrx_word' id='word_1_322' title='bbox 444 2179 623 2221; x_wconf 70' lang='lat' dir='ltr'>impellit?</span> <span class='ocrx_word' id='word_1_323' title='bbox 657 2177 756 2223; x_wconf 81' lang='lat' dir='ltr'>Quid</span> <span class='ocrx_word' id='word_1_324' title='bbox 772 2179 991 2210; x_wconf 81' lang='lat' dir='ltr'>colluctatur</span> <span class='ocrx_word' id='word_1_325' title='bbox 1004 2190 1085 2211; x_wconf 82' lang='lat' dir='ltr'>cum</span> <span class='ocrx_word' id='word_1_326' title='bbox 1103 2178 1228 2210; x_wconf 79' lang='lat' dir='ltr'>animo</span> <span class='ocrx_word' id='word_1_327' title='bbox 1244 2182 1370 2211; x_wconf 80' lang='lat' dir='ltr'>nostro</span> <span class='ocrx_word' id='word_1_328' title='bbox 1382 2189 1450 2211; x_wconf 83' lang='lat' dir='ltr'>nec</span> <span class='ocrx_word' id='word_1_329' title='bbox 1464 2181 1624 2220; x_wconf 83' lang='lat' dir='ltr'>permit-</span> 
     </span>
     <span class='ocr_line' id='line_1_37' title="bbox 254 2223 1623 2271; baseline -0.004 -10"><span class='ocrx_word' id='word_1_330' title='bbox 254 2230 297 2262; x_wconf 82' lang='lat' dir='ltr'>tit</span> <span class='ocrx_word' id='word_1_331' title='bbox 316 2228 420 2260; x_wconf 77' lang='lat' dir='ltr'>nobis</span> <span class='ocrx_word' id='word_1_332' title='bbox 439 2226 638 2269; x_wconf 82' lang='lat' dir='ltr'>quidquam</span> <span class='ocrx_word' id='word_1_333' title='bbox 659 2225 775 2257; x_wconf 80' lang='lat' dir='ltr'>semel</span> <span class='ocrx_word' id='word_1_334' title='bbox 790 2223 908 2256; x_wconf 78' lang='lat' dir='ltr'>velle?</span> <span class='ocrx_word' id='word_1_335' title='bbox 946 2223 1188 2256; x_wconf 83' lang='lat' dir='ltr'>Fluctuamus</span> <span class='ocrx_word' id='word_1_336' title='bbox 1209 2223 1307 2255; x_wconf 83' lang='lat' dir='ltr'>inter</span> <span class='ocrx_word' id='word_1_337' title='bbox 1326 2226 1432 2257; x_wconf 78' lang='lat' dir='ltr'>varia</span> <span class='ocrx_word' id='word_1_338' title='bbox 1456 2225 1623 2271; x_wconf 78' lang='lat' dir='ltr'>consilia,</span> 
     </span>
     <span class='ocr_line' id='line_1_38' title="bbox 252 2266 1621 2315; baseline -0.005 -9"><span class='ocrx_word' id='word_1_339' title='bbox 252 2274 348 2308; x_wconf 80' lang='lat' dir='ltr'>nihil</span> <span class='ocrx_word' id='word_1_340' title='bbox 365 2274 475 2306; x_wconf 82' lang='lat' dir='ltr'>libere</span> <span class='ocrx_word' id='word_1_341' title='bbox 494 2273 679 2312; x_wconf 86' lang='lat' dir='ltr'>volumus,</span> <span class='ocrx_word' id='word_1_342' title='bbox 704 2269 799 2301; x_wconf 79' lang='lat' dir='ltr'>nihil</span> <span class='ocrx_word' id='word_1_343' title='bbox 815 2269 1000 2313; x_wconf 84' lang='lat' dir='ltr'>absolute,</span> <span class='ocrx_word' id='word_1_344' title='bbox 1032 2269 1129 2301; x_wconf 71' lang='lat' dir='ltr'>nihil</span> <span class='ocrx_word' id='word_1_345' title='bbox 1145 2278 1297 2311; x_wconf 82' lang='lat' dir='ltr'>semper.</span> <span class='ocrx_word' id='word_1_346' title='bbox 1344 2266 1535 2315; x_wconf 77' lang='lat' dir='ltr'>Stultitia,</span> <span class='ocrx_word' id='word_1_347' title='bbox 1559 2272 1621 2305; x_wconf 78' lang='lat' dir='ltr'>in-</span> 
     </span>
     <span class='ocr_line' id='line_1_39' title="bbox 256 2312 1622 2364; baseline 0 -12"><span class='ocrx_word' id='word_1_348' title='bbox 256 2319 357 2364; x_wconf 83' lang='lat' dir='ltr'>quis,</span> <span class='ocrx_word' id='word_1_349' title='bbox 386 2323 461 2357; x_wconf 82' lang='lat' dir='ltr'>est,</span> <span class='ocrx_word' id='word_1_350' title='bbox 493 2317 553 2349; x_wconf 85' lang='lat' dir='ltr'>cui</span> <span class='ocrx_word' id='word_1_351' title='bbox 569 2316 664 2348; x_wconf 80' lang='lat' dir='ltr'>nihil</span> <span class='ocrx_word' id='word_1_352' title='bbox 681 2319 846 2358; x_wconf 81' lang='lat' dir='ltr'>constat,</span> <span class='ocrx_word' id='word_1_353' title='bbox 878 2315 972 2346; x_wconf 75' lang='lat' dir='ltr'>nihil</span> <span class='ocrx_word' id='word_1_354' title='bbox 987 2314 1049 2346; x_wconf 79' lang='lat' dir='ltr'>diu</span> <span class='ocrx_word' id='word_1_355' title='bbox 1070 2315 1205 2356; x_wconf 82' lang='lat' dir='ltr'>placet.</span> <span class='ocrx_word' id='word_1_356' title='bbox 1253 2312 1354 2348; x_wconf 83' lang='lat' dir='ltr'>Hanc</span> <span class='ocrx_word' id='word_1_357' title='bbox 1379 2314 1493 2350; x_wconf 82' lang='lat' dir='ltr'>sanari</span> <span class='ocrx_word' id='word_1_358' title='bbox 1517 2328 1622 2361; x_wconf 78' lang='lat' dir='ltr'>posse</span> 
     </span>
     <span class='ocr_line' id='line_1_40' title="bbox 257 2357 1622 2403; baseline -0.001 -5"><span class='ocrx_word' id='word_1_359' title='bbox 257 2364 413 2399; x_wconf 83' lang='lat' dir='ltr'>ostendit</span> <span class='ocrx_word' id='word_1_360' title='bbox 431 2369 507 2396; x_wconf 84' lang='lat' dir='ltr'>tum</span> <span class='ocrx_word' id='word_1_361' title='bbox 529 2360 639 2395; x_wconf 86' lang='lat' dir='ltr'>animi</span> <span class='ocrx_word' id='word_1_362' title='bbox 658 2361 810 2402; x_wconf 87' lang='lat' dir='ltr'>robore,</span> <span class='ocrx_word' id='word_1_363' title='bbox 846 2358 941 2403; x_wconf 91' lang='lat' dir='ltr'>quod</span> <span class='ocrx_word' id='word_1_364' title='bbox 963 2358 1022 2391; x_wconf 89' lang='lat' dir='ltr'>tibi</span> <span class='ocrx_word' id='word_1_365' title='bbox 1043 2357 1115 2402; x_wconf 86' lang='lat' dir='ltr'>ipse</span> <span class='ocrx_word' id='word_1_366' title='bbox 1142 2359 1370 2402; x_wconf 75' lang='lat' dir='ltr'>assumseris,</span> <span class='ocrx_word' id='word_1_367' title='bbox 1399 2367 1474 2394; x_wconf 88' lang='lat' dir='ltr'>tum</span> <span class='ocrx_word' id='word_1_368' title='bbox 1495 2373 1622 2396; x_wconf 90' lang='lat' dir='ltr'>eorum</span> 
     </span>
     <span class='ocr_line' id='line_1_41' title="bbox 256 2403 1621 2451; baseline -0.001 -9"><span class='ocrx_word' id='word_1_369' title='bbox 256 2411 417 2444; x_wconf 73' lang='lat' dir='ltr'>virorum</span> <span class='ocrx_word' id='word_1_370' title='bbox 438 2404 645 2450; x_wconf 72' lang='lat' dir='ltr'>disciplina,</span> <span class='ocrx_word' id='word_1_371' title='bbox 680 2406 739 2451; x_wconf 88' lang='lat' dir='ltr'>qui</span> <span class='ocrx_word' id='word_1_372' title='bbox 767 2417 877 2450; x_wconf 88' lang='lat' dir='ltr'>quum</span> <span class='ocrx_word' id='word_1_373' title='bbox 899 2403 1048 2438; x_wconf 82' lang='lat' dir='ltr'>dixerint</span> <span class='ocrx_word' id='word_1_374' title='bbox 1072 2403 1157 2449; x_wconf 81' lang='lat' dir='ltr'>quid</span> <span class='ocrx_word' id='word_1_375' title='bbox 1183 2403 1384 2440; x_wconf 82' lang='lat' dir='ltr'>faciendum</span> <span class='ocrx_word' id='word_1_376' title='bbox 1409 2405 1454 2439; x_wconf 86' lang='lat' dir='ltr'>sit</span> <span class='ocrx_word' id='word_1_377' title='bbox 1475 2405 1510 2439; x_wconf 82' lang='lat' dir='ltr'>id</span> <span class='ocrx_word' id='word_1_378' title='bbox 1530 2419 1621 2451; x_wconf 85' lang='lat' dir='ltr'>pro-</span> 
     </span>
     <span class='ocr_line' id='line_1_42' title="bbox 259 2447 1621 2498; baseline -0.003 -9"><span class='ocrx_word' id='word_1_379' title='bbox 259 2456 343 2489; x_wconf 82' lang='lat' dir='ltr'>bent</span> <span class='ocrx_word' id='word_1_380' title='bbox 360 2453 537 2487; x_wconf 77' lang='lat' dir='ltr'>faciendo.</span> <span class='ocrx_word' id='word_1_381' title='bbox 585 2451 706 2496; x_wconf 89' lang='lat' dir='ltr'>Eurip.</span> <span class='ocrx_word' id='word_1_382' title='bbox 725 2450 867 2495; x_wconf 83' lang='lat' dir='ltr'>Hippot.</span> <span class='ocrx_word' id='word_1_383' title='bbox 887 2448 964 2486; x_wconf 80' lang='lat'><strong>380.</strong></span> <span class='ocrx_word' id='word_1_384' title='bbox 988 2448 1030 2482; x_wconf 77' lang='grc' dir='ltr'>τὰ</span> <span class='ocrx_word' id='word_1_385' title='bbox 1052 2447 1177 2494; x_wconf 81' lang='grc' dir='ltr'><strong><em>χρήστ’</em></strong></span> <span class='ocrx_word' id='word_1_386' title='bbox 1198 2449 1453 2498; x_wconf 76' lang='grc' dir='ltr'>ἐπιστάμεσθα</span> <span class='ocrx_word' id='word_1_387' title='bbox 1476 2453 1538 2487; x_wconf 80' lang='grc' dir='ltr'>καὶ</span> <span class='ocrx_word' id='word_1_388' title='bbox 1556 2465 1621 2497; x_wconf 77' lang='grc' dir='ltr'>γι-</span> 
     </span>
     <span class='ocr_line' id='line_1_43' title="bbox 285 2493 1618 2554; baseline -0.001 -20"><span class='ocrx_word' id='word_1_389' title='bbox 285 2497 493 2543; x_wconf 79' lang='grc' dir='ltr'><em>νώσκομεν,</em></span> <span class='ocrx_word' id='word_1_390' title='bbox 520 2498 527 2543; x_wconf 83' lang='grc' dir='ltr'>Ι</span> <span class='ocrx_word' id='word_1_391' title='bbox 567 2495 633 2531; x_wconf 83' lang='grc' dir='ltr'>οὐκ</span> <span class='ocrx_word' id='word_1_392' title='bbox 660 2498 889 2538; x_wconf 73' lang='grc' dir='ltr'>ἐκπονοῦμεν</span> <span class='ocrx_word' id='word_1_393' title='bbox 917 2493 947 2528; x_wconf 65' lang='lat'>6⁶</span> <span class='ocrx_word' id='word_1_394' title='bbox 977 2495 1012 2528; x_wconf 79' lang='grc' dir='ltr'>οἱ</span> <span class='ocrx_word' id='word_1_395' title='bbox 1037 2496 1106 2541; x_wconf 76' lang='grc' dir='ltr'>μὲν</span> <span class='ocrx_word' id='word_1_396' title='bbox 1139 2494 1307 2542; x_wconf 68' lang='grc' dir='ltr'><strong><em>ἀργίας</em></strong></span> <span class='ocrx_word' id='word_1_397' title='bbox 1337 2497 1447 2542; x_wconf 76' lang='grc' dir='ltr'><strong><em>ὕπο,</em></strong></span> <span class='ocrx_word' id='word_1_398' title='bbox 1479 2498 1487 2554; x_wconf 67' lang='lat' dir='ltr'>l</span> <span class='ocrx_word' id='word_1_399' title='bbox 1527 2500 1562 2532; x_wconf 82' lang='grc' dir='ltr'>οἱ</span> <span class='ocrx_word' id='word_1_400' title='bbox 1585 2497 1618 2534; x_wconf 80' lang='grc' dir='ltr'>δ’</span> 
     </span>
     <span class='ocr_line' id='line_1_44' title="bbox 253 2538 1620 2590; baseline -0.002 -10"><span class='ocrx_word' id='word_1_401' title='bbox 253 2544 431 2589; x_wconf 80' lang='grc' dir='ltr'>ηδονὴν</span> <span class='ocrx_word' id='word_1_402' title='bbox 455 2545 714 2590; x_wconf 72' lang='grc' dir='ltr'><strong><em>προθέντες</em></strong></span> <span class='ocrx_word' id='word_1_403' title='bbox 737 2538 836 2576; x_wconf 70' lang='grc' dir='ltr'>ἀντὶ</span> <span class='ocrx_word' id='word_1_404' title='bbox 860 2541 937 2575; x_wconf 82' lang='grc' dir='ltr'>τοῦ</span> <span class='ocrx_word' id='word_1_405' title='bbox 963 2543 1109 2576; x_wconf 79' lang='grc' dir='ltr'><strong><em>καλοῦ</em></strong></span> <span class='ocrx_word' id='word_1_406' title='bbox 1129 2545 1136 2584; x_wconf 85' lang='grc' dir='ltr'>Ι</span> <span class='ocrx_word' id='word_1_407' title='bbox 1156 2542 1304 2588; x_wconf 75' lang='grc' dir='ltr'><em>ἄλλην</em></span> <span class='ocrx_word' id='word_1_408' title='bbox 1327 2543 1423 2580; x_wconf 83' lang='grc' dir='ltr'><strong><em>τιν’.</em></strong></span> <span class='ocrx_word' id='word_1_409' title='bbox 1463 2545 1620 2579; x_wconf 67' lang='lat' dir='ltr'>oenten-</span> 
     </span>
     <span class='ocr_line' id='line_1_45' title="bbox 254 2586 1618 2636; baseline -0.002 -11"><span class='ocrx_word' id='word_1_410' title='bbox 254 2595 307 2627; x_wconf 71' lang='grc' dir='ltr'>1ἱέ</span> <span class='ocrx_word' id='word_1_411' title='bbox 325 2591 492 2636; x_wconf 85' lang='lat' dir='ltr'>congruit</span> <span class='ocrx_word' id='word_1_412' title='bbox 509 2591 600 2623; x_wconf 86' lang='lat' dir='ltr'>Xen.</span> <span class='ocrx_word' id='word_1_413' title='bbox 619 2590 705 2634; x_wconf 82' lang='lat' dir='ltr'>Cyr.</span> <span class='ocrx_word' id='word_1_414' title='bbox 722 2588 756 2626; x_wconf 89' lang='lat'>6,</span> <span class='ocrx_word' id='word_1_415' title='bbox 773 2588 891 2629; x_wconf 86' lang='lat'>1‚41.,</span> <span class='ocrx_word' id='word_1_416' title='bbox 915 2586 983 2619; x_wconf 86' lang='lat' dir='ltr'>nisi</span> <span class='ocrx_word' id='word_1_417' title='bbox 1006 2588 1101 2632; x_wconf 87' lang='lat' dir='ltr'>quod</span> <span class='ocrx_word' id='word_1_418' title='bbox 1122 2589 1291 2635; x_wconf 83' lang='lat' dir='ltr'>Araspas,</span> <span class='ocrx_word' id='word_1_419' title='bbox 1315 2590 1441 2636; x_wconf 83' lang='lat' dir='ltr'>Persa,</span> <span class='ocrx_word' id='word_1_420' title='bbox 1464 2589 1524 2636; x_wconf 84' lang='lat' dir='ltr'>qui</span> <span class='ocrx_word' id='word_1_421' title='bbox 1542 2597 1618 2624; x_wconf 89' lang='lat' dir='ltr'>tum</span> 
     </span>
     <span class='ocr_line' id='line_1_46' title="bbox 256 2632 1620 2681; baseline -0.004 -7"><span class='ocrx_word' id='word_1_422' title='bbox 256 2640 393 2674; x_wconf 85' lang='lat' dir='ltr'>bonum</span> <span class='ocrx_word' id='word_1_423' title='bbox 413 2644 488 2670; x_wconf 81' lang='lat' dir='ltr'>tum</span> <span class='ocrx_word' id='word_1_424' title='bbox 512 2635 641 2669; x_wconf 80' lang='lat' dir='ltr'>maium</span> <span class='ocrx_word' id='word_1_425' title='bbox 654 2636 773 2667; x_wconf 87' lang='lat' dir='ltr'>Deum</span> <span class='ocrx_word' id='word_1_426' title='bbox 794 2632 943 2672; x_wconf 83' lang='lat' dir='ltr'>coleret,</span> <span class='ocrx_word' id='word_1_427' title='bbox 967 2634 1251 2678; x_wconf 81' lang='lat' dir='ltr'>perturbationes</span> <span class='ocrx_word' id='word_1_428' title='bbox 1267 2648 1305 2669; x_wconf 85' lang='lat' dir='ltr'>ex</span> <span class='ocrx_word' id='word_1_429' title='bbox 1324 2633 1466 2681; x_wconf 78' lang='lat' dir='ltr'>impuro</span> <span class='ocrx_word' id='word_1_430' title='bbox 1483 2635 1620 2680; x_wconf 84' lang='lat' dir='ltr'>animo,</span> 
     </span>
     <span class='ocr_line' id='line_1_47' title="bbox 258 2676 1618 2729; baseline 0 -14"><span class='ocrx_word' id='word_1_431' title='bbox 258 2682 589 2729; x_wconf 57' lang='lat' dir='ltr'>quemssimprobum</span> <span class='ocrx_word' id='word_1_432' title='bbox 609 2691 742 2713; x_wconf 89' lang='lat' dir='ltr'>numen</span> <span class='ocrx_word' id='word_1_433' title='bbox 763 2676 990 2721; x_wconf 86' lang='lat' dir='ltr'>condidisset,</span> <span class='ocrx_word' id='word_1_434' title='bbox 1011 2692 1154 2713; x_wconf 81' lang='lat' dir='ltr'>manare</span> <span class='ocrx_word' id='word_1_435' title='bbox 1170 2681 1325 2725; x_wconf 83' lang='lat' dir='ltr'>putavit:</span> <span class='ocrx_word' id='word_1_436' title='bbox 1359 2678 1436 2715; x_wconf 83' lang='grc' dir='ltr'>Δύο</span> <span class='ocrx_word' id='word_1_437' title='bbox 1452 2679 1524 2726; x_wconf 70' lang='grc' dir='ltr'>γάρ</span> <span class='ocrx_word' id='word_1_438' title='bbox 1546 2693 1618 2718; x_wconf 86' lang='grc' dir='ltr'>σα-</span> 
     </span>
     <span class='ocr_line' id='line_1_48' title="bbox 244 2719 1616 2779; baseline -0.001 -16"><span class='ocrx_word' id='word_1_439' title='bbox 244 2732 339 2779; x_wconf 47' lang='grc' dir='ltr'>φῶς</span> <span class='ocrx_word' id='word_1_440' title='bbox 356 2728 427 2774; x_wconf 80' lang='grc' dir='ltr'>ἔχω</span> <span class='ocrx_word' id='word_1_441' title='bbox 446 2725 576 2770; x_wconf 80' lang='grc' dir='ltr'><em>ψυχάς,</em></span> <span class='ocrx_word' id='word_1_442' title='bbox 602 2743 648 2751; x_wconf 90' lang='lat'>—</span> <span class='ocrx_word' id='word_1_443' title='bbox 697 2723 749 2759; x_wconf 80' lang='grc' dir='ltr'>Οὐ</span> <span class='ocrx_word' id='word_1_444' title='bbox 765 2722 836 2769; x_wconf 76' lang='grc' dir='ltr'>γὰρ</span> <span class='ocrx_word' id='word_1_445' title='bbox 854 2721 897 2766; x_wconf 74' lang='lat'>(5⁷7¹</span> <span class='ocrx_word' id='word_1_446' title='bbox 914 2726 981 2767; x_wconf 82' lang='grc' dir='ltr'>μία</span> <span class='ocrx_word' id='word_1_447' title='bbox 1002 2737 1043 2768; x_wconf 77' lang='grc' dir='ltr'>γε</span> <span class='ocrx_word' id='word_1_448' title='bbox 1060 2719 1153 2760; x_wconf 73' lang='grc' dir='ltr'><strong><em>οὖσα</em></strong></span> <span class='ocrx_word' id='word_1_449' title='bbox 1171 2726 1249 2770; x_wconf 77' lang='grc' dir='ltr'>ἅμα</span> <span class='ocrx_word' id='word_1_450' title='bbox 1263 2724 1388 2773; x_wconf 73' lang='grc' dir='ltr'><em>ἀγαθή</em></span> <span class='ocrx_word' id='word_1_451' title='bbox 1407 2728 1448 2761; x_wconf 78' lang='grc' dir='ltr'><em>τέ</em></span> <span class='ocrx_word' id='word_1_452' title='bbox 1461 2727 1537 2762; x_wconf 75' lang='grc' dir='ltr'><strong><em>ἐστι</em></strong></span> <span class='ocrx_word' id='word_1_453' title='bbox 1555 2728 1616 2762; x_wconf 67' lang='grc' dir='ltr'>καὶ</span> 
     </span>
     <span class='ocr_line' id='line_1_49' title="bbox 256 2770 1616 2818; baseline -0.001 -9"><span class='ocrx_word' id='word_1_454' title='bbox 256 2771 370 2818; x_wconf 78' lang='grc' dir='ltr'><strong><em>κακή,</em></strong></span> <span class='ocrx_word' id='word_1_455' title='bbox 407 2771 582 2817; x_wconf 69' lang='grc' dir='ltr'>οὔδ”ἅμα</span> <span class='ocrx_word' id='word_1_456' title='bbox 604 2772 725 2804; x_wconf 76' lang='grc' dir='ltr'><em>καλῶν</em></span> <span class='ocrx_word' id='word_1_457' title='bbox 743 2781 778 2804; x_wconf 82' lang='grc' dir='ltr'>τε</span> <span class='ocrx_word' id='word_1_458' title='bbox 796 2770 855 2803; x_wconf 75' lang='grc' dir='ltr'>καὶ</span> <span class='ocrx_word' id='word_1_459' title='bbox 879 2772 1040 2815; x_wconf 74' lang='grc' dir='ltr'><strong><em>αἰσχρῶν</em></strong></span> <span class='ocrx_word' id='word_1_460' title='bbox 1059 2772 1178 2816; x_wconf 75' lang='grc' dir='ltr'><strong><em>ἔργων</em></strong></span> <span class='ocrx_word' id='word_1_461' title='bbox 1197 2773 1279 2817; x_wconf 75' lang='grc' dir='ltr'><strong><em>ἐρᾷ,</em></strong></span> <span class='ocrx_word' id='word_1_462' title='bbox 1315 2775 1376 2808; x_wconf 83' lang='grc' dir='ltr'>καὶ</span> <span class='ocrx_word' id='word_1_463' title='bbox 1401 2770 1512 2808; x_wconf 70' lang='grc' dir='ltr'><strong><em>ταῦτα’</em></strong></span> <span class='ocrx_word' id='word_1_464' title='bbox 1537 2771 1616 2818; x_wconf 76' lang='grc' dir='ltr'>ἅμα</span> 
     </span>
     <span class='ocr_line' id='line_1_50' title="bbox 256 2813 1618 2864; baseline -0.001 -10"><span class='ocrx_word' id='word_1_465' title='bbox 256 2819 425 2864; x_wconf 77' lang='grc' dir='ltr'><em>βούλετάι</em></span> <span class='ocrx_word' id='word_1_466' title='bbox 448 2831 485 2854; x_wconf 80' lang='grc' dir='ltr'>τε</span> <span class='ocrx_word' id='word_1_467' title='bbox 506 2820 565 2852; x_wconf 80' lang='grc' dir='ltr'>καὶ</span> <span class='ocrx_word' id='word_1_468' title='bbox 593 2816 634 2852; x_wconf 83' lang='grc' dir='ltr'>οὐ</span> <span class='ocrx_word' id='word_1_469' title='bbox 659 2814 824 2861; x_wconf 76' lang='grc' dir='ltr'><em>βούλεται</em></span> <span class='ocrx_word' id='word_1_470' title='bbox 841 2813 1030 2859; x_wconf 79' lang='grc' dir='ltr'><strong><em>πράττειν·</em></strong></span> <span class='ocrx_word' id='word_1_471' title='bbox 1063 2817 1152 2852; x_wconf 70' lang='grc' dir='ltr'>ἀλλὰ</span> <span class='ocrx_word' id='word_1_472' title='bbox 1177 2818 1308 2863; x_wconf 79' lang='grc' dir='ltr'><strong><em>δῆλον,</em></strong></span> <span class='ocrx_word' id='word_1_473' title='bbox 1341 2815 1398 2853; x_wconf 81' lang='grc' dir='ltr'>ὅτι</span> <span class='ocrx_word' id='word_1_474' title='bbox 1416 2817 1484 2854; x_wconf 76' lang='grc' dir='ltr'>δύο</span> <span class='ocrx_word' id='word_1_475' title='bbox 1509 2819 1618 2854; x_wconf 72' lang='grc' dir='ltr'>ἰστὸν</span> 
     </span>
     <span class='ocr_line' id='line_1_51' title="bbox 257 2860 1616 2912; baseline 0.001 -14"><span class='ocrx_word' id='word_1_476' title='bbox 257 2864 379 2911; x_wconf 70' lang='grc' dir='ltr'><em>ψυχά,</em></span> <span class='ocrx_word' id='word_1_477' title='bbox 410 2868 469 2900; x_wconf 86' lang='grc' dir='ltr'>καὶ</span> <span class='ocrx_word' id='word_1_478' title='bbox 488 2862 576 2898; x_wconf 77' lang='grc' dir='ltr'>ὅταν</span> <span class='ocrx_word' id='word_1_479' title='bbox 592 2864 661 2908; x_wconf 78' lang='grc' dir='ltr'>μὲν</span> <span class='ocrx_word' id='word_1_480' title='bbox 680 2860 698 2905; x_wconf 87' lang='grc' dir='ltr'>ἡ</span> <span class='ocrx_word' id='word_1_481' title='bbox 720 2860 840 2907; x_wconf 76' lang='grc' dir='ltr'><em>ἀγαθὴ</em></span> <span class='ocrx_word' id='word_1_482' title='bbox 859 2865 970 2912; x_wconf 75' lang='grc' dir='ltr'><strong><em>κρατῇ</em></strong></span> <span class='ocrx_word' id='word_1_483' title='bbox 995 2863 1037 2897; x_wconf 77' lang='grc' dir='ltr'>τὰ</span> <span class='ocrx_word' id='word_1_484' title='bbox 1062 2862 1152 2899; x_wconf 74' lang='grc' dir='ltr'><em>καλοῖ</em></span> <span class='ocrx_word' id='word_1_485' title='bbox 1171 2861 1386 2908; x_wconf 76' lang='grc' dir='ltr'><strong><em>πράττεται,</em></strong></span> <span class='ocrx_word' id='word_1_486' title='bbox 1421 2864 1510 2900; x_wconf 79' lang='grc' dir='ltr'><em>ὅταν</em></span> <span class='ocrx_word' id='word_1_487' title='bbox 1536 2866 1575 2899; x_wconf 76' lang='grc' dir='ltr'>δὲ</span> <span class='ocrx_word' id='word_1_488' title='bbox 1594 2863 1616 2908; x_wconf 84' lang='grc' dir='ltr'>ἡ</span> 
     </span>
     <span class='ocr_line' id='line_1_52' title="bbox 255 2907 1615 2959; baseline -0.001 -12"><span class='ocrx_word' id='word_1_489' title='bbox 255 2909 420 2959; x_wconf 76' lang='grc' dir='ltr'><strong><em>πονηρά,</em></strong></span> <span class='ocrx_word' id='word_1_490' title='bbox 452 2909 496 2947; x_wconf 75' lang='grc' dir='ltr'>πὶ</span> <span class='ocrx_word' id='word_1_491' title='bbox 521 2909 653 2958; x_wconf 80' lang='grc' dir='ltr'><strong><em>αἰσχρὰ</em></strong></span> <span class='ocrx_word' id='word_1_492' title='bbox 676 2910 919 2956; x_wconf 75' lang='grc' dir='ltr'><strong><em>ἐπιχειρεῖται.</em></strong></span> <span class='ocrx_word' id='word_1_493' title='bbox 966 2912 1061 2946; x_wconf 82' lang='grc' dir='ltr'>Νῦν</span> <span class='ocrx_word' id='word_1_494' title='bbox 1093 2911 1161 2956; x_wconf 76' lang='grc' dir='ltr'>δέ,</span> <span class='ocrx_word' id='word_1_495' title='bbox 1203 2907 1259 2951; x_wconf 81' lang='grc' dir='ltr'>ὡς</span> <span class='ocrx_word' id='word_1_496' title='bbox 1284 2911 1333 2948; x_wconf 80' lang='grc' dir='ltr'>σὲ</span> <span class='ocrx_word' id='word_1_497' title='bbox 1363 2908 1615 2958; x_wconf 75' lang='grc' dir='ltr'><strong><em>σύμμαχον</em></strong></span> 
     </span>
    </p>
   </div>
  </div>
 </body>
</html>
