1715 3115
450 184 611 232 CAP.
642 185 740 231 xl.
771 184 866 230 Vs.
895 185 978 230 2⁵.
1011 209 1066 216 —-
1096 184 1194 228 27..
1475 183 1561 224 5:33

83 293 251 337 Christi
279 289 532 349 majestate,
572 291 627 334 de
654 291 821 334 Messia
849 291 1035 345 virginis
1062 290 1180 342 filio,
1219 289 1274 347 de
1299 287 1556 341 integritate

82 366 161 408 per
175 348 303 404 fidem
327 349 562 391 obtinenda
583 364 758 406 semper
778 349 938 406 partim
962 353 1011 390 ut
1030 348 1193 388 absona
1214 346 1424 398 riserunt,
1454 358 1556 401 par-

80 409 158 449 tim
182 411 230 448 ut
248 406 381 462 impia
413 413 457 446 et
484 407 740 475 blasphema
767 407 973 448 detestati
1002 410 1122 449 sunt.
1190 403 1346 445 Exime
1373 417 1397 444 e
1425 402 1556 446 Chri·

79 465 325 508 stianorum
346 463 593 517 Theologia
617 464 721 504 haec
738 462 965 516 dogmata:
996 462 1100 517 quin
1124 462 1254 502 etiam
1275 460 1477 501 omnibus
1497 459 1554 501 iis

78 520 258 578 placitis
282 519 497 572 sublatis,
527 534 637 575 (piae
665 533 743 576 per
770 517 1164 561 extraordinariam
1190 518 1275 559 Dei
1307 516 1554 558 institutio-

76 592 175 620 nem
198 577 241 618 in
264 583 460 618 nostram
482 576 681 617 notitiam
703 576 875 618 venisse
896 574 1149 625 creduntur,
1174 573 1417 616 doctrinam
1439 574 1555 615 chri-

77 635 269 677 stianam
308 633 364 675 ad
395 633 658 690 paucissima
691 632 998 674 monotheismi
1026 628 1071 673 et
1097 631 1361 688 disciplinae
1387 644 1552 672 morum

76 692 247 748 capita,
278 705 389 747 quae
409 691 594 732 humana
618 690 735 732 ratio
755 695 800 732 et
819 690 898 734 sua
921 689 1086 731 virtute
1104 696 1232 730 eruat
1252 695 1293 730 et
1312 693 1436 729 eruta
1459 687 1553 729 suis

77 753 281 790 contenta
313 747 481 789 viribus
508 747 808 804 amplexetur,
847 761 1028 797 revoca3
1067 746 1244 787 minime
1275 746 1340 788 sic
1372 745 1552 799 efficies,

79 812 126 846 ut
156 804 315 848 Judaei
360 804 484 846 Mose
526 804 702 845 deserto
744 804 967 847 Christum
1012 804 1267 855 magistrum
1309 807 1550 847 sectentur.

78 862 271 904 Maxima
294 875 394 918 pars
419 861 638 902 hominum
660 875 790 917 (μιιιῐη
812 861 917 902 alibi
939 866 1028 902 tum
1051 860 1266 902 indivinis
1280 860 1412 900 rebus
1426 861 1554 913 mira,

77 918 289 960 inusitata
311 923 356 959 et
377 917 609 959 horribilia
637 918 911 973 suspiciunt:
941 916 1175 973 adstupent
1202 918 1416 968 oraculis,
1448 932 1550 973 por-

75 972 234 1026 tentis,
273 975 517 1030 mysteriis.
585 973 653 1016 lta
685 974 782 1016 fieri
811 989 894 1016 non
926 976 1112 1030 poterit,
1148 976 1252 1030 quin
1281 974 1548 1018 ,ludaeorum

76 1032 204 1090 plebs
240 1036 328 1073 tam
368 1031 554 1083 nudam,
591 1037 679 1074 tam
717 1032 886 1088 inopem
917 1032 1149 1087 initiisque
1176 1037 1263 1073 tam
1293 1031 1548 1074 destitutam

73 1089 355 1145 disciplinam
376 1093 649 1132 contemnat:
677 1094 828 1130 contra
861 1090 936 1144 qui
966 1103 1014 1130 se
1043 1089 1197 1130 doctos
1225 1088 1548 1145 liber-aliusque

75 1146 304 1188 institutos
321 1160 421 1187 esse
444 1145 660 1202 putabunt
679 1145 837 1189 Judaei
859 1146 968 1186 nihil
988 1159 1146 1187 causae
1170 1161 1268 1187 esse
1288 1145 1448 1195 dicent,
1471 1161 1548 1188 cur

74 1218 153 1245 sua
176 1203 378 1244 instituta
400 1202 622 1246 deserant.
681 1202 795 1244 Nam
820 1202 975 1244 iisdem
997 1203 1216 1255 artificiis,
1246 1204 1407 1259 quibus
1431 1204 1546 1244 ebri-

74 1260 210 1302 stiani
229 1260 447 1311 Theologi
469 1273 753 1316 quaeeunque
776 1260 887 1316 ipsis
909 1260 950 1301 in
972 1266 1156 1301 mentem
1189 1261 1413 1301 venissent
1440 1276 1463 1301 e
1487 1260 1545 1302 N.

74 1318 135 1359 T.
155 1331 310 1358 eruere
336 1317 460 1358 soliti
487 1322 613 1362 sunt,
653 1318 904 1358 absolutum
936 1317 1299 1358 monotheismnm
1329 1323 1371 1358 et
1404 1318 1547 1373 perfe-

74 1380 188 1416 ctam
222 1388 387 1415 morum
415 1373 693 1429 disciplinam
729 1375 785 1418 V.
814 1373 874 1417 T.
905 1374 1034 1415 libris
1065 1375 1280 1415 contineri
1321 1374 1439 1416 docti
1468 1374 1547 1418 Ju-

74 1431 173 1473 daei
193 1430 575 1474 demonstrabunt.
633 1430 873 1487 Superest,
912 1437 961 1472 ut
996 1431 1122 1473 Pauli
1152 1437 1408 1481 argumenta
1442 1447 1546 1489 pon—

74 1488 296 1531 deremus.
353 1486 568 1529 Homines
591 1487 716 1528 Titio
743 1489 938 1544 impense
969 1489 1118 1529 favent
1148 1489 1250 1529 aliis
1279 1494 1442 1529 temere
1473 1504 1546 1529 ne-

75 1546 258 1599 glectiS,
297 1545 501 1601 quoniam
532 1543 839 1600 Sempronium
880 1549 1049 1602 patrem
1082 1545 1206 1587 valde
1237 1545 1487 1586 dilexerunt
1521 1546 1549 1585 2

75 1605 196 1645 Sanni.
216 1602 310 1653 !›,7.
330 1608 373 1643 et
399 1603 487 1651 10.;
526 1602 851 1643 sanctissimum
884 1616 1038 1642 numen
1065 1604 1377 1659 sempiternam
1402 1603 1542 1643 felici-

74 1665 210 1702 tatem
238 1657 594 1715 dispensaturum
624 1659 826 1700 omnibus
858 1659 1108 1700 hominibus
1136 1674 1274 1715 aeque
1304 1660 1546 1716 prospiciat

75 1730 254 1758 necesse
287 1721 374 1758 est.
438 1715 733 1769 Quamobrem
761 1715 906 1758 Deum
937 1715 1120 1759 Iudaeis
1156 1717 1362 1773 pietatem
1391 1717 1545 1758 vitam-

76 1786 160 1829 que
198 1776 421 1813 aeternam
455 1771 731 1822 decrevisse,
765 1773 964 1828 quonium
999 1773 1354 1825 ‘mtre'urclearum
1385 1774 1546 1825 posteri

73 1833 212 1871 essene
231 1831 296 1882 (v.
315 1828 387 1869 28.
406 1833 451 1868 et
467 1829 561 1879 29.)
589 1827 768 1869 difficile
798 1833 868 1870 est
896 1828 950 1870 ad
977 1829 1257 1873 credendmn.
1315 1829 1410 1871 lmo
1439 1830 1544 1871 haec

74 1886 225 1942 opinio
244 1898 294 1926 ex
308 1883 485 1941 judaica
515 1885 748 1941 disciplina
779 1885 1013 1939 profluxit,
1050 1901 1162 1940 quae
1181 1885 1324 1927 Deum
1352 1886 1542 1942 partium

74 1941 224 1985 studio
244 1940 417 1982 ductum
440 1941 761 1983 Abi-abamidis
781 1941 942 2000 injuste
963 1943 1109 1983 favere
1124 1974 1137 1994 ‚
1173 1957 1366 1998 paganos
1397 1943 1546 1999 inique

76 1999 303 2053 negligere
334 1998 461 2039 finxit
490 1998 649 2041 Matth.
678 2000 793 2050 3,9..
868 1997 1032 2055 lnopes
1066 2000 1289 2051 homines,
1338 2001 1542 2055 quoniam

76 2057 279 2098 omnibus
300 2055 452 2108 egenis
473 2056 601 2096 simul
625 2055 882 2098 satisfacere
904 2062 1146 2111 nequeunt,
1177 2063 1223 2097 ut
1253 2058 1438 2098 alterius
1471 2057 1546 2098 ad-

77 2127 230 2155 versas
252 2127 324 2155 res
352 2111 584 2153 sublevent
613 2113 799 2153 alterius
828 2112 1031 2154 miserias
1058 2114 1283 2168 negligere
1312 2120 1544 2165 coguntur.

78 2171 167 2213 Dei
193 2184 278 2210 non
306 2174 391 2210 tam
419 2175 543 2210 curta
575 2170 775 2226 supellex
804 2174 897 2221 est,
940 2174 989 2211 ut
1020 2171 1247 2211 maximam
1276 2169 1544 2214 ,Iudaeorum

75 2234 244 2285 partem
265 2225 480 2267 obdurare
499 2232 543 2266 et
560 2226 615 2268 ad
632 2226 958 2283 concipiendam
986 2226 1114 2268 iidem
1143 2227 1333 2283 ineptam
1363 2227 1547 2269 reddere

77 2283 303 2333 debuerit,
332 2296 385 2323 ne
407 2284 596 2336 gentiles
622 2282 677 2324 ad
697 2283 867 2326 Christi
895 2282 1176 2340 disciplinam
1206 2283 1448 2326 adducendi
1477 2299 1546 2326 oc-

78 2341 199 2383 casio
227 2338 434 2381 deliceret
463 2344 525 2396 (v.
551 2342 595 2382 7.
620 2340 666 2385 8.
694 2341 765 2384 ll.
793 2341 904 2397 30..)
974 2340 1094 2383 Nolo
1121 2341 1235 2382 enim
1263 2356 1314 2382 ea
1344 2348 1544 2398 repetere

112 2411 192 2439 uae
228 2410 362 2454 supra
398 2396 454 2438 ad
491 2411 531 2440 v·
562 2399 631 2440 11.
665 2397 830 2441 monui.
898 2397 1139 2440 Gentilium
1181 2398 1384 2454 pietatem
1426 2400 1544 2440 nulla

77 2413 271 2499 iudaeos
319 2454 424 2495 cura
471 2459 514 2495 et
562 2453 862 2498 sollicitudine
919 2455 1120 2496 affecisse
1179 2455 1362 2497 historia
1422 2456 1547 2496 docet

78 2516 143 2567 (v.
167 2511 242 2556 31.
265 2510 336 2554 14.
373 2512 542 2565 10‚19.)
568 2515 722 2567 estque
753 2525 827 2552 res
857 2510 1097 2569 ejusmodi,
1135 2518 1181 2552 ut
1212 2527 1288 2569 per
1314 2527 1361 2554 se
1395 2528 1547 2569 parum

79 2568 336 2609 verisimilis
361 2568 502 2609 videri
535 2569 678 2624 possit
708 2570 771 2620 (v,
802 2574 893 2610 not.
920 2567 975 2608 ad
1005 2583 1046 2610 v.
1078 2569 1181 2620 11.).
1261 2569 1335 2609 sic
1373 2577 1548 2610 senten-

81 2625 188 2667 tiam
205 2639 269 2667 vs.
281 2625 353 2668 32.
367 2631 467 2666 ante
487 2624 618 2666 dictis
638 2625 814 2666 minime
836 2625 1059 2666 fundatam
1079 2639 1176 2676 esse
1198 2633 1394 2681 apparet.
1459 2626 1548 2667 Ne-

82 2695 167 2738 que
204 2680 380 2738 Jesajae
411 2682 518 2723 locis
548 2683 700 2734 5930.
727 2683 857 2733 27‚9.
896 2687 1051 2735 argute
1084 2678 1126 2723 in
1156 2683 1344 2723 alienam
1377 2688 1551 2724 senten-

81 2740 190 2781 tiam
220 2737 407 2781 detortis
439 2741 693 2794 mysterium
732 2739 915 2779 fulcitur
943 2744 1014 2792 (v.
1045 2739 1116 2782 26.
1146 2745 1189 2780 et
1219 2741 1288 2782 27.
1310 2743 1338 2792 ).
1419 2740 1549 2781 Adde

86 2793 202 2851 quod
225 2797 426 2849 mysterii
446 2803 611 2853 partem
631 2794 794 2837 codicis
814 2796 927 2836 sacri
946 2796 1197 2837 testimonio
1220 2797 1392 2837 lii-mare
1408 2796 1459 2840 P.
1478 2811 1552 2837 ne-

89 2852 250 2908 glexit:
298 2854 449 2911 populi
473 2853 641 2913 judaici
679 2853 734 2894 ad
763 2852 934 2896 Christi
971 2866 1095 2895 sacra
1126 2854 1430 2896 transitionem
1467 2859 1554 2896 tum
