1715 3115
579 126 738 175 cAP.
771 128 834 173 X.
880 127 971 173 vs.
1005 127 1099 175 18..
1244 144 1249 163 ’
1491 131 1579 176 417

105 238 227 297 παρ’
253 232 336 288 οἷς
363 236 639 279 τοσοῦτον
667 231 717 278 οἱ
753 233 990 290 κήρυκες
1027 233 1342 289 διέτριψαν
1373 236 1589 295 χρόνον

104 301 198 342 καὶ
229 293 363 340 ὅθεν
396 288 533 349 ἦσαν
562 293 661 334 οὐκ
690 288 992 347 ἠκούσατες
1023 292 1214 340 καὶπῶς
1234 292 1286 334 ἂν
1308 291 1399 345 istm
1422 292 1577 350 λόγοη

102 353 333 409 μενοῦνγε]
367 350 435 393 Cf.
460 355 551 393 not.
575 349 628 390 ad
648 350 690 400 9,
702 350 791 392 20..
849 348 1030 390 Reintat
1056 350 1146 405 Ap.
1179 349 1337 392 saetam
1364 350 1578 408 objectio-

104 426 200 453 nem
222 409 368 451 verbis
395 406 469 450 Pe.
495 408 561 459 19,
574 407 616 448 5.
641 405 806 449 LXX..
867 404 953 446 His
975 405 1142 462 psaltes
1169 419 1321 448 sonum
1351 410 1575 453 coelorum

103 467 314 509 musicum
339 478 576 519 eorumque
600 463 686 504 Dei
717 462 990 519 majestatem
1020 462 1334 505 celebrantium
1364 467 1496 508 verba
1530 467 1576 510 in

102 524 283 566 ultimas
304 529 522 565 terrarum
550 534 651 561 oras
681 524 936 577 penetrasse
969 519 1009 562 h.
1039 533 1077 563 e.
1107 521 1308 562 omnihus
1337 521 1446 563 locis
1478 538 1574 566 coe-

101 582 244 623 lorum
268 585 500 632 angustum
521 592 619 619 esse
639 576 785 618 mundi
809 575 1005 632 opificem
1031 575 1258 634 majestate
1278 578 1355 620 suti
1377 578 1574 623 indican-

101 637 211 679 tium
254 637 337 677 vim
381 634 571 686 intelligi
612 633 873 676 enuntiavit.
941 631 1028 674 Sed
1063 631 1113 676 P.
1147 647 1382 690 pronomen
1415 635 1574 687 αὐτῶν,

103 693 220 752 quod
240 693 282 734 in
305 693 475 750 psalmo
498 691 551 732 ad
573 688 677 739 τοῖς
697 686 910 744 ου”ρανοιίς
932 703 970 731 v.
995 690 1038 733 2.
1062 692 1275 747 pertinet,
1308 691 1421 733 haud
1443 693 1574 737 dubio

103 750 158 792 ad
181 750 385 792 doctores
408 748 672 789 christianos
697 746 891 797 rettulit,
925 744 1068 786 αὐτῶν
1097 747 1126 789 i.
1157 761 1195 790 e.
1231 747 1318 788 τῶν
1345 747 1575 805 εὐαγγελι-

106 806 296 860 ζομένων
317 821 355 848 v.
382 808 464 848 15..
529 804 625 845 Non
649 808 753 861 puto
782 809 927 844 antem
951 800 1135 844 Paulum
1164 802 1329 846 Psalmi
1364 808 1493 848 verba
1529 808 1576 850 in

103 878 193 906 rem
217 877 339 904 snam
363 862 656 911 convertisse,
688 874 817 916 quum
843 874 920 900 sna
952 860 1143 914 cogitata
1177 861 1318 902 sacris
1349 864 1574 906 vocabulis

104 920 261 962 efferre
302 918 554 968 maluisset,
602 931 729 973 quain
771 915 866 957 suis
905 916 1027 970 (Chr.
1063 917 1134 960 Fr.
1164 917 1375 972 Schmid„
1414 920 1575 976 Kopp„

107 977 263 1028 Flam,
295 974 472 1028 Morus,
506 974 687 1025 Rueck„
718 972 868 1016 Reich.
890 973 995 1028 al.)‚
1026 974 1103 1015 sed
1125 975 1284 1030 psalmi
1314 990 1460 1018 vocem
1494 992 1575 1034 pro

104 1034 303 1085 oraculo,
331 1046 415 1088 quo
436 1031 678 1073 doctrinam
702 1030 891 1071 divinam
914 1031 1043 1083 longe
1074 1031 1251 1088 lateque
1281 1033 1397 1075 inter
1425 1035 1575 1088 genti-

103 1091 170 1132 les
202 1097 488 1147 propagatum
522 1087 577 1129 iri
602 1086 796 1129 Dan-ides
829 1087 1049 1129 onninatus
1079 1095 1198 1130 esset
1227 1089 1280 1128 ab
1312 1104 1363 1131 eo
1393 1091 1573 1134 allatam

103 1162 202 1188 esse
224 1147 446 1189 existimo.
504 1143 676 1201 Nempe
700 1143 751 1184 de
772 1144 909 1184 coelis
932 1144 1087 1201 quovis
1108 1145 1201 1186 loco
1224 1144 1365 1187 Deum
1390 1147 1575 1190 laudan-

102 1204 223 1246 tibus
252 1202 469 1244 Davidem
510 1203 737 1258 loquutum
770 1215 868 1242 esse
902 1199 947 1243 P.
983 1216 1124 1257 neque
1149 1203 1392 1256 ignoravit.
1434 1219 1575 1262 neque

103 1261 305 1312 negavit,
337 1258 413 1300 sed
438 1259 559 1300 illum
587 1258 719 1299 simul
746 1257 988 1299 doctrinam
1021 1257 1210 1300 divinam
1239 1257 1340 1302 καθ’
1364 1255 1577 1303 ὗπόνοιαν

103 1316 437 1371 adsignilicasse
468 1330 490 1356 a
534 1314 761 1370 magistris
798 1314 954 1358 christ.
984 1315 1099 1357 inter
1128 1316 1319 1370 gentiles
1351 1318 1478 1372 longe
1509 1319 1576 1360 la-

102 1381 234 1432 teque
255 1371 562 1427 divulgandam
584 1371 768 1414 censnit.
814 1370 935 1412 Haec
955 1373 1172 1413 sententia
1199 1374 1361 1429 optime
1385 1375 1427 1416 in
1446 1374 1574 1419 Pauli

103 1431 326 1487 ingenium
350 1430 575 1481 convenit,
608 1428 681 1484 qni
713 1428 791 1469 hoc
822 1428 919 1485 ipso
949 1429 1093 1484 rapite
1123 1429 1236 1471 haud
1270 1445 1404 1486 pauca
1432 1431 1490 1476 V.
1514 1432 1573 1478 Τ.

103 1488 199 1530 loca
224 1488 283 1530 ita
306 1486 522 1537 citaverit,
542 1492 588 1527 ut
610 1485 664 1527 iis
687 1485 861 1526 oracula
875 1484 1068 1527 Messiae
1090 1489 1362 1544 temporibus
1379 1488 1432 1529 ad
1445 1503 1575 1532 even-

104 1551 195 1587 tum
218 1542 468 1585 adducenda
499 1543 642 1583 inesse
672 1542 949 1583 existimaret
979 1542 1053 1595 (cf.
1083 1556 1124 1586 V.
1153 1545 1195 1587 6.
1223 1545 1266 1587 7.
1298 1546 1368 1588 11.
1401 1545 1469 1590 13.
1504 1548 1573 1591 16,

106 1601 360 1654 19.-21.).
392 1598 709 1656 Nequealiter,
734 1596 933 1649 Paulum,
955 1604 1002 1640 ut
1020 1598 1207 1653 videtur,
1227 1606 1574 1657 sequutus(nam

103 1659 255 1717 paullo
311 1665 379 1699 ost
401 1656 553 1698 citavit
576 1655 668 1699 JeS.
689 1656 861 1708 53‚1.),
889 1656 1047 1712 psalmi
1070 1656 1211 1698 locum
1233 1658 1350 1714 cepit
1368 1657 1574 1702 Justinus

107 1715 170 1759 Μ.
189 1673 311 1758 Diai).
332 1728 369 1758 c.
390 1712 566 1769 Tryph.
586 1711 689 1756 Jud.
709 1726 747 1755 o.
768 1712 841 1754 42.
869 1710 1000 1754 Ἀλλά
1033 1714 1107 1754 καὶ
1134 1729 1185 1755 τι,
1217 1715 1386 1756 δώδεκα
1415 1715 1574 1757 κώδω-

107 1785 184 1820 νας
220 1769 419 1824 ἐξῆφθαι
460 1770 540 1810 τοῦ
578 1766 806 1822 ποδήρους
833 1769 913 1809 τοῦ
942 1766 1180 1824 ἀρχιερέως
1210 1769 1572 1823 παραδεδόσθαί,

106 1826 192 1868 τῶν
213 1824 384 1867 δώδεκα
406 1824 670 1866 ἀποστόλων
699 1825 785 1865 τῶν
814 1822 1100 1880 ἐξαφθέντων
1122 1823 1212 1867 ἀπὸ
1240 1828 1319 1882 τῆς
1347 1825 1575 1881 δυνάμεως

105 1884 186 1924 τοῦ
206 1878 389 1924 αἰωνίου
409 1878 562 1935 ἱερέως
579 1881 804 1933 Χριστοῦ,
836 1879 900 1922 δι’
931 1875 1000 1922 ὧν
1028 1882 1122 1935 τῆς
1152 1884 1336 1938 φωνῆς
1362 1881 1389 1939 ἦ
1423 1885 1575 1927 πᾶσα

108 1939 171 1996 γῆ
200 1938 293 1995 τῆς
325 1935 490 1990 δόξης
521 1937 609 1977 καὶ
637 1933 871 1988 χάριτος
900 1935 999 1978 τοῦ
1025 1939 1167 1979 θεοῦ
1192 1943 1286 1981 καὶ
1310 1941 1408 1981 τοῦ
1429 1941 1573 1996 Χρι-

108 1997 242 2036 στοῦ
275 1991 447 2036 αὐτοῦ
478 1988 806 2047 ἐπληρώθη,
839 1992 1062 2044 σύμβολον
1093 1987 1156 2049 ἦν.
1214 1995 1303 2038 Διὸ
1334 1990 1573 2038 καίὃΔα..

106 2052 182 2106 ,eid
203 2048 340 2106 λέγει·
383 2048 464 2100 εἰς
488 2048 673 2089 πᾶσαν
711 2048 805 2102 τῆν
844 2049 940 2103 γῆν
977 2046 1217 2104 ἐξῆλθεν
1255 2049 1277 2093 ὅ
1315 2050 1574 2109 φθόγγος

108 2105 254 2150 αὗτῶ
271 2123 291 2148 ν
322 2106 427 2148 κτλ..
489 2103 662 2146 Deinde
683 2107 818 2146 multo
841 2105 999 2146 sortior
1021 2105 1148 2148 Pauli
1168 2108 1379 2152 refutatio
1400 2117 1492 2163 est,
1532 2112 1574 2154 si

109 2165 174 2207 sio
196 2164 413 2221 disputet:
447 2163 576 2203 immo
597 2175 724 2212 vero,
762 2162 807 2203 id
834 2162 942 2217 quod
969 2163 1071 2219 fata
1095 2166 1392 2222 postularunt,
1431 2174 1571 2210 totum

109 2227 327 2263 terrarum
348 2220 494 2260 orbem
519 2218 742 2259 doctorum
773 2218 926 2261 christ.
960 2233 1039 2261 vox
1071 2223 1266 2276 pervasit
1295 2227 1402 2276 etc„
1443 2239 1571 2280 quam

112 2278 151 2320 si
174 2279 232 2319 ita
257 2279 472 2319 disserat:
503 2277 587 2317 imo
606 2289 731 2327 vero,
760 2279 804 2316 nt
826 2275 1008 2317 Davidis
1031 2276 1167 2318 verbis
1185 2283 1305 2332 utar,
1337 2286 1457 2322 totus
1483 2287 1573 2322 ter-

111 2349 257 2376 rarum
281 2334 400 2376 orbis
424 2332 731 2384 magistrorum
749 2331 904 2375 christ.
925 2346 1026 2374 voce
1055 2335 1284 2389 personuit
1311 2343 1395 2380 etc.
1455 2336 1573 2380 Tum

111 2396 288 2433 nostrae
315 2388 597 2448 explicationi
628 2387 802 2430 minime
829 2388 988 2436 officit,
1028 2390 1141 2446 quod
1167 2389 1216 2434 P.
1246 2407 1415 2435 sacram
1445 2395 1498 2435 ab
1526 2408 1575 2436 se

83 2454 86 2457 '
110 2461 255 2490 vocem
275 2447 403 2488 citari
425 2445 648 2500 expressis
666 2444 812 2487 verbis
829 2459 912 2487 non
933 2444 1043 2488 dixit
1072 2450 1132 2499 (v.
1162 2453 1252 2491 not.
1281 2449 1338 2492 ad
1365 2464 1405 2494 v.
1435 2450 1504 2495 13.
1531 2456 1576 2494 et

111 2504 361 2547 Surenhmii
378 2503 533 2556 βίβλον
553 2501 830 2556 καταλλαγῆς
851 2517 893 2559 p.
913 2503 985 2546 21.
1008 2509 1050 2544 et
1069 2504 1178 2557 22.).
1239 2505 1444 2564 Denique
1468 2508 1507 2549 h.
1542 2509 1575 2553 l.

111 2562 335 2602 oraculum
356 2575 438 2602 non
461 2556 727 2600 afferendum
750 2558 911 2612 fuisse,
954 2559 1054 2615 qnia
1085 2559 1138 2601 de
1171 2575 1217 2603 re
1243 2562 1371 2619 saeta
1401 2570 1576 2618 agatur,

114 2618 221 2658 mire
243 2616 466 2658 contendit
489 2614 707 2657 Reichius.
766 2613 908 2670 Quem
933 2630 969 2659 v,
995 2618 1063 2660 16.
1091 2623 1135 2658 et
1167 2632 1238 2660 res
1267 2620 1363 2676 ipsa
1391 2621 1576 2665 refellit.

113 2672 280 2730 Quidni
302 2674 414 2715 enim
437 2687 587 2714 vanam
612 2684 711 2713 esse
733 2671 1018 2714 ob'ectionem
1040 2687 1091 2715 eo
1111 2680 1228 2716 reete
1249 2675 1440 2730 doceam,
1461 2677 1576 2734 quod

113 2736 238 2772 vetus
251 2732 474 2772 oraculum
502 2734 701 2771 eventum
724 2686 954 2771 leaduerit?
1014 2724 1036 2772 ὃ
1067 2729 1165 2784 qnod
1208 2747 1268 2783 ιος
1293 2732 1459 2788 αὐτῶν]
1490 2733 1577 2776 Ex..

113 2787 240 2846 plosa
263 2800 373 2828 nunc
394 2801 543 2829 eorum
565 2784 712 2844 opinio
733 2789 823 2839 est,
848 2785 925 2842 qui
945 2792 1019 2829 aut
1039 2785 1125 2830 LX

1178 2764 1207 2839 ,ζ
1230 2803 1360 2846 quum
1381 2786 1404 2833 ὁ
1427 2786 1582 2847 φθόγ-

161 2853 349 2888 Fritzsche
368 2853 436 2899 Ep.
457 2854 499 2888 ad
519 2852 625 2886 Rom.
655 2850 694 2887 Ρ.
716 2851 759 2885 ll·
1174 2844 1256 2887 Dd
