1715 3115
488 211 578 255 CA
596 211 645 256 Ρ.
676 211 774 257 lx.
815 212 907 256 Vs.
934 212 978 257 3.
1008 236 1063 245 --
1091 212 1153 258 5..
1478 210 1564 253 255

78 323 180 365 eilia
223 319 362 372 magis
414 317 546 359 ctiam
595 317 787 360 absurda
826 318 899 361 vix
948 323 1017 362 est
1057 318 1174 376 quod
1215 329 1566 360 commemorem.

88 376 255 433 ll'olfius
285 377 348 418 sic
380 376 722 432 iuterpretatur:
768 381 993 432 optarem,
1032 391 1055 417 n
1095 408 1106 420 .
1137 377 1176 417 si
1203 376 1276 432 fas
1305 379 1412 417 esset
1433 377 1501 429 (at
1519 387 1562 418 v.

80 450 213 493 supra
240 434 352 475 dicta
376 433 431 476 cl.
455 434 586 483 v.0.).
644 431 798 474 Morus
818 430 1024 486 ἀνάθεμα
1045 392 1156 474 syrac
1175 429 1258 473 ἀπὸ
1281 446 1320 474 τ.
1343 432 1429 485 Χρ.
1451 430 1566 472 nihil

79 494 168 535 nisi
212 494 370 544 ηηιψιύ
410 489 661 531 calamitate
698 504 726 530 (ι
767 489 986 532 Christo
1018 488 1100 545 (ἲ)
1129 489 1331 546 affectum
1359 501 1450 529 csse
1488 486 1566 528 de-

80 552 256 603 signare
277 546 428 601 lingit,
459 546 561 601 quia
585 559 785 599 magnum
810 545 926 588 haud
949 546 1083 588 dubie
1108 546 1267 587 malum
1293 543 1381 586 sibi
1401 544 1567 601 impre-

80 612 203 649 cetur
234 604 308 661 qui
337 618 384 644 se
414 600 622 655 ἀνάθεμα
648 617 746 644 esse
774 607 913 660 optet.
972 602 1159 646 Photius
1178 600 1294 658 apud
1316 601 1425 645 Oec.
1446 601 1565 644 Pau-

80 665 169 706 lum
199 662 278 704 hoc
305 660 451 702 dicere
480 674 527 700 se
554 666 804 716 optaturum
839 674 962 712 esse,
1004 665 1052 702 ut
1085 661 1269 702 nondum
1298 664 1417 700 esset
1438 659 1566 700 homo

80 720 261 771 christ„
291 716 369 760 sed
391 717 626 758 etiamnum
650 716 872 769 Judaeus‚
911 717 949 759 si
972 717 1051 758 hoc
1075 722 1174 759 voto
1196 716 1433 788 populares
1461 729 1567 757 suos

82 778 215 820 beare
260 779 436 832 posset,
487 780 758 816 commentus
795 778 886 817 est:
934 771 1140 827 ἀνάθεμα
1177 788 1312 822 ειναι,
1363 770 1568 814 τουτέστι

83 842 402 900 κεχιιιρισμένος
434 833 497 878 ἔτι
532 834 642 882 εἶναι
673 842 747 882 καὶ
776 831 924 894 μήπω
960 843 1024 899 τῷ
1063 843 1250 899 Χριστῷ
1286 841 1569 895 noega-9522.

82 902 227 945 Nemo
256 900 369 941 enim
404 898 586 940 hominis
615 898 671 940 ad
699 897 856 940 Christi
882 899 1154 955 disciplinam
1183 899 1366 941 nondum
1394 896 1570 939 adducti

84 959 304 1001 notionem
341 969 443 998 voce
480 950 686 1006 (ἶνάῧε-,ιια
727 955 990 1000 enuntiavit.
1057 955 1236 999 Grotius
1262 955 1339 996 τὸν
1369 949 1570 1009 Χριστόν

83 1017 128 1060 h.
161 1016 192 1059 l.
226 1013 383 1057 christe·
410 1011 631 1054 ecclesiam
658 1013 704 1067 (1
729 1011 831 1057 Cor.
859 1013 1010 1065 12,12.
1043 1012 1147 1056 Gal.
1165 1012 1312 1066 3,27.)
1340 1010 1568 1052 declarare

84 1071 310 1131 perhibuit
343 1070 477 1113 h.'s.:
521 1068 680 1119 „velim
716 1069 914 1123 (vellem)
940 1084 1025 1111 non
1064 1068 1191 1112 modo
1219 1082 1371 1110 carere
1404 1068 1570 1110 honore

86 1129 388 1188 apostolatus,
425 1139 574 1167 verum
605 1125 735 1166 etiam
768 1126 1142 1168 contemtissimus
1175 1140 1274 1168 esse
1304 1125 1420 1167 inter
1440 1124 1572 1168 Chri-

86 1188 283 1237 stianos,
328 1183 483 1239 quales
510 1187 611 1224 sunt
642 1182 717 1238 qui
748 1183 1111 1226 excommunicati
1134 1183 1282 1226 sunt.”
1336 1184 1404 1225 At
1427 1195 1571 1238 neque

86 1240 292 1295 ἀνάθεμα
314 1240 530 1282 hominem
560 1252 583 1280 e
610 1244 733 1281 coetu
763 1254 889 1282 sacro
908 1240 1093 1298 ejectum
1121 1245 1275 1282 notare
1292 1239 1406 1281 effici
1425 1242 1573 1297 potest

86 1303 152 1357 (v,
173 1313 223 1342 su
262 1299 330 1352 ra)
353 1301 397 1338 et
416 1296 528 1338 male
551 1296 673 1340 Grot.
691 1295 766 1336 τὸν
790 1294 991 1352 Χριστόν
1009 1297 1233 1340 ecclesiam
1252 1295 1401 1342 christ.
1421 1297 1571 1339 valere

88 1313 264 1400 sumsil).
323 1352 440 1396 Nam
462 1354 486 1394 l
508 1351 611 1396 Cor.
635 1354 703 1404 12,
721 1354 789 1398 12.
821 1349 844 1396 ὁ
864 1351 1086 1407 Χριστός,
1125 1368 1286 1411 corpus
1314 1358 1406 1406 est,
1453 1351 1573 1410 quod

88 1414 298 1458 Christus
344 1425 439 1453 cum
479 1408 712 1466 discipulis
750 1410 844 1452 suis
881 1411 1041 1465 efficit,
1082 1411 1142 1453 ita
1172 1419 1221 1453 ut
1265 1411 1341 1452 ille
1372 1410 1574 1468 corporis

87 1476 219 1527 caput
239 1470 322 1520 sit,
364 1468 628 1522 bicorporis
650 1468 838 1508 membra
859 1467 972 1525 Eph.
993 1469 1034 1520 5,
1045 1468 1116 1512 32.
1137 1467 1233 1512 Col.
1254 1468 1379 1520 2,19.
1401 1473 1445 1509 et
1468 1468 1572 1511 Gal.

86 1529 213 1582 3‚27.
241 1526 466 1570 Christum
497 1523 679 1566 induere
710 1524 748 1565 is
775 1525 964 1578 dicitur,
1011 1526 1087 1582 qui
1114 1525 1310 1576 Christi,
1350 1524 1436 1579 filii
1472 1524 1575 1576 Dei,

86 1585 268 1628 indolem
287 1580 549 1624 assumserit
569 1583 630 1637 (v.
651 1595 716 1623 vs.
738 1583 808 1625 26.
828 1582 884 1625 cl.
907 1583 949 1630 4,
962 1582 1044 1635 4.).
1105 1582 1239 1627 Adde
1259 1582 1426 1634 eodem,
1457 1579 1574 1638 quod

87 1643 217 1685 homo
237 1655 260 1683 e
285 1645 412 1682 coetu
432 1637 589 1681 christ.
610 1637 775 1695 ejectus
800 1653 852 1682 ue
870 1638 1153 1682 Christianus
1174 1638 1350 1696 quidem
1372 1644 1456 1691 est,
1486 1652 1574 1680 non

90 1697 218 1741 modo
249 1694 624 1740 contemtissimus
654 1694 953 1739 Christianus.
1019 1695 1108 1739 Sed
1137 1697 1289 1754 plures
1321 1694 1576 1755 hujusmodi

90 1769 232 1810 nugas
251 1753 469 1823 'persequi
502 1752 621 1795 nolo.
680 1751 900 1794 indicavit
929 1751 981 1797 P.
1013 1768 1089 1806 eo,
1118 1753 1233 1810 quod
1257 1752 1451 1797 Iudaeos
1472 1752 1577 1802 τούς

90 1811 315 1867 ἇὸελφους
334 1805 476 1852 αὑτοῦ
495 1808 762 1866 appellavit,
802 1810 868 1852 vel
900 1815 1083 1854 natm-cce
1114 1811 1320 1853 instinctu
1342 1809 1578 1852 officiosis-

91 1869 250 1911 simum
280 1881 328 1908 se
357 1867 401 1907 in
429 1864 622 1909 ,Iudaeos
651 1866 846 1908 futurum
876 1881 1001 1919 esse,
1032 1867 1072 1908 si
1092 1867 1151 1909 iis
1175 1866 1386 1924 prodesse
1404 1870 1576 1924 posset.

91 1924 208 1969 Nam
251 1937 356 1966 suae
404 1922 592 1978 quisque
628 1921 783 1979 stirpis
817 1923 1015 1965 homines
1065 1924 1221 1966 natura
1259 1923 1370 1965 duce
1408 1922 1578 1978 diligit.

90 1981 215 2026 Idem
247 1979 461 2038 proximis
492 1992 609 2021 voce.
628 1979 714 2019 τῶν
732 1984 947 2033 συγγενῶν
964 1994 1051 2032 μου
1080 1978 1192 2021 κατὰ
1216 1980 1359 2034 σάρκα
1381 1980 1474 2037 Ap.
1497 1993 1578 2022 ex-

127 2038 269 2081 rimit:
315 2037 386 2104 (pai
427 2035 532 2076 mihi
571 2035 800 2090 propinqui
834 2036 921 2077 sint
978 2049 1201 2090 corpore
1237 2041 1313 2078 aut
1352 2037 1578 2091 sanquine.

90 2055 208 2141 Ram
233 2108 344 2135 uam
363 2093 538 2144 πνεῦμα
557 2105 593 2132 s.
613 2087 660 2132 ἐν
694 2089 881 2147 Χριστῷ
906 2092 1130 2148 Apostolo
1149 2092 1351 2148 cognatio
1374 2093 1458 2135 suit
1478 2107 1576 2135 cum

92 2151 329 2197 hominibus
356 2149 507 2191 christ.
541 2146 729 2190 Philem.
760 2161 799 2191 v.
824 2149 891 2191 16.
925 2148 1026 2192 Gal.
1044 2150 1085 2200 6,
1107 2150 1196 2193 16..
1264 2149 1353 2191 Sed
1371 2165 1457 2202 μου
1475 2152 1580 2205 post

94 2205 307 2265 συγγενῶν
329 2204 443 2262 quod
465 2204 590 2246 abest
611 2205 666 2245 ab
688 2203 777 2247 D*-
799 2204 854 2248 G.
873 2203 955 2248 Mt.
976 2205 1032 2257 f„
1065 2205 1211 2259 clar„
1242 2205 1428 2258 Boern„
1455 2206 1581 2263 Cyn,

92 2267 283 2311 Hieron.
306 2262 466 2314 semel,
495 2263 621 2315 Aug.
641 2260 802 2304 Ambr.
823 2261 1125 2306 Ambrosiast.
1155 2269 1199 2305 et
1222 2262 1439 2316 paciano,
1470 2263 1582 2306 mihi

93 2322 222 2367 valde
260 2323 511 2376 suspectum
554 2322 648 2371 est,
694 2322 743 2359 ut
773 2317 889 2374 quod
922 2324 998 2361 aut
1026 2319 1204 2362 librarii
1239 2335 1263 2363 e
1292 2320 1506 2378 proximis
1535 2334 1581 2367 v.

93 2386 209 2444 ὑπὲρ
227 2387 314 2429 τῶν
333 2383 538 2441 ἀδελφῶν
565 2396 664 2438 μου
693 2391 858 2429 temere
884 2386 1175 2445 repetierint,
1204 2393 1280 2430 aut
1309 2389 1581 2447 interpretes

93 2446 310 2490 invitante
339 2456 389 2484 re
423 2440 691 2487 addiderint.
758 2444 914 2499 Auget
942 2444 1238 2502 suspicionem
1266 2446 1407 2488 altera
1442 2446 1580 2489 lectio

20 2558 25 2562 ,
90 2509 212 2566 ὑπὲρ
231 2510 318 2552 τῶν
335 2506 541 2565 ἀδελφῶν
561 2524 672 2562 μου,
701 2511 786 2551 τῶν
803 2512 1018 2566 συγγενῶν
1047 2509 1150 2551 τῶν
1180 2509 1293 2555 κατά
1318 2513 1463 2570 σάρκα
1491 2514 1579 2570 (D.

96 2569 152 2613 E.
173 2567 226 2613 F.
248 2566 304 2612 G.
324 2565 428 2619 aL),
468 2579 581 2621 quae
611 2580 750 2623 neque
779 2572 926 2625 aptam
956 2569 1216 2612 sententiam
1238 2570 1384 2613 fundit
1403 2571 1467 2628 (in
1487 2573 1580 2614 sra-

96 2631 214 2669 trum
254 2636 447 2666 meorum
485 2623 781 2674 commodum,
831 2626 908 2680 qui
939 2627 1177 2690 propinqui
1213 2627 1304 2672 sint
1331 2632 1373 2671 et
1438 2629 1578 2671 uidem

96 2681 304 2736 sanquine
317 2678 567 2776 ρνορὶηὲιιὶ,
597 2687 803 2737 tanquam
823 2687 1152 2736 cognationem,
1182 2698 1292 2741 quae
1320 2642 1457 2726 Paulo
1480 2700 1578 2728 cum

96 2737 282 2784 Iudaeis
300 2737 466 2778 interce
500 2742 616 2789 eret,
649 2751 701 2778 ne
724 2738 835 2779 male
858 2739 1209 2794 intelligeretur,
1246 2742 1579 2785 accuratissime

96 2792 309 2839 constitui
344 2792 553 2844 referret)
593 2798 638 2834 et
669 2808 813 2836 vocem
841 2801 1144 2852 repraesentat
1177 2799 1281 2839 τῶν
1318 2814 1341 2842 e
1380 2799 1577 2855 proxima

98 2855 277 2914 syllaba
304 2855 536 2911 συγγενῶν
556 2863 721 2909 natam.
750 2860 910 2919 ltaque
928 2876 1016 2917 μου
1034 2865 1308 2922 expunxi.—-
1349 2863 1465 2913 ΨΑ.
1487 2866 1577 2912 Sed
