1715 3115
413 207 574 255 GAP.
607 206 772 254 VIII.
829 207 921 253 Vs.
952 208 1031 253 29.
1061 211 1105 249 et
1132 206 1234 251 30..
1459 205 1544 249 205

79 328 162 373 que
173 313 249 370 qui
269 314 313 355 in
334 312 501 356 Christi
522 313 664 354 locum
684 316 990 353 successerunt
1009 309 1260 364 magistros,
1290 307 1399 358 sive,
1428 305 1546 361 quod

77 372 226 414 codem
256 370 394 422 redit,
423 384 500 423 per
527 370 766 411 doctrinam
793 368 967 418 christ..
1003 381 1130 423 quam
1145 366 1321 407 trudunt
1343 366 1370 404 2
1391 362 1480 406 Th.
1502 363 1546 414 2,

77 429 166 472 14..
227 427 339 469 Nam
372 441 503 482 quum
532 426 563 467 ii
586 425 884 467 tantummodo
907 425 1113 476 beentur,
1148 423 1223 478 qui
1245 420 1436 476 acceptis
1458 419 1546 460 Dei

74 483 398 527 conditionibus
430 483 554 525 iidem
584 482 763 526 Christo
793 482 1025 522 habuerint
1053 486 1096 522 et
1135 480 1205 535 pie
1241 478 1451 528 vixerint,
1491 489 1545 517 ne

75 547 224 600 potest
252 541 424 597 quidem
459 540 543 581 Dei
566 539 767 581 invitatio
787 553 824 581 s,
844 538 1012 580 vocatio
1034 537 1118 578 alia
1142 550 1189 577 re
1208 534 1384 592 peragi,
1414 546 1547 589 quam

75 612 227 640 earum
255 597 577 649 conditionum,
624 594 678 636 ad
716 609 826 652 quas
863 596 919 636 iis
958 593 1211 636 veniendum
1241 592 1326 641 sit,
1366 593 1441 646 qui
1466 602 1547 647 per

76 655 301 699 Christum
323 654 443 695 beari
468 653 709 705 voluerint,
747 652 1019 709 expositione
1042 651 1085 694 h.
1103 665 1141 693 e.
1169 647 1242 691 διὰ
1263 648 1342 689 τοῦ
1364 645 1547 700 εὐαγγε-

78 710 177 753 λίου
198 712 327 754 Rom.
350 713 415 761 lo,
442 711 657 752 14—17..
695 709 912 765 Alioquin
935 708 1047 749 enim
1070 705 1175 764 quid
1194 720 1241 747 se
1260 705 1403 745 facere
1426 703 1549 744 Deus

78 768 235 821 vellet,
265 772 315 809 ut
339 769 382 809 in
402 767 713 823 sempiternum
734 766 886 808 felices
905 765 1163 815 evaderent,
1192 761 1388 804 homines
1407 760 1550 801 nesci-

78 829 192 868 rent.
259 824 377 866 Male
404 824 560 866 Rueck.
589 829 634 865 et
661 822 759 866 «tw.
791 822 954 865 calz-ini
983 821 1230 878 opinionem
1273 820 1550 869 revocarunt,

77 882 157 937 τὴν
174 882 330 936 κλῆσιν
359 886 538 939 praeter
558 879 782 922 doctrinae
811 879 966 922 christ.
991 878 1309 934 expositionem
1332 874 1474 916 omnia
1496 887 1549 915 ea

77 937 333 993 complecti,
386 952 498 993 quae
535 937 659 978 Deus
690 936 879 988 efficiat,
918 941 968 977 ut
1004 935 1201 976 homines
1226 933 1310 974 sibi
1341 931 1550 972 obediant

78 994 308 1042 arbitrati,
339 1008 377 1036 v.
396 1009 434 1036 c.
455 995 552 1050 pios
571 993 703 1034 animi
727 999 869 1033 motus
890 998 934 1033 et
953 991 1169 1048 ejusmodi
1192 990 1279 1031 sata
1295 1021 1306 1039 ‚
1339 1002 1449 1044 quae
1470 988 1549 1028 ho-

78 1050 219 1092 mines
256 1050 311 1092 ad
351 1051 476 1091 iidem
508 1050 687 1093 Christo
729 1049 1049 1108 adjungendam
1090 1061 1333 1105 propensos
1371 1045 1551 1089 faciant.

79 1107 198 1149 Sane
221 1105 271 1150 P.
297 1107 407 1148 nihil
444 1121 527 1149 non
555 1122 578 1148 a
602 1107 699 1148 Deo
718 1107 789 1164 pie
817 1111 1022 1163 repetens
1044 1105 1097 1146 ab
1120 1105 1199 1145 hac
1229 1102 1446 1144 sententia
1471 1101 1550 1142 mi-

79 1164 195 1205 nime
225 1164 457 1214 abhorret,
498 1178 580 1205 non
609 1163 703 1205 siue
733 1164 907 1204 numine
936 1168 1026 1203 tum
1049 1161 1174 1203 iidem
1202 1175 1281 1201 nos
1304 1160 1347 1200 in
1369 1159 1549 1200 Christo

78 1221 295 1262 collocare
326 1227 414 1262 tum
444 1219 544 1261 fidei
575 1221 822 1262 firmitatem
853 1219 1040 1276 probare
1064 1233 1101 1261 v.
1127 1218 1254 1262 Rom.
1278 1217 1344 1267 12,
1362 1217 1404 1258 3.
1435 1215 1552 1271 Eph.

79 1278 124 1330 4,
140 1279 182 1320 7.
213 1276 332 1320 Phil.
352 1278 395 1329 2,
419 1277 485 1320 13.
515 1278 571 1319 cl.
599 1276 699 1320 Joh.
721 1277 865 1329 6,44..
926 1276 1013 1317 Sed
1045 1289 1256 1330 nusquam
1289 1274 1386 1329 pios
1416 1271 1552 1314 animi

82 1339 252 1386 motus,
274 1334 379 1376 ²fata
396 1365 408 1385 ‚
445 1348 556 1388 quae
585 1341 628 1374 te
660 1332 714 1373 ad
735 1332 1057 1389 suscipiendam
1077 1331 1248 1374 Christi
1273 1329 1551 1384 disciplinam

82 1390 319 1447 proclivem
350 1389 535 1431 reddant
564 1396 607 1430 et
637 1389 767 1446 hujus
799 1389 973 1442 generis
997 1389 1108 1441 alia,
1141 1401 1252 1444 quae
1274 1386 1400 1428 Deus
1421 1385 1552 1426 insti-

81 1452 178 1488 tuat
205 1452 254 1487 ut
283 1447 480 1487 homines
510 1445 563 1486 ad
595 1460 641 1487 se
668 1453 876 1502 tanquam
906 1446 1099 1498 alliciat,
1140 1444 1189 1486 Ρ.
1218 1442 1271 1484 ad
1300 1443 1377 1496 τὴν
1400 1443 1553 1496 κλῆσιν

81 1503 293 1554 contulit,
339 1516 425 1558 quo
461 1503 625 1544 (helvini
661 1508 963 1556 argumentum
1000 1502 1189 1552 corruit,
1227 1499 1391 1541 idcirco
1425 1511 1552 1539 suam

81 1559 413 1616 explicationem
436 1559 726 1600 necessariam
748 1573 844 1601 esse
864 1559 966 1610 rati,
995 1559 1125 1614 „quia
1144 1558 1195 1599 de
1218 1557 1361 1598 electis
1381 1560 1553 1610 requirar,

81 1630 182 1674 quos
203 1616 322 1658 Deus
336 1630 415 1657 non
434 1620 708 1658 vocemmeam
726 1615 957 1669 compellet,
978 1615 1052 1656 sed
1074 1615 1190 1656 intus
1208 1613 1340 1654 etium
1359 1611 1553 1654 trahat?

82 1673 255 1714 Etenim
286 1673 430 1727 inepte
462 1671 617 1714 Rueck.
646 1677 690 1713 et
724 1672 821 1714 dW.
855 1671 908 1712 ad
944 1672 1069 1713 Rom.
1099 1671 1141 1722 9,
1160 1671 1232 1712 24.
1268 1672 1292 1710 1
1318 1667 1420 1712 Cor.
1453 1668 1551 1719 1‚9.

82 1730 208 1781 7,15.
242 1730 310 1771 17.
341 1729 415 1771 24.
447 1729 548 1771 Gal.
572 1730 665 1780 l‚6.
690 1729 756 1772 15.
777 1729 818 1780 5,
835 1730 878 1771 8.
913 1728 1022 1784 Eph.
1046 1728 1089 1780 4,
1107 1727 1151 1769 4.
1182 1730 1498 1783 provocarunt,
1527 1737 1552 1765 e

84 1785 244 1841 quibus
275 1786 306 1827 1.
336 1785 446 1825 nihil
479 1784 564 1826 nisi
595 1785 673 1825 hoc
705 1785 874 1837 discas,
917 1785 1086 1826 dixisse
1127 1782 1309 1825 Paulum
1354 1782 1553 1824 homines

83 1842 238 1883 christ.
258 1841 390 1882 aDeo
411 1841 611 1882 invitatos
630 1856 665 1883 s,
684 1847 867 1884 vocatos.
916 1842 1049 1883 Recte
1070 1840 1270 1895 quidem3
1301 1853 1395 1878 nam
1422 1851 1553 1893 quum

84 1892 112 1952 ἡ
149 1896 300 1946 πίστις
328 1903 532 1937 nascatur
564 1894 613 1946 ἐξ
636 1893 793 1953 ἀκοῆς,
833 1912 907 1939 eos
938 1898 1012 1954 qui
1043 1898 1169 1938 iidem
1192 1895 1370 1939 Christo
1392 1895 1554 1935 habuc-

85 1955 199 2006 rint,
230 1953 356 1994 Deus
386 1951 460 1993 διὰ
492 1952 572 1992 τοῦ
601 1949 855 2006 εὐαγγελίου
886 1954 1136 1996 invitaverit
1163 1969 1199 1995 s.
1233 1953 1449 1993 vocaverit
1478 1965 1554 1992 ne-

85 2024 207 2052 cesse
226 2015 294 2050 est
313 2008 438 2050 Rom.
468 2010 532 2059 10,
554 2009 670 2048 14—
686 2011 753 2051 17.
785 2013 845 2061 (v.
878 2013 1048 2066 supra).
1088 2005 1163 2058 οὓς
1185 2009 1233 2050 ὸὲ
1254 2007 1339 2056 ἐκ.,
1369 2004 1555 2055 τούτους

87 2084 124 2108 κ.
149 2064 428 2119 ἐδικαίωσεν]
452 2079 550 2119 quos
575 2069 714 2105 autem
733 2066 915 2117 vocavit,
943 2068 1105 2107 eosdem
1126 2068 1254 2107 etitem
1277 2065 1462 2106 insontes
1481 2065 1554 2106 de·

86 2123 269 2165 claravit
301 2121 422 2175 (data
458 2125 728 2176 peccatorum
762 2123 907 2174 venia,
938 2137 976 2164 v.
1004 2121 1157 2173 l,48.).
1216 2122 1332 2161 Male
1351 2135 1402 2162 ex
1424 2121 1492 2161 his
1511 2134 1554 2163 v.

85 2180 296 2231 colligas,
330 2177 509 2219 l'aulnm
540 2177 743 2218 libertate
772 2179 826 2218 ab
849 2179 1096 2220 hominibus
1120 2177 1393 2234 abjudicata,
1424 2191 1553 2233 quam

87 2236 144 2277 iis
166 2236 278 2276 alias
301 2235 465 2275 tribuat
498 2234 622 2275 Rom.
649 2236 715 2285 10,
732 2237 821 2285 1112,
855 2236 1032 2277 h.l.non
1058 2250 1184 2292 posse
1199 2235 1390 2275 homines
1410 2250 1432 2275 a
1459 2235 1553 2276 Deo

85 2298 261 2334 vocatos
284 2306 366 2333 nou
398 2291 522 2332 iidem
545 2291 724 2341 hahere,
765 2298 807 2332 ut
830 2292 1082 2342 integritate
1103 2293 1340 2348 potiantur,
1375 2297 1553 2331 conten-

87 2349 207 2391 dere.
236 2348 437 2403 (Itum-If.)
498 2347 731 2403 Perperam
753 2349 881 2387 etiam
902 2349 1104 2400 Meum-us
1123 2350 1267 2388 καλεῖν
1297 2349 1374 2387 Ιιοο
1404 2361 1466 2389 vs.
1490 2349 1554 2389 iia

87 2419 258 2456 vocare,
287 2410 331 2446 ut
359 2408 528 2446 vocatus
552 2405 806 2457 obtemperet
839 2408 898 2453 (v.
920 2412 1007 2447 not.
1031 2405 1084 2445 ad
1107 2419 1145 2447 v.
1172 2407 1264 2457 28.)
1284 2412 1435 2444 notare
1454 2404 1554 2444 hinc

88 2462 274 2503 confecit
305 2465 348 2502 et
380 2460 637 2502 sententiam
668 2475 790 2501 suam
822 2462 898 2501 hz‘zc
928 2462 1095 2502 ratione
1126 2461 1333 2512 munivit,
1370 2475 1446 2502 eos
1477 2461 1553 2516 qui

70 2518 180 2560 ‘Dei
217 2518 515 2559 invitationem
552 2517 775 2573 aspernati
819 2519 977 2559 luerint
1013 2533 1096 2559 non
1127 2519 1168 2558 in
1198 2532 1346 2558 eorum
1375 2532 1554 2559 numero

90 2574 363 2630 reponendos
385 2588 504 2625 esse,
535 2573 587 2613 ad
619 2588 727 2629 quos
756 2573 780 2628 ἡ
806 2574 1052 2629 πρόγνωσις
1073 2580 1115 2615 et
1133 2574 1155 2614 ὁ
1180 2573 1458 2629 προορισμὸς
1477 2575 1556 2615 τοῦ

89 2631 202 2672 θεοῦ
233 2631 510 2687 pertinuerit.
582 2629 680 2671 Non
714 2637 972 2685 reputarunt
999 2631 1100 2673 VV.
1135 2630 1261 2681 DD„
1307 2631 1487 2672 Paulum
1509 2632 1553 2674 h.

90 2689 123 2730 1.
143 2688 440 2728 tantummodo
468 2686 520 2728 de
542 2687 628 2742 piis
658 2694 731 2727 aut
759 2688 840 2728 nei
869 2688 1110 2729 ‹mmutibus
1137 2688 1382 2729 hominibus
1413 2687 1553 2729 disse-

90 2757 188 2784 rere
209 2757 247 2787 ν.
270 2744 357 2787 28..
416 2743 511 2784 Hos
534 2758 635 2784 vero
656 2743 780 2785 Deus
803 2745 1014 2797 προέγνω,
1045 2741 1306 2798 προώρισεν,
1339 2743 1553 2788 ἐκάλεσεν,

89 2799 321 2841 ἐδικαίωσε
350 2802 422 2841 καὶ
449 2798 632 2850 ἕῶόξασε
661 2815 799 2856 neque
832 2799 1104 2842 metuendum
1138 2807 1228 2851 est,
1270 2816 1320 2842 ne
1353 2801 1394 2841 hi
1427 2801 1553 2843 iidem

89 2856 262 2897 imitati
300 2855 533 2911 denegent.
601 2855 836 2899 Praeterea
878 2856 1038 2910 Paulo,
1077 2862 1124 2899 ut
1158 2858 1244 2915 piis
1285 2857 1555 2901 Christianis
