1715 3115
454 191 614 239 CAP.
646 192 741 239 xl.
785 192 875 237 Vs.
905 192 986 236 25.
1019 218 1073 224 -
1102 193 1201 238 27..
1492 193 1575 235 527

106 298 468 344 condonationem
499 298 595 341 sore
622 296 808 342 dixisse.
876 297 1022 354 Atqui
1060 301 1241 353 peccata
1279 298 1332 339 ab
1364 297 1578 341 Israelitis

106 358 330 402 commissa
353 361 443 398 tum
471 356 642 398 demum
670 355 909 397 condonata
938 369 1059 407 esse,
1099 369 1230 410 quum
1257 359 1372 397 totus
1392 353 1579 397 israeli-

105 421 248 458 tarum
277 414 467 471 populus
494 413 752 454 delictorum
783 412 950 452 veniam
980 411 1166 468 adeptus
1203 411 1365 464 fuerit,
1404 417 1452 454 ut
1484 412 1577 470 jam

105 472 228 514 nulla
250 471 416 524 flagitia
438 470 686 528 supersint,
719 482 902 525 quorum
931 469 1057 509 venia
1078 466 1302 510 Israelitis
1329 467 1472 511 danda
1504 470 1581 514 sit.

105 527 276 585 Utique
311 529 446 579 igitur
475 527 669 586 Jesajam
700 526 780 567 1012·
808 524 1115 567 Israelitarum
1181 525 1312 581 opulo
1350 526 1582 580 integrita-

103 592 191 628 tem
211 592 255 627 et
275 586 461 626 salntem
483 584 767 625 denuntiasse
787 596 865 639 per
887 582 1096 624 Messiam
1116 596 1138 622 a
1165 581 1354 638 iquando
1378 584 1581 625 obtinen-

104 642 217 684 dam.
285 643 354 684 De
390 640 590 692 nutius,
631 654 762 696 quum
798 654 838 683 v.
867 640 942 681 καὶ
969 636 1080 694 αὕτη
1109 635 1260 688 αὐτοῖς
1289 633 1313 693 ἡ
1344 639 1449 695 παρ’
1469 639 1579 693 ἐμοῦ

105 695 301 754 ὁιαθιῖκι]
326 697 603 754 parenthesi,
635 696 816 753 opinor,
847 696 1017 738 inclusa
1045 695 1100 737 ad
1123 695 1429 753 praecedentia
1461 712 1579 743 vocc.

105 753 200 811 ἥξει
223 734 272 797 ἐκ
294 753 406 795 Σιών
435 751 458 796 ὁ
490 753 702 809 ῥυόμενος
730 755 804 794 καὶ
831 751 1113 808 ἀποστρέιβιει
1142 749 1348 806 ἀσεβείας
1374 751 1466 796 ἀπὸ
1488 751 1580 794 'Ia-

104 813 199 865 κιύβ
220 812 374 853 inscite
395 811 666 863 rettulisset,
703 810 834 851 verba
853 807 956 851 ὅταν
983 806 1223 864 ἀφέλωμαι
1249 809 1328 860 τὰς
1359 809 1581 867 ἁμαρτίας

105 865 248 911 αὐτῶν
281 882 364 910 ηοη
393 869 534 909 solum
566 867 812 925 superflua,
855 866 932 909 sed
962 867 1092 909 etiam
1124 868 1271 924 inepta
1300 882 1426 921 esse,
1476 869 1578 924 quia

103 927 212 968 hanc
252 924 295 966 in
328 925 433 966 orbe
464 932 710 966 versantem
739 925 846 979 (imo
876 922 1134 979 absurdam)
1159 925 1421 966 sententiam
1452 940 1582 982 prae-

105 983 257 1024 beant:
306 986 506 1023 servator
535 981 666 1038 impie
693 981 805 1022 facta
834 981 890 1021 ab
918 980 1134 1025 Jacobitis
1163 987 1406 1035 avertet,
1453 997 1580 1038 (lencm

103 1053 246 1082 eorum
271 1043 451 1094 peccata
483 1038 787 1081 abstulerit
815 1038 884 1093 (Ξ)
917 1038 1183 1080 observavit.
1255 1037 1316 1082 V.
1346 1038 1407 1081 D.
1438 1053 1581 1095 neque

103 1096 473 1137 constructionem
495 1096 745 1152 perspexit,
771 1109 910 1151 neque
932 1095 1138 1151 quidnam
1158 1093 1297 1137 Paulo
1318 1096 1390 1137 hic
1412 1111 1435 1137 e
1450 1096 1581 1141 V.T.

103 1152 488 1195 demonstrandum
512 1158 630 1193 esset
653 1152 786 1203 vidit,
818 1166 958 1208 neque
980 1151 1110 1194 Pauli
1141 1153 1339 1193 acumina
1367 1167 1581 1209 assequu-

102 1215 176 1252 tus
196 1215 290 1262 est,
319 1209 396 1251 sed
422 1224 553 1265 quum
574 1223 654 1266 pro
673 1209 805 1251 insita
830 1209 1012 1251 levitate
1042 1210 1114 1252 hic
1142 1224 1316 1266 quoque
1344 1211 1582 1261 festinaret

102 1267 223 1324 talpa
244 1267 413 1309 caecior
432 1267 531 1310 l'nit.
590 1265 721 1309 Nunc
741 1266 957 1324 quomodo
979 1266 1032 1310 P.
1051 1266 1225 1326 Jesajae
1243 1268 1337 1309 loca
1358 1268 1581 1325 explicue-

101 1325 163 1366 rit
184 1339 342 1380 operae
364 1324 550 1380 pretium
571 1330 639 1365 est
667 1338 945 1379 cognoscere.
1003 1324 1169 1367 Totum
1197 1326 1455 1380 mysterium
1482 1326 1581 1367 loco

104 1380 200 1425 Jes.
236 1382 390 1433 59,20.
429 1383 501 1423 21.
541 1380 693 1424 LXX.
730 1383 948 1423 contineri
990 1382 1281 1425 existimavit:
1325 1397 1365 1425 v.
1395 1383 1467 1426 20.
1505 1383 1580 1424 καὶ

102 1434 199 1492 ἥξει
231 1436 371 1478 ἕνεκεν
389 1438 504 1478 Σιών
534 1433 557 1477 ὃ
589 1435 802 1495 ῥυόμενος
830 1439 904 1479 καὶ
935 1436 1219 1493 ἀποσῑρέψει
1250 1437 1458 1491 ἀσεβείας
1486 1436 1579 1480 ἀπὸ

94 1490 252 1547 Ἰακώβ
280 1488 378 1535 εἷπε
409 1493 573 1550 κύριος.
634 1494 692 1539 V.
721 1495 793 1539 21.
835 1496 928 1536 Καὶ
957 1493 1068 1551 αὕτη
1101 1495 1250 1546 αὐτοῖς
1276 1511 1299 1547 η
1333 1495 1432 1550 παρ’
1465 1495 1580 1548 ἐμοῦ

101 1547 321 1606 διαθήκη,
369 1544 467 1592 εἶπε
506 1548 683 1607 κύριος·
726 1550 778 1592 τὸ
812 1553 987 1604 πνεῦμα
1017 1555 1065 1595 τὸ
1100 1551 1230 1605 ἐμόν,
1276 1550 1301 1593 ὅ
1340 1551 1460 1596 ἐστιν
1500 1549 1580 1594 ἐπὶ

101 1608 175 1649 σοὶ
206 1608 280 1649 καί
305 1605 359 1648 τὰ
391 1605 568 1663 ῥήματά
591 1623 700 1660 μου,
744 1605 772 1649 ἃ
792 1606 940 1650 ἔδωκα
960 1607 1024 1658 εἷς
1041 1605 1090 1650 τὸ
1120 1607 1263 1661 σι’όμα
1292 1623 1397 1650 σου.
1441 1606 1494 1650 οὐ
1518 1610 1578 1665 μὴ

101 1661 263 1720 ἐκλίπῃ
293 1661 338 1706 ἐκ
368 1664 446 1705 τοῦ
469 1666 688 1716 στόματός
710 1679 791 1707 σου
809 1666 881 1706 καὶ
902 1664 949 1706 ἐκ
970 1670 1050 1707 τοῦ
1082 1662 1303 1717 στόματος
1327 1666 1408 1707 τοῦ
1436 1668 1581 1719 σπέρ-

99 1718 241 1773 ματός
259 1734 340 1761 σου
359 1722 431 1761 καὶ
453 1719 500 1762 ἐκ
521 1723 601 1763 τοῦ
622 1718 841 1773 στόματος
857 1721 938 1764 τοῦ
960 1720 1215 1775 σπέρματος
1233 1724 1313 1764 τοῦ
1325 1720 1582 1776 σπέρματός

102 1790 185 1817 σου
204 1771 301 1817 εἷπε
324 1773 476 1827 κύριος
496 1773 586 1817 ἀπὸ
616 1780 694 1819 τοῦ
720 1779 793 1818 νῦν
822 1780 896 1820 καὶ
925 1774 987 1828 εἷς
1014 1780 1089 1820 τὸν
1117 1777 1271 1820 αἰῶνα.
1333 1777 1483 1820 Versu
1505 1780 1578 1822 20.

100 1833 355 1875 delectorum
375 1833 677 1874 lsraelirarnm
698 1835 796 1888 (τῆς
817 1832 1019 1888 ἐκλογῆς)
1040 1836 1226 1876 salutem
1251 1835 1453 1890 portendi
1479 1851 1580 1876 cen-

103 1889 210 1932 suit.
285 1887 400 1930 Nam
441 1889 569 1942 impie
597 1889 723 1945 faeta
753 1886 1000 1942 (ἅσερέίας,
1051 1891 1242 1943 Ξὶιιιῠεη)
1275 1893 1328 1932 ab
1360 1891 1579 1935 Jacobitis

103 1945 244 1987 averti
267 1952 341 1986 aut
360 1944 660 1988 Jacobitarum
681 1946 842 1987 delicta
865 1948 1027 2000 minui,
1058 1948 1096 1988 si
1126 1949 1324 1990 nonnulli
1347 1947 1578 1991 israelitae

102 2017 182 2060 per
203 2002 328 2044 tidem
353 2001 648 2055 integritatem
671 2008 714 2044 et
737 2010 1011 2058 peccatorum
1036 2005 1204 2046 veniam
1236 2013 1579 2062 consequantur.

106 2061 256 2102 Totius
281 2058 588 2100 israelitarum
612 2061 762 2116 populi
794 2060 920 2101 tidem
952 2066 996 2102 et
1027 2062 1231 2116 pietatem
1261 2077 1391 2104 versu
1423 2065 1493 2106 21.
1523 2065 1578 2104 ab

104 2116 253 2175 Jesaja
274 2116 525 2157 denuntiari
547 2115 597 2160 P.
618 2117 703 2157 sihi
725 2118 964 2173 persuasit.
1023 2118 1196 2160 Foedus
1217 2120 1331 2161 enim
1358 2134 1437 2177 per
1460 2120 1578 2162 Mes-

103 2175 214 2216 siam
234 2188 329 2215 cum
352 2172 534 2216 Judaeis
552 2174 894 2230 componendum
921 2175 964 2216 in
986 2189 1037 2216 eo
1060 2176 1114 2215 ab
1135 2174 1284 2233 Jesaja
1308 2177 1435 2234 poni,
1462 2177 1576 2233 quod

102 2230 279 2273 divinus
298 2230 484 2287 spiritus
504 2231 752 2286 aequalium
783 2246 960 2273 suorum
992 2233 1186 2288 posteris
1219 2248 1390 2290 semper
1418 2234 1577 2276 ail'utu-

101 2301 180 2330 rus
202 2288 261 2329 sit
286 2293 331 2329 et
351 2286 542 2331 Jehovae
573 2292 904 2345 praeceptorum
936 2303 1154 2345 nunquam
1184 2303 1269 2331 non
1300 2291 1331 2332 ii
1364 2306 1577 2333 memores

102 2345 241 2386 futuri
264 2345 368 2386 sint.
425 2344 568 2400 Atqui
591 2344 783 2386 divinum
807 2346 1011 2403 spiritum
1034 2347 1089 2387 iis
1111 2345 1222 2399 dari,
1243 2347 1317 2403 qui
1334 2348 1462 2401 fidem
1483 2349 1577 2389 ani-

103 2401 188 2443 mis
217 2401 496 2458 conceperint
527 2401 656 2456 (Act.
691 2403 839 2453 10,45.
872 2403 973 2446 Gal.
1001 2403 1119 2456 3‚2.)
1150 2418 1289 2460 neque
1318 2411 1575 2461 perpetuam

99 2458 349 2500 'divinorum
371 2464 699 2515 praeceptorum
723 2461 1012 2501 reverentiam
1045 2460 1130 2501 nisi
1164 2460 1206 2501 iu
1237 2461 1435 2503 homines
1465 2463 1577 2504 inte·

104 2514 309 2568 gritatem
347 2530 425 2571 per
463 2514 589 2556 iidem
627 2515 810 2572 adeptos
842 2523 886 2558 et
919 2517 1016 2573 pios
1048 2516 1221 2560 cadere.
1290 2517 1575 2561 Manifestum

103 2571 241 2625 igitur
265 2587 376 2623 esse,
402 2571 595 2628 Jcsajam
617 2586 656 2615 v,
678 2573 748 2615 21.
772 2574 902 2614 totius
928 2573 1233 2616 Israelitarum
1256 2576 1408 2632 populi
1432 2591 1575 2617 emen-

102 2627 319 2670 dationem
343 2629 624 2669 vaticinatum
643 2643 758 2671 esse.
818 2629 903 2671 Sed
932 2645 1061 2687 quum
1092 2631 1203 2671 idem
1236 2633 1291 2672 ab
1314 2632 1462 2689 Jesaja
1487 2633 1576 2675 alio

102 2685 136 2726 l.
163 2685 287 2736 2739.
321 2685 686 2728 luculentioribus
716 2686 862 2727 vorbis
893 2686 1144 2729 denuntiari
1177 2682 1461 2731 credidisset:
1501 2690 1576 2731 διὰ

102 2741 234 2781 τοῦτο
253 2739 613 2796 ἀφαιρεθήσεται
636 2738 659 2797 ἦ
680 2740 839 2794 ἀνομία
859 2742 1011 2795 Ἰακώβ
1030 2746 1102 2785 καὶ
1131 2743 1264 2786 wind
1297 2744 1416 2787 ἐστιν
1445 2740 1468 2800 ἡ
1496 2741 1574 2788 εὖ·

104 2795 233 2850 λογία
251 2796 410 2846 αὐταῦ,
441 2800 548 2839 ι’ἰιαν
568 2796 805 2853 desimam
831 2797 968 2842 αὐτοῦ
995 2799 1072 2855 τὴν
1101 2796 1321 2856 ἁμαρτίαν
1341 2828 1405 2839 -.
1441 2808 1573 2858 atque

101 2853 312 2908 vidisset,
342 2869 393 2896 ex
415 2862 601 2912 utroque
626 2856 657 2898 l.
678 2856 971 2900 testimonium
995 2858 1167 2900 contexi
1194 2873 1323 2916 posse
1351 2858 1467 2916 quod
1494 2861 1573 2902 sua
