1715 3115
172 212 257 254 190
453 208 827 252 EPlSTOLA
864 209 966 251 AD
997 208 1360 254 ROMANOS

173 317 414 360 doctrinam
429 314 516 357 div.
529 315 585 356 iis
605 319 875 372 exponerent
892 315 945 356 ad
965 329 1012 356 se
1031 315 1312 358 arcessis-erit
1325 316 1450 361 Rom.
1472 318 1537 371 10,
1560 317 1629 362 1⁴.

176 389 262 430 sq..
302 372 403 415 Non
423 371 579 413 melius
602 372 667 413 illi
692 385 744 413 ex
771 371 910 414 lCor.
926 374 962 423 1,
982 373 1054 414 24.
1094 374 1385 426 argumentati
1406 380 1523 419 sunt.
1556 373 1631 416 lbi

176 444 280 472 sane
304 426 429 470 αὐτοὶ
449 429 496 471 δὲ
518 425 557 469 οἱ
592 426 744 483 κλητοί
756 426 937 471 Iudaeis
958 437 996 469 et
1023 430 1203 483 paganis
1217 435 1508 487 opponuntur.
1539 430 1631 473 Sed

176 501 259 528 non
282 485 555 539 cogitarunt,
587 499 650 528 vS.
673 485 730 525 22
746 485 881 528 -24.
911 485 1069 525 muniri
1092 499 1263 527 versum
1283 489 1370 530 21..
1413 487 1567 543 ltaque
1589 490 1630 531 V.

175 545 247 586 23.
270 543 342 584 24.
368 537 573 583 Ἰουδαῖοι
593 541 664 581 καὶ
687 538 798 596 ἔθνη
822 541 1084 597 respondent
1102 541 1164 597 τῷ
1186 541 1338 598 κόσμῳ
1358 544 1504 596 v.21.,
1535 556 1629 585 ver-

176 599 245 641 bis
261 603 405 640 autem
427 598 550 640 v.24.
567 595 714 645 αὐτοῖς
734 597 781 638 def·
800 600 892 647 τοῖς
913 597 1086 652 κλητοῖς
1100 599 1137 639 Α
1148 599 1254 653 p.ad
1274 599 1380 649 τοὺς
1399 600 1628 641 πιστεύον·

175 669 254 704 τας
270 669 311 698 v.
331 655 400 695 21.
424 653 658 694 revertitur
679 653 886 707 (animum
915 654 1092 694 adverte
1112 655 1166 695 ad
1194 671 1221 694 α
1237 653 1419 710 ὐτοῖς).
1479 655 1630 709 Quare

176 713 270 755 sine
300 711 388 752 ulla
417 709 701 763 ambiguitate
732 710 926 751 homines
947 710 1100 752 christ.
1126 711 1168 754 h.
1190 712 1221 754 1.
1252 711 1448 753 homines
1471 713 1629 754 divini-

176 773 248 811 tus
269 772 469 809 evocatos
493 767 717 808 nominare
750 764 799 808 P.
819 767 958 822 potuit
973 798 984 817 ‚
1024 781 1153 822 quum
1175 767 1274 822 quia
1307 767 1362 808 ab
1383 767 1563 811 ,Iudaeis
1585 773 1630 810 et

175 824 359 883 paganis
387 824 505 864 clare
533 823 862 875 discernuntur,
902 827 991 863 tum
1022 824 1224 878 quoniam
1257 823 1403 865 verbis
1431 822 1628 874 αὐτοῖς

175 882 233 924 δὲ
263 882 382 929 τοῖς
411 879 638 935 κλητοῖς
668 879 722 920 ad
753 878 854 928 τοὺς
872 876 1165 928 πιστεύοντας
1182 894 1221 921 v.
1239 880 1310 923 21.
1335 880 1472 931 redit,
1501 881 1628 938 cujus

172 937 372 980 vocabuli
395 936 513 977 notio
535 936 762 992 perspicua
784 941 867 977 est.
906 935 1028 989 Quae
1049 935 1088 976 si
1108 938 1406 992 perspexisset
1418 929 1628 979 Rueclier·

173 999 265 1045 tus,
295 1008 376 1034 uon
400 1007 495 1034 eum
529 990 679 1041 αι’νιοῖς
707 990 976 1034 oss'eudisset.
1039 991 1264 1034 Postremo
1291 995 1402 1035 male
1423 993 1476 1034 ad
1497 992 1626 1036 Rom.

173 1052 218 1102 8,
245 1052 317 1093 30.
346 1050 418 1090 καὶ
449 1043 524 1097 οὓς
553 1048 753 1095 ἐκάλεσε,
795 1046 980 1095 τούτους
1007 1050 1078 1089 καὶ
1109 1047 1364 1091 ἐδικαίωσεν
1392 1063 1628 1106 provoces,

175 1121 286 1163 quae
310 1121 348 1149 v.
367 1106 573 1147 neminem
604 1119 710 1157 non,
749 1118 874 1159 quem
908 1103 1030 1145 Deus
1055 1105 1319 1158 evocaverit,
1355 1105 1572 1160 integrum
1601 1119 1628 1146 a

173 1173 272 1215 Deo
297 1168 485 1229 judicari
512 1170 711 1213 doceant.
768 1168 881 1211 Nam
912 1177 1004 1212 toto
1033 1171 1063 1212 l.
1087 1169 1137 1213 P.
1161 1169 1214 1211 de
1245 1175 1370 1220 τοῖς
1399 1165 1628 1229 ἀγαπῶσι

173 1245 196 1270 τ
213 1229 236 1270 ὁ
249 1245 270 1269 ν
299 1232 366 1269 1¹)ae
381 1224 403 1268 ό
418 1243 438 1266 ν
470 1225 684 1283 disputat.
715 1226 829 1267 Male
849 1228 1038 1268 Ustere'us
1057 1228 1089 1270 1.
1113 1241 1149 1270 e.
1164 1225 1303 1269 Paulo
1321 1228 1422 1278 τοὺς
1442 1226 1629 1284 κλητούς

172 1283 370 1326 homines
391 1295 512 1334 esse,
544 1282 702 1337 quibus
722 1281 844 1322 Deus
867 1282 1014 1323 stabili
1038 1282 1212 1325 decreto
1231 1283 1540 1339 sempiternam
1562 1285 1627 1326 fe-

174 1339 387 1380 licitatem
419 1337 681 1389 destinarit,
722 1342 768 1378 ut
789 1337 977 1378 oblatam.
1003 1339 1185 1380 sulutem
1215 1353 1266 1380 ne
1280 1341 1442 1392 possint
1461 1340 1628 1395 quidem

173 1409 372 1448 respuere
398 1393 634 1448 perhibuit.
693 1391 805 1433 Nam
836 1400 1093 1449 aspernatos
1124 1408 1222 1436 esse
1253 1396 1484 1437 nonnullos
1504 1396 1628 1436 obla-

173 1458 261 1492 tam
294 1451 544 1491 beatitatem
579 1448 626 1492 l’.
658 1449 782 1489 docet
805 1448 931 1491 Rom.
955 1451 1023 1500 10,
1052 1452 1133 1493 16..
1193 1450 1400 1492 Lieuerat
1431 1452 1566 1501 igitur
1586 1453 1627 1494 ei

174 1509 254 1549 hos
275 1520 446 1562 quoquc
468 1503 654 1562 κλητούς
677 1506 923 1557 nominare,
955 1508 1116 1562 quippe
1135 1522 1218 1548 non
1241 1508 1380 1548 minus
1399 1522 1421 1547 a
1446 1508 1539 1549 Deo
1560 1508 1626 1548 in-

174 1564 360 1614 vitatos,
408 1576 534 1617 quam
565 1563 637 1617 qui
667 1563 855 1602 oblatam
890 1563 1179 1603 conditionem
1208 1564 1493 1618 accepissent.
1562 1563 1628 1605 Ut

173 1620 291 1661 brevi
315 1618 576 1674 praecidam.
617 1615 717 1658 Nou
738 1618 1008 1658 commiscuit
1032 1617 1080 1660 Ρ.
1102 1618 1299 1659 diversas
1321 1620 1539 1660 hominum
1560 1620 1625 1660 in-

173 1677 398 1718 vitatorum
434 1675 540 1724 (τῶν
567 1673 753 1728 κλητιῦν)
783 1678 826 1714 et
853 1674 1076 1715 electorum
1103 1675 1209 1729 (τών
1229 1674 1456 1728 ἐκλεκτῶν)
1486 1675 1624 1716 notio-

173 1747 273 1783 nes,
303 1731 379 1772 sed
413 1728 456 1772 οἱ
480 1728 631 1783 κλητοί
659 1733 901 1771 constanter
921 1730 961 1770 ci
991 1730 1252 1770 honorificus
1275 1730 1624 1773 Christianorum

172 1795 221 1830 ut
241 1789 456 1829 hominum
480 1785 677 1827 divinitus
697 1785 994 1826 arcessitorum
1015 1800 1051 1827 s·
1071 1786 1343 1827 invitatorum
1361 1787 1520 1828 titulus
1541 1793 1627 1840 est,

172 1841 527 1901 quemadmodum
567 1843 677 1882 alias
707 1840 949 1883 Christiani
981 1838 1019 1882 οὶ
1049 1842 1204 1882 πιστοί
1231 1850 1276 1883 ut
1312 1844 1503 1884 homines
1533 1844 1626 1899 fide

172 1901 408 1955 conspicui,
449 1896 491 1940 οἱ
520 1896 715 1938 ἐκλεκτοί
746 1903 790 1939 ut
814 1897 998 1938 homines
1025 1912 1082 1938 ea:
1110 1899 1389 1952 improborum
1411 1899 1624 1941 hominum

172 1958 398 2000 colluvione
428 1954 578 1997 delecti
599 1955 742 2009 Apoc.
767 1955 833 2004 17,
857 1954 947 2005 14„
978 1951 1016 1994 οὶ
1049 1954 1166 2008 ἅγιοι
1198 1959 1243 1995 ut
1272 1956 1362 1996 Deo
1390 1956 1625 1998 consecrata·

171 2014 360 2069 aliisque
374 2011 619 2053 nominibus
641 2013 686 2065 (1
704 2010 866 2052 Thess.
885 2013 918 2061 Ι,
940 2011 983 2052 4.
1017 2010 1166 2061 (joh-3,
1188 2011 1276 2066 12.)
1307 2011 1541 2052 honorilice
1557 2011 1623 2051 di-

171 2078 343 2112 cuntur.
401 2067 628 2122 Nusquam
656 2065 704 2109 P.
727 2066 830 2114 τοὺς
849 2063 1035 2120 κλητοὺς
1053 2069 1145 2114 τοῖς
1168 2065 1382 2114 ἐκλεκτοῖς
1402 2067 1622 2122 opposuit,

171 2132 220 2168 ut
240 2125 349 2168 illud
378 2139 468 2166 voc.
487 2138 567 2164 non
598 2137 778 2178 maynue
797 2123 937 2177 singlis
955 2124 1122 2176 vulqus,
1153 2124 1230 2162 hoc
1250 2128 1467 2176 spectatae
1479 2124 1621 2177 pieta-

172 2183 229 2224 tis
257 2182 441 2224 homines
471 2179 731 2221 declararet.
807 2177 897 2218 lmo
930 2178 1050 2218 illius
1083 2178 1248 2219 farinae
1284 2178 1478 2220 homines
1516 2177 1623 2228 τοὺς

171 2235 408 2290 ἀδοκίμους
446 2239 467 2276 l
493 2235 595 2278 Cor.
624 2237 664 2287 9,
687 2236 757 2277 27.
773 2267 784 2286 ,
813 2235 841 2274 2
863 2233 980 2274 Tim.
1000 2236 1041 2284 3,
1062 2234 1100 2277 8.
1116 2266 1127 2286 ‚
1158 2234 1236 2273 hoc
1270 2247 1406 2286 genus
1425 2232 1527 2282 τοὺς
1548 2235 1621 2275 ὁο-

172 2292 324 2346 κίμους
357 2296 377 2333 1
404 2293 504 2335 Cor.
532 2294 596 2342 11,
617 2294 685 2334 19.
715 2291 898 2332 vocavit.
967 2289 1121 2345 Neque
1150 2290 1371 2345 peculiare
1391 2289 1446 2330 iis
1467 2304 1620 2334 nomen

170 2350 393 2406 imposuit,
427 2349 501 2404 qui
519 2349 707 2389 oblatam
728 2348 912 2388 salutem
933 2347 1154 2402 aspernati
1177 2350 1338 2396 essent,
1368 2345 1446 2387 sed
1465 2360 1555 2399 eOS,
1576 2350 1621 2387 et

171 2414 287 2447 recte
316 2405 514 2462 quidem,
553 2405 608 2445 ad
635 2402 738 2452 τοὺς
769 2401 984 2451 ἀπίστους
1004 2403 1201 2454 rettulit,
1235 2401 1392 2457 quibus
1415 2403 1622 2459 opposuit:

168 2460 271 2511 τούς
292 2460 492 2510 πισῑούς.

288 2518 346 2562 V.
367 2519 438 2560 29.
468 2522 510 2558 et
538 2517 608 2558 30.
655 2515 877 2556 Fir-matur
896 2513 1158 2570 praecedens
1189 2517 1249 2567 (v.
1277 2513 1371 2566 28.)
1401 2514 1618 2556 sententia

171 2574 214 2618 h.
237 2588 315 2616 m.:
347 2573 591 2615 hominibus
611 2572 684 2627 qui
705 2571 847 2612 Deum
871 2570 1054 2623 diligant
1075 2571 1117 2613 h.
1138 2585 1175 2611 e.
1201 2571 1274 2624 qui
1304 2585 1326 2610 e
1349 2570 1434 2611 Dei
1455 2570 1620 2612 decreto

169 2631 340 2671 invitati
369 2632 427 2683 (S.
448 2630 635 2684 evocati)
663 2629 751 2669 sint
780 2628 845 2669 vel
869 2627 1152 2681 gravissimos
1170 2639 1297 2666 casus
1317 2625 1524 2682 prodesse
1553 2627 1616 2682 (v.

168 2687 263 2740 28.)
293 2700 341 2727 ex
366 2701 415 2726 eo
439 2687 602 2736 elucet,
635 2684 749 2740 quod
779 2698 878 2739 qnos
907 2684 1026 2724 Dens
1058 2683 1223 2723 decreto
1251 2695 1325 2722 sno
1356 2687 1484 2724 antea
1506 2696 1616 2723 com-

166 2744 319 2797 plexus
336 2747 397 2783 est
419 2750 635 2781 aeternam
654 2741 711 2782 iis
724 2740 972 2781 felicitatem
994 2739 1207 2790 largietur
1221 2739 1437 2781 v.29.30..
1471 2736 1618 2792 Quid-

167 2799 213 2839 ni
233 2800 369 2851 igitur
392 2798 513 2838 Deus
532 2811 740 2837 summum
770 2796 856 2851 piis
877 2794 1457 2837 Christianis'ornamentum
1480 2794 1616 2835 datu-

167 2870 243 2897 rus
263 2869 350 2897 rem
373 2854 504 2895 multo
523 2853 724 2894 minorem
745 2853 802 2894 iis
823 2851 1052 2903 concedat,
1083 2856 1129 2891 ut
1150 2850 1329 2892 acerbos
1348 2851 1479 2907 hujus
1500 2850 1616 2893 vitae
