1715 3115
166 216 252 258 252
440 215 818 259 EPISTOLA
856 217 954 260 An
990 217 1353 262 ROMANOS

167 320 386 363 hominum
416 322 460 364 in
494 322 673 364 aeterna
704 323 791 365 vita
822 323 1158 367 constitutorum
1188 338 1449 382 eorumque,
1487 324 1563 382 qni
1589 325 1632 367 in

167 379 330 430 geenne
350 379 613 431 crucientur,
637 380 805 422 medius
826 381 1080 439 interjectus
1093 384 1169 427 sit.
1210 381 1296 425 Sed
1318 396 1425 437 nego
1448 380 1631 424 Paulum

167 434 365 476 homines
384 450 407 476 a
429 435 598 479 Christi
619 437 829 479 societate
847 437 1085 480 distractos
1104 441 1390 494 sempiternae
1409 437 1635 494 felicitatis

164 490 379 550 jacturam
408 493 576 546 faeere,
620 507 748 561 quum
787 494 1001 535 scriberet
1036 491 1229 550 ηὐχόμην
1262 493 1345 550 γὰρ
1381 492 1516 544 αὐτὸς
1552 492 1635 549 ἐγὼ

165 544 371 599 ἀνάθεμα
411 543 524 591 εἶναι
562 546 653 591 ἄπο
692 551 771 592 τοῦ
808 551 1010 607 Χριστοῦ
1048 545 1163 606 ὑπὲρ
1188 552 1275 594 τῶν
1302 548 1507 607 ἀδελφῶν
1532 566 1635 604 μου,

166 603 374 646 distincte
410 619 555 647 secum
597 610 841 662 reputasse.
914 606 1047 647 lmmo
1074 607 1192 662 lonye
1219 607 1504 650 miserrimum
1533 621 1633 650 esse

165 661 332 702 nullam
371 676 467 703 cum
495 662 964 709 Christosocietatem
997 662 1157 705 hahere
1187 662 1407 719 expendit.
1474 663 1633 720 ltaque

165 716 281 772 quod
314 732 362 760 se
387 724 531 761 votum
550 720 763 762 facturum
785 733 883 762 esse
906 719 1041 773 dixit,
1078 720 1114 761 si
1145 733 1196 762 eo
1219 718 1402 764 §ludaeis
1425 718 1634 785 prodesse

163 779 342 872 posset,
379 775 490 816 nihil
515 776 602 818 nisi
627 791 836 818 summum
859 790 1047 818 amorem
1071 776 1286 828 declarat,
1325 791 1409 832 quo
1431 790 1472 817 m
1495 791 1634 834 popu-

184 844 283 871 ares
301 846 406 873 suos
430 832 655 887 flagraret,
686 833 802 875 sicut
822 833 1247 874 vehementissimum
1265 833 1422 877 Christi
1440 832 1634 875 studium

164 885 282 943 apud
304 886 524 942 Ignatium
547 903 616 945 ep.
636 887 689 931 ad
710 890 838 933 Rom.
860 904 898 932 c.
918 890 960 932 5.
983 890 1056 933 lin.
1078 890 1159 931 hae
1183 889 1474 932 detestatione
1502 889 1634 931 effer-

164 949 261 987 tur:
302 943 394 1000 πῧρ
431 947 506 987 καὶ
544 945 758 1001 σταυρός,
797 944 973 1000 θηρίων
1010 959 1057 988 τε
1096 943 1349 995 συστάσεις,
1400 943 1632 999 ἀνατομαί,

164 999 432 1055 διαιρέσεις,
473 1005 744 1055 σκορπισμοί
774 1000 959 1050 ὀστέων,
1009 1000 1205 1057 συγκοπὴ
1235 1001 1400 1055 μελῶν,
1441 999 1636 1056 ἀλησμοὶ

164 1053 273 1098 ὅλου
318 1056 396 1099 τοῦ
438 1055 663 1111 σώματος,
715 1059 880 1099 κακαὶ
917 1055 1180 1107 κολάσεις
1216 1061 1313 1101 τοῦ
1353 1059 1633 1110 διαβόλου

163 1109 238 1154 ἐκ’
272 1111 366 1164 ἐμὲ
405 1110 790 1170 ἐρχέσθωσαν,
830 1111 1000 1165 μόνον
1034 1112 1124 1156 ἵνα
1158 1112 1334 1171 Ἰησοῦ
1374 1114 1633 1170 Χριστοῦ

162 1165 428 1221 ἐπιτύχω.
495 1171 581 1212 Fae
611 1178 756 1213 tamen
790 1169 1001 1222 Paulum,
1036 1176 1248 1228 perpetuo
1280 1171 1484 1213 miserum
1514 1172 1634 1212 futu-

160 1238 257 1267 rum
296 1240 395 1268 esse
424 1226 641 1269 hominem
679 1242 703 1268 a
734 1226 912 1271 Christo
951 1233 1252 1283 segregatum,
1301 1242 1431 1284 quum
1460 1228 1572 1269 hunc
1599 1229 1633 1272 l.

159 1281 350 1325 dictaret
367 1298 461 1325 eum
483 1284 627 1325 animo
646 1298 727 1326 suo
744 1284 985 1336 cogitasse:
1015 1298 1067 1326 ne
1087 1284 1149 1326 sie
1173 1283 1346 1341 quidem
1367 1283 1463 1341 ejus
1483 1288 1632 1327 votum

159 1338 342 1394 impium
371 1347 488 1383 reete
520 1347 713 1383 vocetur.
780 1340 979 1383 Honeste
1009 1340 1124 1382 enim
1152 1355 1281 1383 uuum
1315 1340 1530 1383 hominem
1552 1341 1633 1382 im-

158 1395 277 1452 pium
307 1411 430 1450 esse,
467 1412 595 1453 quam
623 1398 784 1440 multos
807 1398 1067 1450 sceleratos,
1100 1398 1306 1440 malueris
1342 1411 1631 1454 magnumque

158 1457 281 1494 tuum
295 1468 399 1507 erga
417 1454 531 1496 alios
551 1469 739 1497 amorem
762 1455 869 1496 hene
889 1469 940 1497 eo
954 1454 1175 1504 ostendas,
1205 1453 1318 1510 quod
1337 1458 1468 1496 temet
1488 1455 1631 1511 ipsum

157 1509 289 1551 malle
313 1510 491 1568 impium
511 1517 557 1553 et
577 1512 781 1554 miserum
805 1525 918 1561 esse,
950 1525 1077 1576 quam
1101 1525 1227 1552 caros
1247 1510 1408 1552 :unicos
1431 1511 1632 1568 impieta-

158 1564 218 1605 tis
246 1580 408 1622 poenas
436 1567 586 1608 subire
613 1567 828 1611 declares.
892 1565 1011 1622 Quid
1041 1566 1154 1623 quod
1181 1568 1420 1624 impensam
1442 1582 1563 1608 suam
1586 1568 1629 1608 in

160 1620 385 1664 Christum
421 1625 686 1665 voluntatem
722 1624 801 1665 hoe
838 1622 936 1680 ipso
970 1621 1020 1667 P.
1051 1624 1366 1676 enuntiaverit,
1408 1622 1523 1679 quod
1561 1624 1632 1665 illi

159 1679 322 1722 multos
350 1680 496 1736 potius
528 1679 744 1733 Judaeos‚
782 1695 906 1736 quam
931 1695 1060 1721 unum
1084 1679 1263 1721 Panium
1292 1679 1509 1721 addietum
1532 1694 1629 1721 osse

159 1732 412 1790 optaverit?
459 1735 544 1778 Sed
575 1752 705 1793 quum
734 1737 931 1778 miseriae
960 1737 1254 1778 tantummodo
1287 1736 1372 1778 sibi
1404 1751 1426 1776 a
1449 1736 1629 1779 Christo

157 1791 353 1849 sejuncto
382 1794 554 1834 futurae
579 1796 668 1850 Ap.
690 1794 732 1835 h.
759 1794 792 1837 l.
828 1807 989 1835 memor
1016 1794 1173 1842 fuerit,
1215 1793 1310 1850 ejus
1341 1797 1485 1834 votum
1517 1793 1630 1835 nihil

157 1849 244 1889 nisi
279 1847 620 1892 disertissimum
661 1849 903 1902 singularis
953 1864 1038 1905 quo
1076 1849 1266 1893 Judaeos
1301 1850 1526 1907 amplexus
1560 1853 1630 1890 ost

156 1906 321 1948 amoris
343 1916 643 1961 argumentum
674 1906 883 1950 continet.
941 1906 1035 1948 Hoc
1063 1921 1165 1948 vero
1187 1906 1294 1948 male
1316 1904 1627 1963 reprehendas-

157 1960 274 2004 Nam
304 1962 405 2020 jure
442 1963 710 2006 admiramur
737 1962 1066 2005 benevolentiae
1105 1961 1468 2016 magnitudinem,
1516 1976 1627 2018 quae

154 2019 283 2072 iecit,
314 2024 362 2061 ut
385 2021 552 2062 amicus
580 2034 658 2077 pro
686 2019 824 2060 amico
853 2026 1033 2061 mortem
1057 2027 1260 2077 oppetere
1282 2020 1436 2071 vellet,
1477 2031 1626 2074 quem-

154 2074 383 2118 admodum
406 2075 595 2133 Pylades
626 2089 706 2135 pro
729 2075 890 2118 Oreste
909 2075 1023 2131 (Cic.
1042 2076 1166 2118 Lael.
1187 2077 1229 2127 9,
1241 2076 1312 2118 29.
1340 2075 1495 2131 Eurip.
1521 2074 1627 2118 Alc.

153 2132 240 2175 282
262 2147 328 2188 sq.
358 2134 386 2173 2
405 2132 524 2178 Sam.
542 2135 662 2186 9,1.:
692 2133 749 2176 ef.
775 2134 907 2174 etiam
929 2132 1195 2175 rabbiuicam
1217 2145 1408 2174 summae
1426 2129 1628 2172 caritatis

155 2190 506 2232 testificationem
547 2202 685 2250 7:³52:
715 2203 778 2233 7:2³
815 2189 856 2233 π’)
887 2190 1018 2231 simus
1051 2203 1126 2231 nos
1162 2188 1356 2242 expiatio
1391 2192 1468 2230 ma
1506 2185 1625 2243 apud

157 2244 297 2287 Buxt.
333 2245 588 2289 Lex.ta1m.
625 2262 670 2304 p.
693 2246 842 2299 1078.)
879 2251 1082 2301 recteque
1117 2244 1346 2286 laudamus
1383 2243 1623 2285 Deciorum

156 2299 412 2345 devotiones
440 2303 552 2358 (Cic,
576 2302 636 2347 D.
659 2301 720 2345 N.
740 2302 802 2345 D.
822 2302 865 2354 3,
885 2305 927 2353 6,
947 2301 1035 2354 15.)
1054 2315 1291 2356 eorumque
1312 2297 1492 2342 consilia
1508 2332 1520 2352 ,
1548 2300 1625 2356 qui

157 2372 302 2401 amore
321 2359 495 2401 adducti
517 2373 568 2400 ne
588 2360 738 2402 multis
759 2373 868 2416 quos
887 2359 1125 2410 diligerent
1153 2355 1415 2415 pereundum
1438 2361 1557 2398 esset
1576 2370 1623 2397 se

156 2414 278 2470 ipsos
311 2417 441 2458 morti
462 2421 774 2458 consecrarunt
801 2413 940 2457 Exod.
968 2414 1038 2468 32,
1058 2415 1129 2458 32.
1155 2414 1233 2470 (cl.
1263 2412 1397 2455 Num.
1426 2414 1494 2465 ll,
1518 2413 1623 2466 15.),

157 2471 272 2513 sicut
307 2487 382 2514 eos
416 2479 532 2515 recte
570 2485 874 2524 exsecramur,
923 2471 1020 2527 qui,
1065 2478 1117 2512 ut
1153 2470 1302 2512 multis
1346 2467 1622 2526 prodessent,

156 2540 287 2568 unum
333 2530 472 2570 virum
520 2530 734 2572 insontem
772 2527 936 2586 injuria
971 2526 1245 2569 afficiendum
1293 2539 1389 2567 esse
1429 2524 1622 2580 improbe

155 2591 421 2627 censuerunt
457 2586 557 2630 Joh.
601 2588 666 2638 11,
693 2585 780 2627 50..
855 2583 1000 2627 Nihili
1042 2588 1110 2625 est
1151 2582 1343 2637 Benyelic’
1391 2581 1621 2632 sententia,

157 2653 269 2694 quae
307 2643 529 2686 nonnullis
567 2641 669 2685 VV.
702 2640 808 2684 DD.
849 2654 986 2696 nuper
1014 2639 1260 2697 perplacuit
1297 2642 1361 2683 (ut
1390 2638 1622 2689 Rueck-erto

156 2700 202 2736 et
234 2695 452 2749 Meyero),
504 2698 716 2740 iacienda.
785 2695 832 2738 Is
864 2696 1048 2738 Paulum
1089 2699 1374 2736 excusaturus
1406 2692 1620 2746 magnitu-

153 2751 299 2794 dinem
339 2754 494 2806 animi,
541 2770 667 2810 quam
722 2767 800 2809 pro
838 2751 1000 2795 nostris
1042 2752 1173 2792 animi
1221 2751 1436 2801 angustiis
1484 2749 1620 2789 homi-

157 2822 236 2850 nes
286 2810 490 2863 vulgares
539 2825 619 2850 non
669 2811 913 2866 capiamus,
972 2822 1092 2858 eum,
1150 2812 1198 2849 ut
1245 2807 1393 2849 Mosen
1412 2838 1423 2854 ‚
1483 2805 1617 2845 inter-

156 2864 256 2908 dum
318 2868 379 2908 ita
437 2869 699 2919 abstulisse,
770 2873 816 2909 ut
877 2865 945 2907 sui
1001 2865 1222 2923 paulisper
1272 2863 1620 2914 oblivisceretur,
