1715 3115
147 176 236 222 4⁷6
429 173 815 220 EPISTOLA
845 174 948 220 AD
978 173 1340 221 ROMANOS

150 277 376 331 telligitiS.
406 301 462 308 —
519 275 669 336 Hujus
689 278 722 321 l.
742 278 856 320 ratio
880 283 925 320 et
943 278 1176 332 sententia,
1199 293 1328 336 quam
1347 278 1391 321 in
1412 276 1468 324 1.;
1497 278 1616 325 uebet

150 336 206 379 bie
226 334 446 386 {Bereiensse
464 335 666 387 ssbolucf’ss
685 349 728 391 p.
743 336 815 377 68.
846 335 996 392 paucis
1027 336 1173 378 verbis
1196 336 1372 393 aperui,
1401 334 1457 376 ab
1479 335 1616 377 inter-

149 392 350 449 pretibus
381 391 511 445 vulgo
542 405 624 431 non
653 395 860 448 percepta
889 398 975 435 est.
1041 390 1192 446 Quare
1219 407 1314 434 eum
1342 391 1484 448 primo
1511 391 1616 434 dili-

151 455 305 503 genter
326 447 420 504 ipse
440 447 688 503 explicabo,
719 447 874 489 deinde
896 449 1102 489 nonnulla
1127 448 1413 504 interpretum
1468 453 1616 490 cecata

150 506 353 547 reseram.
420 498 518 554 ῧμῖν
547 500 648 559 γὰρ
680 504 718 546 λ.
737 520 775 545 τ.
796 503 849 558 392]
882 500 982 557 ὑμῖν
1013 505 1070 546 δὲ
1100 504 1137 545 λ.
1159 519 1197 546 τ.
1218 504 1253 547 ἔ.
1284 505 1349 549 Α.
1367 503 1419 547 Β.
1471 506 1514 548 0.
1539 503 1614 547 31.

150 562 224 604 47.
243 561 316 604 73.
337 560 409 604 80.
449 559 553 615 Syr.
573 558 701 614 Copt.
727 561 930 603 Damaso.
950 559 1220 604 Theodoret.
1242 575 1340 604 ms„
1407 558 1616 618 Suscepit

151 619 232 660 boc
256 616 580 660 Lachmamms.
605 618 611 672 Ι
637 615 739 669 ὑμῖν
760 615 872 672 λέγω
892 632 929 657 τ.
948 617 982 659 ἕ.
1009 617 1164 661 Aeth..
1211 616 1508 670 correctores,
1569 615 1615 658 ui

151 674 331 715 voculae
352 670 434 728 γάρ
455 673 667 714 rationem
688 688 771 715 non
792 673 1144 730 perspexissent,
1166 671 1215 716 δέ
1234 672 1436 730 posuisse
1446 631 1579 716 Reiglt
1601 704 1615 726 ,

151 729 253 774 dW.
274 736 318 771 et
337 729 541 782 Dleyerus
560 729 672 770 falso
696 730 1027 773 contenderunt.
1086 728 1269 772 Constat
1287 730 1498 772 librarios
1518 743 1614 771 sae-

151 800 391 844 penumero
420 783 502 840 γάρ
529 790 574 826 et
603 784 651 828 δέ
677 786 937 827 confundere
967 792 1058 827 tum
1091 787 1194 827 aliis
1223 785 1275 827 de
1307 787 1477 838 causis,
1521 790 1614 828 tum

153 842 269 899 quod
291 842 440 883 multis
464 843 572 883 locis
592 849 778 898 utraque
800 843 1011 900 particula
1033 845 1200 898 pariter
1219 848 1318 898 apta
1339 849 1407 884 est
1425 843 1502 898 (cf.
1524 856 1563 885 v.
1578 856 1618 886 o·

151 901 282 943 Rom.
307 901 373 950 ll,
397 900 462 941 16.
496 900 564 950 14,
588 898 654 944 15.
686 900 809 950 15,8.
860 903 881 940 1
904 900 1005 943 Cor.
1026 901 1121 949 7,7.
1151 903 1193 951 9,
1211 902 1277 943 16.
1311 901 1432 950 10‚1.
1466 899 1614 949 11‚31.

154 957 226 1009 13,
243 958 284 1000 9.
335 958 402 1008 16,
420 957 462 997 7.
521 956 622 999 Gal.
646 960 683 1010 l,
707 958 774 999 11.
824 958 865 1003 4,
890 958 960 997 25.
1020 955 1115 998 Col.
1135 956 1177 1008 3,
1194 957 1266 997 25.
1323 956 1462 1000 Hebr.
1484 956 1551 1008 13,
1569 955 1614 998 4.

153 1027 272 1055 verr.
293 1014 393 1054 lect.
414 1017 457 1052 et
475 1011 753 1068 Sclmefernm
773 1012 825 1052 ad
849 1011 1076 1055 Demosth.
1093 1012 1149 1064 V,
1170 1027 1212 1069 p.
1231 1012 1368 1064 353.).
1427 1011 1501 1054 Sic
1522 1012 1615 1054 11.1.

154 1070 211 1112 ad
239 1083 312 1112 vos
342 1073 517 1110 autem
548 1072 621 1124 (ne
650 1074 750 1110 ante
779 1070 892 1110 dicta
926 1084 964 1111 v.
987 1070 1054 1111 12.
1083 1084 1158 1111 vos
1187 1068 1430 1122 offendant)
1455 1068 1615 1110 oratio-

152 1140 250 1167 nem
279 1139 417 1167 meam
445 1126 579 1181 ‹liriyo
607 1127 786 1182 ycnie'les
815 1141 896 1167 non
927 1126 1067 1179 magis
1098 1127 1294 1167 minusve
1321 1131 1422 1181 apte
1446 1125 1614 1166 dicere-

153 1189 251 1236 tur,
291 1195 419 1238 quam
448 1182 505 1223 acl
532 1196 600 1224 vos
629 1182 766 1224 enim
797 1184 865 1238 (ut
895 1183 1145 1238 scrupulum
1177 1183 1300 1223 vobis
1330 1183 1522 1223 fortasse
1548 1181 1615 1222 in-

146 1238 312 1295 jectum
357 1252 411 1279 ex
448 1238 607 1281 animis
646 1239 807 1280 vestris
847 1241 1051 1288 evellam)
1099 1240 1228 1281 verba
1264 1237 1381 1294 facio
1418 1236 1614 1293 gentiles.

151 1296 300 1338 Probo
321 1301 463 1336 tamen
483 1292 579 1350 γάρ.
647 1293 762 1337 Nam
793 1310 926 1338 novae
955 1295 1159 1337 lectionis
1185 1295 1358 1336 initium
1389 1309 1430 1338 v.
1451 1294 1518 1336 13.
1549 1294 1615 1334 se-

151 1353 266 1393 cisse
296 1351 491 1400 videtur,
528 1356 576 1392 ut
602 1353 819 1408 particula
847 1352 930 1406 γάρ
963 1367 986 1393 a
1012 1351 1058 1395 P.
1083 1351 1225 1408 posita
1247 1350 1468 1392 deleretur
1494 1343 1615 1405 (ὗμῒν

152 1408 265 1463 λέγω
286 1408 378 1451 κτλ.
399 1422 438 1451 v·
462 1407 753 1451 Matthaeium
775 1409 843 1451 ed.
868 1411 1015 1461 mim),
1055 1423 1140 1464 quo
1164 1410 1277 1449 sacto
1299 1408 1352 1447 ab
1373 1407 1474 1448 aliis
1494 1411 1613 1447 recte

150 1465 348 1521 reposita
370 1471 460 1517 est,
498 1464 553 1505 ab
574 1466 677 1506 aliis
699 1467 911 1522 particula
936 1466 984 1507 δέ
1011 1468 1084 1519 (cf.
1108 1479 1146 1506 v.
1170 1466 1259 1517 12.)
1289 1462 1331 1503 in
1353 1463 1447 1521 ejus
1470 1463 1611 1504 locum

153 1522 353 1564 suffecta.
412 1520 614 1563 Ceterum
644 1536 760 1565 vocc.
788 1519 886 1574 ὑμῖν
912 1518 993 1575 γάρ
1022 1521 1133 1574 λέγω
1159 1524 1251 1568 τοῖς
1276 1520 1451 1561 ἔθνεσιν
1472 1532 1613 1576 neque

153 1577 210 1619 ad
232 1592 306 1630 ea,
338 1591 447 1633 quae
469 1578 735 1633 praecedunt
757 1593 795 1620 V.
820 1580 884 1620 12.
905 1578 1122 1630 (Morus),
1162 1591 1302 1632 neque
1324 1576 1377 1616 ad
1399 1581 1532 1616 totam
1561 1574 1611 1616 P.

154 1635 497 1690 disputationem
529 1648 570 1677 V.
593 1636 663 1677 ll.
685 1660 733 1666 -
753 1635 820 1675 32.
852 1633 1041 1687 (ΙίεῐσΙι.)
1070 1632 1314 1688 pertinent,
1351 1628 1427 1673 sed
1459 1632 1512 1672 ad
1546 1645 1612 1683 ea,

155 1704 268 1747 quae
297 1695 541 1745 sequuntur
572 1705 608 1731 v.
630 1692 862 1732 13,--32..
922 1687 1012 1743 ’Ἐφ’
1034 1686 1137 1729 ὅσον
1158 1689 1200 1731 h.
1222 1689 1253 1730 1.
1276 1689 1391 1730 valet
1414 1689 1455 1730 in
1477 1703 1612 1744 (leccen-

153 1752 244 1790 ium
267 1747 310 1791 h.
334 1761 372 1789 e.
393 1751 598 1800 qucttenus
622 1747 800 1803 (Mattb.
820 1747 890 1798 25,
909 1747 980 1787 40.
999 1745 1070 1786 45.
1102 1745 1298 1796 Erasm.‚
1329 1744 1495 1799 Rezce),
1526 1758 1611 1784 nou

153 1803 354 1858 «Iucundiu
377 1802 556 1855 (Matth.
575 1805 617 1855 9,
639 1803 706 1846 15.
737 1805 764 1843 2
789 1802 906 1844 Petr.
930 1805 966 1852 l,
991 1805 1054 1845 13.
1089 1800 1298 1857 Polyaen.
1318 1803 1359 1853 6,
1376 1803 1446 1844 22.
1478 1802 1520 1853 7,
1538 1800 1613 1845 34.

153 1859 214 1902 lit.
236 1859 371 1913 Vulg.
396 1857 485 1901 PP.
505 1860 622 1914 lat.).
682 1859 795 1901 Nam
820 1858 956 1901 Paulo
978 1860 1054 1899 boc
1075 1857 1303 1898 dicendum
1324 1864 1413 1900 est:
1443 1872 1489 1898 se
1509 1871 1614 1913 qna-

155 1921 278 1958 tenus
305 1915 593 1969 yentz‘le'um
623 1918 835 1971 apostolus
856 1917 911 1957 sit
932 1914 1138 1956 tentanda
1161 1915 1208 1956 eti
1235 1928 1296 1966 re,
1329 1928 1438 1969 quae
1460 1928 1523 1956 vs.
1539 1913 1610 1958 14.

154 1973 411 2028 exponitur,
451 1986 606 2018 munus
633 1988 758 2015 suum
790 1974 969 2014 illustre
992 1971 1172 2012 reddere
1192 1985 1271 2012 mm
1292 1976 1495 2027 qucttemcs
1509 1983 1613 2024 yen-

152 2028 293 2071 it'lc'um
317 2030 531 2082 apostolus
559 2043 656 2071 non
685 2030 765 2081 sil,
791 2030 866 2070 secl
886 2034 1053 2071 tccnlnm
1073 2028 1286 2079 apostolus
1308 2028 1348 2067 in
1371 2027 1610 2067 univer-mm

151 2087 215 2139 (v.
237 2085 388 2140 infra).
453 2086 615 2127 Altera
636 2086 869 2142 explicatio
889 2086 1109 2141 (quamdin
1130 2098 1223 2125 sum
1245 2083 1318 2137 —)
1341 2082 1442 2124 iniri
1464 2081 1614 2137 nequit

172 2147 411 2197 ›ropterea,
454 2141 567 2198 quod
588 2141 639 2186 P.
662 2157 709 2183 se
731 2157 812 2183 nou
834 2142 887 2182 ad
913 2145 1041 2183 breve
1071 2147 1264 2197 tempus,
1304 2154 1387 2195 quo
1416 2147 1613 2195 praeter-
1642 2178 1646 2183 ,

150 2155 280 2255 lapso
300 2198 414 2238 alius
434 2199 579 2240 nescio
601 2199 698 2254 quis
720 2199 805 2241 sibi
827 2211 1110 2242 successurus
1130 2202 1268 2247 esset,
1301 2195 1374 2237 sed
1397 2209 1534 2250 usque
1557 2194 1611 2235 ad

152 2268 251 2296 eum
284 2254 424 2308 diem,
462 2270 547 2311 quo
569 2255 774 2298 Christus
803 2257 856 2296 de
884 2256 1004 2296 coelo
1035 2254 1256 2295 rediturus
1287 2258 1405 2293 esset
1430 2251 1519 2305 (13,
1543 2252 1612 2293 10.

151 2312 182 2352 2
203 2310 306 2355 Cor.
326 2311 368 2363 5,
385 2312 430 2354 4.
451 2314 564 2367 sq.)‚
602 2312 832 2366 gentilium
860 2312 1103 2368 apostolum
1133 2309 1365 2350 constitum
1393 2321 1488 2349 esse
1519 2308 1611 2347 exi-

153 2367 350 2409 stimavit
378 2368 470 2421 (15,
491 2370 560 2412 16.
608 2369 711 2414 Gal.
731 2372 771 2419 2,
788 2370 831 2410 7.
849 2382 917 2423 sq.
969 2367 1080 2423 pr.
1099 2366 1142 2418 3,
1160 2367 1242 2418 8.).
1318 2363 1610 2419 Quamobrem

154 2437 210 2466 ne
229 2428 321 2466 tum
341 2423 539 2480 quidem,
569 2439 699 2481 quum
729 2422 794 2480 ἐφ’
818 2420 923 2465 ὅσον
949 2422 1028 2475 μὲν
1059 2420 1157 2476 ἐγώ
1190 2419 1281 2474 εἰμι’
1305 2421 1340 2463 ἑ.
1361 2418 1400 2462 ἆ.
1421 2419 1611 2476 scripse-

153 2481 219 2522 ris
238 2481 466 2536 (quamdiu
486 2496 558 2537 eqo
577 2496 670 2523 sum
692 2494 957 2537 paganorum
980 2479 1206 2535 apostolus
1226 2491 1365 2532 neque
1382 2477 1496 2517 alius
1517 2490 1610 2517 mu-

155 2538 252 2578 neri
281 2550 375 2578 meo
403 2538 712 2590 successerit),
752 2538 834 2578 ista
858 2535 1160 2592 interpretatio
1182 2547 1328 2575 sanam
1351 2532 1610 2575 sententiam

155 2592 355 2649 praebet.
420 2595 516 2648 μὲν]
548 2609 634 2639 om.
663 2594 721 2637 D.
742 2593 793 2635 E.
815 2592 866 2636 F.
889 2593 943 2635 G.
964 2593 1008 2635 4.
1036 2594 1079 2634 9.
1106 2591 1176 2634 39.
1202 2591 1274 2631 54.
1306 2588 1424 2632 Clar.
1447 2589 1610 2632 Boern.

155 2648 442 2692 Ambrosius.
477 2651 483 2705 Ι
517 2652 597 2703 μὲν
617 2644 693 2692 οὖν
712 2650 921 2705 praebent
941 2650 1001 2690 A.
1024 2647 1075 2689 B.
1097 2648 1147 2691 C.
1215 2645 1310 2686 Scri
1331 2646 1405 2686 »sit
1429 2646 1508 2698 μὲν
1534 2639 1611 2685 οὖν

158 2706 478 2748 Lachmanuus.
553 2705 656 2748 Me'v
683 2705 862 2755 Rueck..
903 2703 1079 2755 Reicle„
1116 2704 1144 2743 d
1155 2701 1214 2744 W.
1242 2706 1286 2742 et
1344 2701 1516 2753 leyen-us
1547 2701 1607 2741 ita

156 2763 468 2814 defenderunt,
507 2767 556 2804 ut
583 2761 679 2819 ejus
707 2762 986 2803 omissionem
1014 2757 1332 2800 correctoribus
1353 2758 1611 2806 tribuerent,

159 2833 270 2879 quos
298 2818 502 2872 voculae,
540 2810 669 2877 qu'am
699 2817 751 2861 δέ
778 2831 861 2859 non
892 2816 1136 2875 exciperet,
1173 2813 1286 2856 ratio
1313 2812 1612 2871 praeterisset.
