1715 3115
122 159 208 202 342
408 158 783 204 EplsToLA
825 162 1318 206 ADROMANOS

130 263 233 306 494.
256 263 324 304 cd.
345 265 413 307 4.:
443 265 548 307 tulit
573 267 693 308 Deus
714 267 941 310 admodum
967 271 1202 312 clementer
1225 269 1388 311 invisos
1406 267 1604 310 homiues

131 321 260 363 etiam
284 329 532 376 propterea,
565 329 608 364 ut
631 327 747 378 (naui
769 328 988 367 contraria
1010 341 1062 368 ex
1082 327 1317 368 contrariis
1339 326 1606 374 elucescunt)

136 377 320 433 amplam
353 393 473 418 suani
500 379 805 431 benignitatem
838 397 940 433 erga
963 383 1157 424 homines
1181 383 1365 424 dilectos
1387 383 1604 423 illustrem

137 434 315 476 faceret.
385 433 690 488 ludulgentia,
738 439 822 493 qwzt
862 440 1015 481 invisis
1053 439 1298 481 hominihus
1336 444 1607 495 parceretur,

137 489 180 531 id
212 490 307 530 lieri
337 505 420 531 non
451 493 648 548 potuisse
678 493 836 538 elucet.
910 494 998 537 lino
1029 501 1076 537 ut
1107 502 1266 552 quanta
1299 500 1417 536 esset
1447 493 1531 535 Dei
1562 492 1607 533 in

137 560 264 587 caros
295 547 490 588 homiues
523 549 820 591 benevolentia
844 553 1092 608 comparata
1116 552 1279 592 suumna
1301 565 1449 592 eorum
1469 548 1609 591 felici-

138 607 229 643 tate
259 617 353 644 cum
375 618 613 660 poenarum
638 607 698 645 im
714 607 790 648 isis
812 610 1059 649 hominibus
1091 609 1349 649 inflictarum
1372 606 1610 648 acerbitate

139 661 509 715 persentiremus,
550 677 677 717 quam
710 665 892 719 priunum
924 673 967 705 et
1000 666 1043 706 hi
1080 666 1204 706 valde
1233 663 1440 718 puniendi
1469 668 1512 704 et
1542 661 1611 702 illi

141 717 318 767 egregie
349 719 532 759 ornandi
565 720 755 763 suerunt.
826 720 980 763 Paullo
1013 722 1166 762 melius
1201 721 1311 764 Win.
1346 735 1413 774 gr.
1444 734 1487 776 p.
1507 717 1611 761 443»

143 772 213 814 ed.
234 773 276 814 3.
300 774 410 815 hunc
427 775 459 816 l.
479 777 722 819 enarravit:
752 802 805 807 --
836 779 940 819 tulit
967 778 1090 819 Deus
1116 777 1453 819 clementissime
1477 773 1614 817 homi-

143 842 222 869 nes
251 828 415 872 invisos
447 831 577 873 etiam
605 834 685 874 hoc
712 834 918 886 consilio,
960 841 1007 875 ut
1033 835 1181 888 largas
1205 832 1487 887 benignitatis
1509 845 1613 872 suae

145 899 251 940 opes
275 886 316 926 in
337 901 461 929 caros
486 889 680 930 homines
702 891 967 945 patefaceret
987 892 1029 933 h.
1050 906 1088 934 e.
1110 897 1158 933 ut
1180 891 1328 932 dilecti
1352 890 1448 930 Deo
1476 886 1614 929 homi·

147 954 225 982 nes
252 948 456 997 quantam
497 960 598 995 erga
630 960 676 986 se
711 946 829 987 Deus
861 948 1202 988 benevolentiam
1241 947 1344 986 olim
1373 946 1616 986 collaturus

146 1003 265 1039 esset
283 1013 304 1040 e
326 1002 479 1053 magna
503 1002 769 1056 indulgentia
792 1003 1078 1060 conjicerent,
1109 1006 1190 1060 qna
1216 1005 1257 1044 in
1284 1003 1450 1044 invisos
1471 999 1615 1041 homi-

150 1067 227 1096 nes
260 1055 433 1100 fuisset.
493 1057 582 1099 Sed
603 1074 656 1100 ne
689 1060 791 1101 hacc
817 1060 991 1115 quidem
1018 1061 1233 1130 expositio
1257 1059 1434 1117 probari
1455 1060 1617 1114 potest.

152 1109 439 1167 Perspicuum
468 1121 538 1156 est
567 1117 704 1167 enim,
741 1130 780 1159 v.
811 1115 881 1157 ἵνα
912 1131 1155 1173 γνωρισῃ
1184 1142 1235 1147 -
1269 1114 1345 1157 ἐπὶ
1374 1130 1440 1156 σκ.
1467 1110 1619 1160 ἐλέους

153 1166 207 1208 ad
228 1181 320 1210 eam
343 1171 676 1226 patefactionem
699 1172 967 1214 referendam
983 1188 1097 1225 esse,
1127 1173 1210 1229 qua
1236 1187 1281 1214 re
1294 1176 1334 1213 et
1352 1170 1487 1228 facto,
1517 1169 1559 1212 h.
1579 1181 1619 1212 e.

155 1224 270 1265 vitae
283 1232 485 1269 aeternae
501 1229 749 1283 largitione,
770 1244 933 1270 summa
947 1229 1031 1270 Dei
1045 1229 1291 1283 benignitas
1303 1227 1622 1269 manifestetur.

155 1279 271 1322 Nam
302 1284 450 1337 paullo
480 1292 580 1326 ante
601 1300 640 1327 v.
664 1287 734 1327 22,
764 1287 955 1326 voluisse
976 1286 1118 1327 Deum
1149 1300 1269 1327 suain
1290 1283 1524 1341 potentiam
1545 1295 1622 1336 pa-

155 1338 344 1379 tefacere
364 1340 595 1382 horninibus
610 1343 833 1395 perdendis
852 1342 945 1398 Ap.
969 1342 1079 1383 dixit
1108 1342 1200 1395 (καὶ
1228 1340 1438 1394 γνωρίσαι
1466 1337 1517 1379 τὸ
1543 1339 1623 1378 δι)-

154 1393 283 1434 νατὸν
302 1394 471 1438 αὑτοῦ,·.
529 1398 639 1438 Mihi
660 1398 722 1438 sie
742 1399 928 1442 videtur.
989 1397 1079 1440 Καί
1091 1397 1210 1440 v.23.
1232 1402 1271 1438 el
1292 1397 1456 1454 (lotidem
1478 1392 1623 1435 decla-

161 1454 252 1501 rat,
279 1455 346 1503 et,
377 1457 423 1493 ut
443 1457 657 1494 sententia
682 1469 718 1497 v.
742 1455 812 1497 213,
837 1461 953 1496 recte
974 1454 1270 1507 intelligatur,
1313 1454 1415 1493 haec
1437 1449 1624 1494 tenenda

161 1512 279 1550 sunt.
344 1505 406 1548 Ἐν
434 1510 497 1563 τῷ
524 1508 651 1551 αἰῶνι
682 1512 743 1564 τῷ
771 1509 975 1560 ,admont
1009 1511 1120 1552 nulli
1148 1516 1384 1550 nascuntur
1415 1507 1625 1555 homines,

161 1561 237 1602 sed
267 1563 340 1618 qui
371 1562 418 1605 ἐν
437 1565 498 1618 τῷ
529 1563 654 1606 αἰῶνι
685 1566 825 1621 τούτῳ
861 1568 1061 1607 vixerunt
1087 1567 1245 1623 partim
1277 1566 1317 1606 in
1349 1563 1513 1618 geenna
1534 1567 1626 1604 tor-

163 1626 376 1673 quentur,
405 1621 563 1674 partim
586 1621 629 1662 in
651 1636 784 1675 regno
807 1623 1022 1664 messiano
1045 1624 1219 1678 vitaque
1243 1621 1420 1662 aeterna
1443 1622 1628 1661 beantur

162 1676 376 1730 (expende
405 1677 511 1720 Luc.
534 1678 603 1730 20,
622 1677 694 1720 35.
722 1679 751 1718 2
771 1678 873 1721 Cor.
896 1681 936 1730 5,
961 1681 1027 1721 10.
1056 1685 1099 1719 et
1122 1679 1258 1720 Hebr.
1282 1678 1471 1730 11,40.).
1528 1674 1627 1718 Jam

162 1729 202 1771 si
232 1732 379 1786 paullo
442 1739 510 1774 ost
537 1733 703 1776 Christi
739 1736 777 1774 in
808 1736 974 1775 coelum
1014 1735 1201 1776 reditum
1236 1733 1356 1775 Dens
1383 1732 1631 1774 obstinatos

164 1788 238 1841 qui
264 1787 388 1828 tidem
413 1747 571 1830 liabere
593 1791 833 1831 noluissent
856 1790 1050 1834 ,ludaeos
1080 1806 1160 1848 per
1183 1790 1405 1832 Christum
1426 1789 1480 1829 ad
1501 1800 1631 1829 exer-

162 1843 343 1884 cendum
360 1845 569 1901 judicium
598 1846 640 1887 in
661 1852 821 1887 terram
848 1849 1077 1888 remissum
1111 1848 1152 1888 in
1173 1853 1339 1888 tartara
1361 1844 1634 1902 conjecisset,

166 1901 449 1955 patefacisset
487 1903 562 1942 ille
605 1903 776 1957 quidem
813 1907 932 1959 (nani
973 1905 1086 1945 vitae
1125 1910 1330 1945 aeternae
1370 1901 1548 1954 largitio
1588 1906 1633 1941 et

168 1956 415 1998 amandatio
438 1958 479 1999 in
500 1964 665 2000 tartara
687 1959 914 2016 conjuncta
938 1965 1059 2012 sunt,
1090 1974 1130 2003 v·
1155 1963 1309 2016 supra)
1340 1957 1436 2013 τὴν
1467 1955 1634 2006 δόξαν

168 2007 338 2053 aizoi]
381 2011 456 2055 ἐπὶ
495 2013 629 2069 σκεύη
670 2013 821 2065 ἐλέους
851 2013 878 2055 ἃ
915 2014 1243 2071 προητοίμασεν
1282 2012 1346 2064 εἰς
1377 2011 1508 2062 δόξαν
1546 2013 1634 2063 (tot

169 2068 280 2125 enim
321 2069 471 2110 dilecti
511 2071 731 2123 homines,
774 2073 933 2128 quihus
964 2073 1078 2113 vitae
1117 2077 1319 2113 aeternae
1357 2067 1634 2125 splendorem

171 2122 296 2166 Deus
328 2125 616 2179 destinasset,
657 2128 698 2168 in
735 2129 955 2170 beatorum
989 2129 1112 2169 sedes
1133 2128 1315 2180 benigne
1340 2125 1503 2181 recepti
1525 2123 1637 2165 suis-

171 2187 292 2232 sent,
324 2189 428 2237 quot
448 2190 535 2224 tum
557 2185 766 2238 temporis
787 2185 957 2226 invitati
977 2183 1101 2225 fidem
1126 2184 1403 2233 habuissent,
1441 2179 1637 2236 quando-

173 2236 344 2291 quidem
376 2238 459 2279 tide
488 2240 743 2292 integritas,
786 2241 1038 2294 integritate
1066 2241 1153 2282 vita
1187 2245 1361 2281 aeterna
1391 2244 1575 2294 paratur
1596 2248 1638 2278 v.

174 2309 265 2346 not.
294 2305 346 2344 a=l
381 2308 417 2357 l,
443 2307 536 2356 17„
585 2307 629 2349 h.
660 2320 698 2348 e.
729 2309 877 2360 oppido
904 2308 1080 2360 pauci),
1111 2305 1188 2347 sed
1219 2296 1324 2344 τὸν
1368 2300 1639 2342 πλοῦτον

173 2360 252 2413 τῆς
273 2361 403 2416 δόξης
423 2358 558 2403 abso&
577 2361 654 2403 ἐπὶ
674 2361 806 2416 σκεύη
828 2361 975 2411 ἐλέους
989 2394 997 2409 ,
1030 2360 1057 2403 ἂ
1077 2358 1406 2418 προητοίμασεν
1424 2357 1488 2409 εἷς
1510 2354 1640 2405 δόξαν

176 2427 260 2456 non
294 2417 642 2469 :manifestassem
680 2418 792 2473 quod
817 2432 896 2476 pro
917 2420 994 2460 susi
1016 2419 1282 2470 benignitate
1310 2417 1451 2457 facere
1475 2414 1640 2456 voluis·
1672 2428 1675 2434 ’

176 2477 260 2514 set.
319 2471 474 2529 ltaque
504 2473 791 2530 pervicacium
823 2474 1087 2519 „Iudaeorum
1124 2487 1304 2530 poenam
1345 2471 1641 2528 procrastina-

177 2527 262 2578 vit,
297 2528 426 2582 idque
462 2537 715 2586 propterea,
759 2534 806 2571 ut
835 2531 980 2573 mullis
1011 2530 1187 2571 beandis
1218 2528 1492 2579 hominibus,
1531 2539 1642 2583 quos

178 2596 256 2638 pro
292 2593 370 2625 sua
397 2586 437 2626 in
467 2600 544 2627 eos
576 2587 800 2627 voluntate
833 2586 886 2627 ad
920 2588 1031 2628 vitae
1052 2587 1343 2642 sempiternae
1364 2581 1641 2641 splendorem

176 2648 507 2695 praeparasset,
553 2656 657 2682 suae
691 2642 974 2696 benignitatis
1002 2641 1173 2684 divitias
1205 2641 1469 2688 declararet,
1511 2651 1643 2695 quum

179 2701 350 2751 tempus
378 2697 646 2751 relinqueret
716 2712 799 2752 qno
822 2712 898 2750 per
921 2697 1215 2739 invitationem
1243 2696 1296 2737 ad
1319 2696 1444 2738 tidem
1465 2694 1644 2738 Christo

178 2750 494 2805 adjungendam
525 2753 649 2794 multi
683 2753 836 2795 adduci
866 2761 1058 2809 possent.
1124 2753 1268 2795 Totus
1301 2753 1356 2803 l.‚
1394 2752 1492 2794 siv.
1513 2749 1645 2794 V.23·
1691 2759 1696 2774 ³

179 2809 252 2849 nai
268 2804 337 2849 ἵνα
360 2805 547 2865 γνωρίσῃ
569 2809 656 2849 κτλ,
678 2823 700 2850 e
722 2822 836 2855 voce.
851 2825 889 2853 ν.
902 2810 968 2854 22,
991 2804 1160 2867 ἤνεγκεν
1181 2808 1224 2852 ἐν
1243 2808 1387 2865 πολλῇ
1403 2822 1535 2864 μακρ.
1554 2804 1644 2848 κτλ.
