1715 3115
414 176 573 223 CAP.
603 176 771 223 VIII.
825 179 917 224 Vs.
952 181 1030 225 15.
1070 185 1123 222 ct
1156 181 1248 225 16..
1497 180 1580 221 141

101 286 251 346 opinio
273 285 467 336 corruit,
498 283 573 341 qni
605 282 791 326 Paulum
815 281 956 338 ὼῖβᾶ,
989 284 1012 326 ὁ
1037 283 1186 342 πατήρ
1210 298 1329 327 more
1351 283 1581 327 blandien-

101 346 227 395 tium,
259 343 333 399 qui
357 356 486 383 voces
510 340 684 383 easdem
708 348 906 399 repetere
930 344 1089 395 solent,
1110 343 1344 401 scripsisse
1363 347 1580 388 autumat.

100 401 313 444 Absurde
327 399 527 440 Calvinus
547 403 650 455 post
663 399 974 453 Auynsrinnm:
1004 400 1293 457 „Duplicatio
1313 400 1579 455 appellatio-

100 458 170 499 nis
194 470 271 514 per
294 456 495 497 diversas
520 470 648 495 voces
671 456 1054 511 amplificationem
1077 458 1285 500 continet.
1346 456 1580 510 Significat

99 513 216 556 enim
251 511 301 555 P.
336 513 395 553 ita
428 527 539 552 'tunc
574 526 652 569 per
682 518 821 554 totum
856 513 1057 555 mundum
1083 515 1346 570 publicatam
1370 528 1469 555 esse
1493 513 1580 556 Dei

99 569 475 620 misericordiam,
505 574 553 611 ut
588 569 832 624 promiscue
855 570 1008 626 linquis
1034 572 1222 613 omnibus
1254 572 1480 612 invocetur
1507 596 1578 614 —.

99 627 220 682 Ergo
243 628 358 668 inter
381 640 531 668 omues
553 631 706 679 gentes
718 628 1237 683 consensumexprimere
1253 628 1406 670 voluit.
1448 626 1578 669 Unde

101 684 308 741 sequitur
329 683 438 724 nibil
455 683 546 739 jam
572 683 749 725 dill'erre
770 684 979 725 Graecum
1003 699 1024 724 a
1040 686 1214 734 Jmlaeo,
1238 699 1367 741 quum
1390 685 1507 726 inter
1529 698 1578 726 se

100 742 394 784 coaluerint.“
454 739 722 798 Hujusmodi
758 754 897 790 nugas
930 742 1151 794 congessit
1191 741 1359 795 JVolfius
1389 741 1441 782 ad
1467 742 1578 786 h.l..

101 798 291 840 Strenue
325 797 455 838 etiam
490 797 643 849 nugati
673 803 773 838 sunt
799 796 993 840 lelncc.
1014 802 1058 839 et
1083 798 1226 851 Olsln,
1260 799 1456 840 homines
1475 813 1578 855 pro-

101 855 250 907 fundi,
316 855 589 904 Theodoreti,
656 853 843 896 Albertii
882 854 1157 911 aliorumque
1207 856 1335 909 nugis
1374 856 1578 899 recoctis.

100 913 242 968 (Raro
275 911 387 951 enim
424 910 630 967 profundi
661 911 950 967 interpretes,
1003 912 1077 968 qui
1117 913 1434 954 tenebricosam
1468 914 1576 954 banc

101 975 287 1010 aetatem
308 968 404 1008 luce
425 966 692 1024 perfundunt
715 971 809 1020 sua,
840 982 970 1023 quum
994 969 1189 1010 homines
1214 972 1301 1011 sint
1325 971 1491 1011 nullius
1512 971 1578 1010 in-

101 1026 219 1080 genii
251 1025 542 1080 minimaeque
573 1024 824 1076 doctrinae,
858 1039 909 1065 ne
942 1025 1176 1067 facultates
1195 1041 1298 1068 suas
1322 1041 1425 1068 sane
1447 1041 1576 1084 quam

102 1084 286 1137 exiguas
309 1082 395 1122 cito
420 1082 703 1134 exhauriant,
732 1081 899 1135 ingenii
923 1083 990 1123 sui
1020 1083 1192 1124 inventa
1216 1085 1470 1141 proferunt,
1501 1083 1578 1125 sed

104 1146 150 1181 ut
168 1139 356 1197 perditis
379 1139 592 1179 ecclesiae
614 1139 770 1181 christ.
793 1138 926 1179 rebus
942 1140 1115 1181 sortiter
1128 1146 1397 1194 succurrant,
1422 1141 1579 1182 absur-

102 1196 282 1238 dissima
316 1210 514 1252 (piaeque
546 1202 588 1236 et
621 1196 839 1254 quaejam
861 1195 1022 1237 dudum
1042 1199 1219 1255 explosa
1258 1199 1347 1239 sint
1383 1205 1578 1240 veterum

100 1259 340 1296 commenta
364 1253 570 1293 audacter
601 1258 810 1293 revocant
831 1253 1000 1308 iisque,
1034 1269 1085 1295 ne
1110 1271 1130 1294 a
1156 1256 1264 1296 viris
1294 1255 1455 1313 jejunis
1475 1270 1577 1296 con-

101 1312 225 1353 tinuo
247 1310 569 1361 exsibilentur‚
600 1310 712 1350 nihil
745 1310 840 1352 lieri
875 1324 1006 1365 posse
1033 1304 1316 1368 prolundius',
1347 1313 1578 1370 imperitae

102 1368 358 1425 plebeculae
379 1367 566 1417 gratiam
590 1373 834 1423 captantes,
866 1367 1109 1422 dictitant.)
1171 1369 1418 1411 Tholncce'us
1440 1370 1577 1424 igitur

102 1431 145 1466 et
160 1424 276 1467 Olslt.
292 1422 476 1465 Paulum
501 1437 647 1464 vocem
672 1425 932 1464 aramaicam
958 1438 1041 1482 ⁸3⁸⁸}
1060 1432 1290 1483 propterea
1316 1427 1578 1482 apposuisse

134 1481 433 1533 erhibuerunt,
451 1479 566 1536 quod
584 1480 677 1536 ipso
690 1495 795 1521 sono
811 1495 1044 1537 puerorum
1066 1484 1286 1537 ingenium
1308 1483 1578 1537 referret(!).
1623 1505 1627 1511 ·

100 1496 242 1582 Eosse
275 1538 389 1579 enim
423 1539 491 1578 vel
524 1537 819 1578 balbutientes
844 1539 1036 1580 infantes
1052 1554 1195 1594 papa,
1223 1554 1436 1594 mamma,
1465 1541 1577 1583 abba

101 1595 391 1654 pronuntiare
414 1594 684 1649 (Amemus,
716 1595 879 1649 Olsh.)3
910 1600 954 1636 et
975 1597 1118 1638 solere
1140 1612 1301 1654 pueros
1325 1603 1415 1639 tum
1438 1598 1577 1639 maxi-

102 1667 169 1694 me
205 1650 322 1705 &sit-ic}
354 1653 657 1707 frequentare,
710 1667 839 1708 quum
872 1651 1030 1694 fiducia
1063 1654 1182 1710 pleni
1216 1660 1385 1712 patrem
1417 1654 1577 1696 blande

101 1709 278 1751 adirent
307 1708 608 1764 (Theodorou,
652 1708 884 1763 Thelme).
953 1709 1085 1753 Jesus
1115 1712 1175 1752 mi
1203 1716 1331 1764 pater
1358 1712 1577 1753 aramaice

103 1786 302 1828 dicturus
325 1792 400 1826 aut
421 1799 519 1842 κῃ,
546 1764 657 1840 ifDJ,
689 1791 765 1828 aut
783 1801 878 1842 ³:2⁸3,
908 1766 1007 1840 mavi
1038 1803 1122 1830 non
1144 1792 1318 1845 poterat
1339 1802 1422 1830 non
1447 1804 1576 1831 usur-

103 1869 228 1911 pare.
292 1851 527 1894 Praeterea
561 1844 810 1895 hominibus
839 1856 994 1900 christ.
1023 1872 1258 1914 puerorum
1291 1859 1502 1901 modestia
1533 1866 1578 1903 et

103 1911 378 1961 innocentia,
412 1923 493 1950 non
525 1911 806 1966 pamulorum
836 1913 1010 1956 inscitia
1041 1922 1086 1955 et
1107 1916 1344 1971 puerilitas
1366 1917 1577 1960 imitanda

101 1974 172 2010 est
193 1968 353 2010 Matth.
381 1967 457 2017 18,
487 1966 530 2009 3.
562 1969 584 2007 1
611 1967 714 2009 Cor.
741 1968 819 2018 14,
847 1969 937 2014 20..

211 2044 271 2087 V.
300 2046 366 2086 10.
400 2041 636 2086 Concludit
665 2044 758 2096 Ap.
792 2045 1003 2086 rationem
1029 2060 1052 2088 e
1074 2061 1137 2090 νε.
1161 2049 1229 2090 14.
1250 2053 1295 2091 et
1319 2051 1385 2094 15.
1408 2051 1465 2092 ita
1482 2083 1493 2103 ,
1528 2057 1576 2093 ut

100 2102 368 2144 sententiam
394 2101 619 2141 collectam
635 2100 781 2140 verbis
805 2102 1018 2157 proximis
1034 2128 1082 2133 —
1101 2099 1191 2145 ἐντί]
1209 2105 1424 2160 κράζο,ιιειι
1442 2104 1574 2160 cimici,

101 2155 124 2201 ὃ
168 2156 317 2213 πατήρ
359 2156 560 2213 adaptet:
594 2158 684 2210 ipse
717 2157 800 2197 Dei
829 2159 1030 2211 spiritum,
1083 2147 1408 2219 bet‘Gssottcssgeist
1439 2166 1575 2218 sclbst

98 2220 203 2271 (non
224 2216 364 2265 alius,
400 2214 546 2255 nescio
579 2214 704 2269 quis:
740 2227 777 2255 v.
813 2224 902 2258 not.
925 2215 978 2256 ad
1003 2219 1052 2267 7,
1082 2217 1180 2267 25,;
1212 2220 1434 2274 ploramus
1457 2222 1571 2263 enim

100 2273 194 2331 ejus
225 2273 411 2329 spiritus
448 2271 664 2327 impulsu:
700 2270 758 2310 me'
788 2276 917 2323 puter
947 2287 985 2315 v.
1012 2273 1101 2326 15.)
1133 2277 1297 2317 sociata
1322 2281 1454 2329 opem?
1477 2293 1569 2320 cum

98 2334 243 2372 nostro
260 2329 416 2383 spiritu
439 2328 544 2383 (i.e.
563 2327 711 2368 nosti-1⁴1
729 2334 868 2369 mente
897 2327 1032 2372 [Cor.
1053 2333 1093 2381 2,
1119 2331 1207 2384 11.)
1228 2347 1304 2373 nos
1318 2334 1400 2375 Dei
1419 2333 1572 2377 liberos

97 2401 188 2428 csse
215 2390 417 2427 testatur.
501 2383 763 2439 Asyndeton
800 2386 843 2425 in
873 2387 993 2438 gravi
1017 2387 1293 2429 conclusione
1317 2390 1419 2446 poni
1441 2392 1572 2435 solet,

100 2442 206 2486 Eur.
225 2441 406 2483 Heracl.
426 2441 525 2483 926.
549 2437 729 2494 IlItJnmf'
752 2439 847 2493 ἐμοὶ
870 2440 1076 2497 φρόνημα
1105 2444 1109 2496 Ι
1138 2445 1258 2498 ψυχά
1279 2442 1310 2486 τ’
1331 2445 1572 2501 ἀκόρεστος

54 2513 58 2516 ’
98 2495 181 2552 εἴη.
242 2497 566 2539 lntellexerunt
595 2495 804 2546 Paulum,
835 2499 910 2538 sed
941 2500 1155 2541 orationis
1179 2515 1334 2545 nervos
1355 2505 1571 2546 eliserunt

97 2556 395 2608 glossatores,
427 2555 501 2610 qui
524 2551 666 2596 ὥστε
690 2552 797 2594 mim)
823 2554 867 2595 τι)
889 2558 1063 2607 πνεῦμα
1082 2557 1163 2609 (Ι).
1185 2559 1256 2609 Ε.)
1279 2561 1570 2617 scripserunt.

98 2611 275 2654 Placuit
296 2618 439 2653 tamen
464 2611 608 2651 futilis
628 2611 1053 2654 lectio.s'clmlehes.w'0
1076 2614 1118 2654 in
1142 2615 1195 2657 l.:
1228 2617 1306 2661 Qie
1336 2629 1467 2674 evang.
1490 2620 1569 2664 ᾖδες

97 2671 255 2724 lebtung
278 2668 367 2712 &ber
385 2669 701 2723 bicOErncucrung
725 2670 931 2711 formatur
951 2669 1100 2723 (Siniti)
1125 2672 1271 2728 1833.)
1295 2688 1337 2730 p.
1356 2676 1428 2717 72.
1471 2675 1568 2716 Alii

95 2728 158 2781 (v.
188 2739 225 2769 c.
256 2724 337 2768 Mt.
366 2725 408 2768 d.
442 2740 484 2780 q.
517 2724 674 2778 vulg.)
712 2723 849 2765 Paulo
880 2726 1022 2767 minus
1051 2728 1275 2771 intellecto
1295 2731 1571 2773 inculcarunt

94 2779 178 2837 γάρ
199 2788 300 2838 post
319 2777 442 2823 αὐτό.
484 2779 703 2823 Putarunt
722 2781 852 2832 enim,
876 2796 1001 2823 versu
1019 2785 1086 2826 16.
1107 2787 1368 2829 sententiam
1390 2803 1568 2845 praece-

94 2837 268 2880 dentem
298 2838 484 2891 muniri,
515 2851 644 2894 quam
672 2838 919 2895 opinionem
949 2839 1045 2896 ipsa
1077 2844 1394 2887 sententiarum
1425 2859 1465 2889 v.
1499 2845 1568 2889 15.
