1715 3115
665 477 971 517 CAP.v111.

530 566 1109 605 ARGUMENTUM.

221 681 305 717 Non
330 680 456 717 mortis
484 694 582 717 nunc
607 681 769 716 homines
795 680 917 716 christ.
948 678 1108 715 damnari
1139 678 1189 723 (v.
1216 678 1260 722 1.)
1291 688 1329 711 ex
1354 689 1397 711 eo
1422 674 1550 715 elucet,

84 727 183 775 quod
210 729 277 763 Lex
306 730 427 762 vitulis
455 727 614 771 Spiritus
640 728 674 761 in
704 727 835 762 Christi
861 726 996 761 civitate
1026 726 1153 769 Legem
1173 724 1343 758 Peccatus
1368 729 1402 757 et
1419 722 1553 756 Mortis

84 774 225 808 sustulit
244 777 290 818 (v.
308 775 368 818 2.).
416 775 501 808 Non
524 773 640 820 potuit
663 773 730 809 hoc
752 772 803 807 lex
835 785 924 806 mos.
953 772 1113 812 efficere,
1145 770 1317 816 quoniam
1344 769 1550 814 (quatenus)

83 823 246 862 corporis
267 822 353 854 vitio
371 819 513 854 infirma
530 827 603 853 erat
630 826 664 853 et
692 825 835 865 peccata
863 818 1040 864 pariebat,
1074 830 1162 863 quae
1189 823 1310 849 morte
1333 813 1463 849 luenda
1489 826 1548 847 es-

83 873 163 900 sent
180 868 228 909 (v.
246 865 280 899 8.
301 865 347 902 cl.
364 866 438 908 7‚7.
457 878 539 910 sqq.
560 865 655 905 5,12.
675 867 784 910 sqq.).
835 864 958 909 ltaque
975 864 1095 907 Deus,
1119 869 1157 895 ut
1184 861 1250 903 legi
1279 874 1370 895 mos.
1393 871 1550 894 succur—

83 918 199 953 reret,
222 910 365 946 Christo
387 912 444 955 qni
475 912 643 953 corporis
660 911 835 944 Peccatui
853 911 1007 943 obnoxii·
1030 910 1274 942 si'rtzt'li‘ludine
1304 905 1548 942 circumdatus

83 963 170 991 esset
191 957 298 991 misso
319 970 433 1003 eoque
453 957 623 992 Peccaius
643 954 747 990 causti
768 955 883 1001 legato
901 955 1151 1000 imaginarium
1171 954 1214 987 de
1235 953 1389 987 Peccatu
1408 950 1549 996 suppli·-

43 1018 47 1019 ⁷
82 1001 178 1036 cium
205 1002 350 1047 sumsit,
382 1015 493 1048 qnnm
522 1003 703 1037 Clu-istum
728 1001 789 1047 qui
814 1008 847 1034 et
873 1008 1033 1035 sanctum
1059 1013 1190 1046 corpus
1214 998 1358 1032 haberet
1383 1005 1416 1032 et
1441 997 1484 1032 ab
1509 1009 1548 1031 se

80 1053 228 1094 propter
251 1047 439 1083 Peccatum
460 1048 586 1081 missus
606 1054 695 1082 esset
715 1048 919 1082 necandum
943 1046 1153 1085 curavisset,
1187 1051 1225 1078 ut
1250 1044 1465 1079 absolutoria
1485 1055 1547 1078 ea-

81 1104 151 1138 que
185 1093 299 1127 vitalis
333 1094 417 1139 legis
443 1106 534 1129 mos.
559 1095 731 1128 sententia
758 1100 926 1127 eventum
955 1093 1096 1126 baberet
1121 1093 1156 1125 in
1183 1090 1390 1124 hominibus
1414 1089 1549 1135 chrisa,

80 1138 144 1184 qui
165 1151 238 1173 non
258 1138 299 1173 ad
319 1139 483 1185 corporis
506 1139 691 1173 libidinem
718 1138 868 1185 (quippe
894 1139 1064 1172 exstincto
1082 1137 1255 1176 Peccata,
1287 1136 1382 1181 turpi
1410 1147 1545 1182 corpo-

30 1204 31 1207 =
80 1184 131 1218 ris
150 1185 417 1228 moderatore),
445 1185 503 1219 sed
523 1189 573 1218 ad
591 1187 661 1218 diu.
683 1186 833 1227 spiritus
848 1184 1072 1229 disciplinam
1094 1184 1196 1217 vitam
1225 1182 1418 1227 dirigerent
1443 1185 1492 1226 (v.
1509 1179 1546 1217 3.

79 1231 148 1274 4.).
194 1229 317 1271 Ratio,
343 1233 460 1265 curin
477 1231 584 1272 lmjus
599 1232 746 1273 generis
767 1233 980 1264 hominibus
997 1230 1107 1264 vitalis
1134 1228 1219 1273 legis
1246 1240 1337 1261 mos.
1368 1226 1545 1261 sententia

79 1281 245 1310 eventum
266 1275 395 1311 habere
412 1276 582 1318 debebat,
619 1277 706 1311 haec
727 1283 798 1319 est,
834 1277 929 1322 quod
959 1275 1018 1321 qui
1045 1276 1208 1320 corporis
1233 1273 1415 1319 ingenium
1445 1272 1546 1307 rese-

78 1327 162 1356 runt
176 1321 348 1364 Corporis
368 1324 472 1356 rebus
495 1323 648 1364 student,
673 1322 733 1369 qui
753 1322 825 1357 div.
846 1321 990 1365 spiritus
1011 1321 1168 1354 indolem
1191 1320 1354 1353 redolent
1372 1320 1445 1356 div,
1462 1318 1543 1359 spi-

79 1369 173 1401 ritus
197 1366 356 1401 instituta
381 1368 524 1409 fovent,
559 1367 699 1410 Corpus
723 1375 841 1401 autem
867 1368 910 1402 ad
935 1373 1095 1400 mortem
1120 1366 1255 1410 tendit,
1294 1366 1369 1398 dt'v.
1391 1366 1545 1407 spiritus

79 1414 226 1447 vitam
246 1414 460 1458 (aeternam)
485 1426 548 1457 per
566 1426 686 1459 pacem
707 1413 817 1459 parit,
840 1413 940 1456 cujus
966 1426 1049 1449 cum
1072 1412 1151 1446 Deo
1178 1411 1450 1455 componendae
1473 1422 1545 1444 au·-

78 1466 158 1494 ctor
176 1465 226 1492 est
241 1459 287 1502 (v.
305 1459 338 1493 5.
363 1460 426 1502 6.).
472 1459 579 1494 Parat
597 1459 757 1504 corporis
775 1459 934 1492 studium
956 1465 1109 1493 mortem
1123 1485 1132 1499 ,
1165 1457 1244 1503 quia
1263 1457 1382 1491 Deum
1403 1463 1437 1491 et
1452 1462 1544 1490 teste

79 1503 291 1551 experientia
312 1513 491 1558 oppugnat
507 1518 622 1552 neque
640 1518 704 1548 pro
721 1502 783 1539 sua
803 1503 926 1538 natura
944 1518 1026 1539 eum
1044 1515 1253 1551 oppugnare
1277 1503 1422 1548 nequit,
1453 1515 1542 1538 cor-

78 1549 158 1596 pori
189 1555 306 1584 autem
341 1551 473 1586 addicti
506 1557 540 1585 et
565 1550 624 1597 qui
649 1550 768 1584 Deum
794 1550 966 1585 infestent
989 1550 1173 1596 peccando
1199 1548 1279 1583 Deo
1306 1549 1446 1593 placere
1472 1560 1542 1583 ne-

104 1603 212 1630 ueunt
228 1597 277 1638 (v.
296 1597 329 1632 7.
346 1598 413 1640 8.).
463 1597 536 1631 Vos
555 1603 700 1637 contra,
725 1595 900 1639 Romani,
927 1595 1054 1630 nonin
1073 1595 1236 1641 corporis
1255 1598 1310 1636 (ut
1330 1606 1440 1640 quum
1456 1593 1541 1629 Deo

77 1607 292 1685 displiceatis
314 1654 415 1676 mors
435 1643 533 1677 vobis
554 1642 742 1677 metuenda
763 1643 807 1676 sit
828 1656 857 1677 v,
876 1643 898 1676 6
918 1661 961 1670 -
983 1643 1029 1685 8.)
1043 1668 1052 1682 ,
1086 1642 1146 1675 sed
1167 1641 1201 1674 in
1221 1641 1291 1674 div.
1317 1640 1461 1686 spiritus
1485 1642 1543 1684 (ut

79 1689 154 1719 vita
169 1686 266 1720 vobis
285 1687 467 1733 proposita
487 1688 530 1722 sit
551 1701 580 1722 v.
599 1689 621 1723 4
639 1707 682 1715 —
702 1688 754 1732 6.)
776 1693 948 1734 potestate
966 1689 1068 1732 estis,
1093 1688 1130 1720 si
1145 1689 1288 1731 quidem
1308 1686 1376 1720 div.
1395 1686 1540 1730 spiritus

78 1731 154 1777 (qui
173 1731 258 1766 nibil
278 1733 343 1767 nisi
366 1733 471 1768 vitam
491 1733 601 1788 spirat
620 1747 653 1768 v,
674 1733 721 1777 6.)
740 1733 902 1768 stabilem
927 1733 962 1767 in
986 1735 1082 1767 vobis
1105 1735 1223 1767 sedem
1252 1731 1462 1773 collocavit3
1485 1732 1542 1766 sin

77 1776 218 1819 minus,
243 1789 317 1811 non
337 1780 418 1813 estis
441 1780 570 1814 Christi
591 1779 754 1824 discipuli
775 1779 850 1825 (qui
868 1778 934 1813 soli
955 1779 997 1813 ad
1017 1786 1169 1813 mortem
1191 1791 1265 1812 non
1286 1777 1542 1812 condemnan—

77 1828 137 1856 tur
157 1834 193 1856 v.
217 1823 277 1866 1.).
324 1824 458 1858 Contra
477 1824 504 1859 si
527 1825 657 1858 Christi
687 1838 786 1859 mens
816 1825 920 1860 vobis
944 1825 1053 1865 inest,
1084 1831 1122 1858 ut
1149 1836 1280 1869 corpus
1306 1820 1400 1858 certa
1425 1830 1542 1859 morte

78 1876 309 1902 consumatur
337 1875 484 1914 propter
508 1871 698 1905 commissa
728 1875 894 1915 peccata,
934 1877 968 1904 at
992 1872 1131 1904 animus
1156 1870 1242 1903 nihil
1269 1869 1334 1902 nisi
1368 1867 1455 1904 vivit
1486 1869 1540 1914 (iu

77 1913 207 1946 Christi
225 1914 425 1958 consortio)
444 1922 590 1961 propter
611 1917 844 1960 integritatem
864 1916 1017 1961 benigne
1035 1917 1153 1950 datam
1174 1915 1339 1950 divinitus
1351 1914 1442 1956 (v.9.
1457 1917 1541 1957 10.).

77 1958 114 1991 Si
132 1965 250 1992 autern
272 1959 358 1997 Dei.
384 1961 442 2005 qui
459 1962 577 1993 Jesum
596 1961 681 2004 (div.
699 1961 824 2005 spiritu
845 1961 1061 2007 praeditum)
1082 1960 1170 1995 vitae
1195 1960 1369 2002 reddidit,
1393 1960 1539 2005 spiritus

76 2005 112 2037 in
144 2005 241 2038 vobis
267 2004 418 2046 habitat,
451 2005 665 2051 sperandum
695 2014 768 2051 est,
800 2005 902 2048 sore,
927 2013 964 2039 ut
992 2007 1127 2039 Clu-ista·
1147 2007 1183 2040 in
1214 2006 1323 2040 vitam
1353 2007 1540 2041 restitutor

74 2054 148 2096 qua
167 2049 233 2083 vita
254 2062 353 2085 nunc
372 2051 695 2093 onimisruuntur,
724 2064 803 2086 eam
827 2051 1040 2085 mortalibus
1072 2064 1214 2097 quoque
1237 2052 1451 2094 corporibus
1475 2065 1539 2086 ve-

73 2096 154 2129 stris
174 2094 369 2141 impertiat,
394 2097 474 2141 qnia
494 2097 570 2141 ejus
587 2097 731 2143 spiritus
750 2096 787 2130 in
815 2096 914 2130 vobis
940 2095 1071 2131 habitat
1098 2099 1147 2139 (v.
1169 2099 1259 2137 11.).
1317 2096 1440 2141 Quum
1466 2097 1541 2143 igi-

73 2148 134 2176 tur
153 2148 205 2175 tot
221 2148 474 2188 tantorumque
496 2143 667 2177 decorum
690 2142 764 2177 div.
786 2142 929 2188 spiritus
947 2141 1051 2175 nobis
1070 2148 1196 2177 auctor
1215 2144 1258 2177 sit
1283 2144 1334 2184 (v.
1355 2145 1371 2176 l
1388 2162 1435 2170 -
1452 2147 1540 2188 lh),

74 2186 184 2232 agite,
210 2186 391 2221 libidinosi
410 2189 573 2234 corporis
592 2189 704 2223 studia
724 2189 943 2234 deponamus
967 2189 1013 2228 (v.
1028 2188 1112 2227 12).
1157 2188 1419 2224 Acerbissimos
1437 2189 1539 2224 enim

73 2245 112 2266 ea
127 2232 264 2267 fructus
295 2233 424 2276 edunt,
454 2241 578 2269 contra
603 2234 830 2268 dulcissimos
856 2232 925 2266 sert
960 2231 1027 2267 vita
1056 2234 1123 2268 div.
1153 2235 1291 2280 spiritui
1317 2243 1539 2271 consecrata.

73 2279 214 2323 Nempe
232 2277 318 2312 facit
336 2291 401 2313 uos
418 2279 487 2313 Dei
506 2279 636 2313 liberos
654 2287 685 2314 et
703 2280 848 2314 heredes
868 2279 1106 2320 necessarios.
1131 2279 1260 2314 Christi
1279 2286 1396 2314 autem
1424 2281 1538 2316 cohe-

72 2324 195 2368 redes,
233 2323 411 2370 siquidem
438 2326 616 2360 matorum
644 2327 850 2360 societatem
879 2337 960 2358 cum
990 2336 1032 2358 eo
1063 2325 1323 2372 conflabimus,
1359 2332 1398 2360 ut
1428 2328 1538 2363 etiam

72 2369 264 2414 majestatis
284 2371 489 2406 societatem
511 2383 592 2406 cum
614 2383 654 2405 eo
674 2371 867 2405 habeamus
889 2373 938 2412 (v.
961 2371 1151 2415 13—17.).
1200 2371 1294 2405 Puto
1315 2372 1410 2406 enim
1437 2386 1538 2419 pon—

72 2415 156 2450 dere
177 2415 317 2450 destitui
332 2419 543 2458 praesentis
561 2419 740 2459 temporis
759 2417 870 2458 mala,
900 2417 927 2450 si
949 2429 987 2450 ea
1015 2429 1096 2452 cum
1117 2419 1380 2461 patefaciemit‘t⁴
1404 2419 1440 2454 in
1466 2432 1535 2455 nos

71 2463 271 2501 majestate
288 2463 485 2497 contendas
503 2465 551 2504 (v.
574 2463 647 2506 18).
695 2463 784 2496 Nam
805 2463 935 2496 instare
956 2462 1060 2496 nobis
1079 2462 1284 2497 felicitatem
1304 2468 1376 2509 qna
1403 2477 1534 2500 cumu-

70 2506 186 2541 lemur
204 2520 242 2541 ex
261 2519 302 2541 eo
321 2514 460 2542 certum
481 2513 552 2552 est,
576 2508 672 2555 quod
692 2521 811 2542 rerum
831 2513 976 2548 natura,
1002 2521 1098 2544 nunc
1114 2509 1261 2555 quidem
1285 2509 1319 2543 in
1339 2509 1536 2546 Infirmita-

70 2551 115 2597 μὴ
132 2558 165 2586 et
183 2552 350 2588 luteritus
368 2554 570 2588 servitutem
592 2555 732 2588 redacta
753 2553 874 2587 divino
894 2554 1036 2588 decreto
1056 2560 1130 2589 tum
1158 2555 1194 2588 in
1223 2554 1421 2590 libertatem
1448 2557 1533 2592 viu-

70 2597 219 2633 dicanda
242 2605 276 2632 et
303 2598 338 2632 in
364 2599 544 2643 integrum
571 2599 785 2634 restituenda
811 2605 880 2642 est,
914 2612 1025 2645 quum
1053 2613 1117 2634 nos
1142 2598 1201 2634 illa*
1233 2601 1396 2635 beatitate
1455 2603 1535 2638 otini

69 2641 243 2678 fuerimus
278 2657 308 2678 v,
332 2645 375 2678 19
392 2664 440 2670 ·-
457 2645 544 2689 22).
594 2644 714 2678 Gemit
731 2657 850 2679 reruni
873 2652 998 2679 natura
1025 2645 1186 2681 melioris
1211 2647 1314 2681 sortis
1344 2646 1416 2680 desi
1445 2647 1534 2685 erio.

69 2688 138 2723 Sed
163 2702 238 2724 non
288 2702 348 2724 aec
373 2690 626 2724 tantummodo
651 2690 776 2736 gemit,
814 2703 938 2726 verum
965 2691 1068 2726 etiam
1099 2704 1164 2726 nos
1189 2692 1276 2738 ipsi,
1315 2704 1532 2738 quamquam

69 2734 183 2780 prima
199 2735 268 2769 div.
287 2736 431 2780 spiritus
452 2742 663 2771 ornamenta
681 2736 922 2782 possidemus,
948 2736 1012 2781 ipsi
1030 2737 1122 2772 inter
1143 2739 1237 2784 ipsos
1255 2740 1532 2784 ingemiscimus,

69 2791 180 2826 quum
196 2780 426 2828 adoptionem
454 2783 488 2816 in
518 2782 649 2816 liberos
679 2789 884 2816 constanter
910 2789 1150 2828 exspectemus
1174 2783 1198 2819 i.
1224 2796 1254 2818 e.
1280 2782 1530 2819 liberationem

67 2837 278 2874 tempore,
310 2840 385 2875 quo
405 2839 504 2866 nunc
519 2827 640 2866 amicti
663 2840 809 2873 sumus,
841 2828 983 2865 mortali
1010 2835 1046 2864 et
1071 2829 1210 2868 caduco
1237 2832 1287 2876 (v.
1313 2829 1396 2874 230.
1443 2830 1531 2866 Jure
