1715 3115
565 156 726 206 CAP.
762 155 858 203 XI.
893 156 984 204 Vs,
1015 159 1111 205 ll..
1152 161 1154 165 ’
1502 163 1590 206 46⁵

102 265 341 326 Apostolis
362 263 616 308 traderetur
635 264 765 319 (Act.
789 266 857 318 10,
877 265 1168 322 1.-11,18.)
1188 264 1456 312 Judaeorum
1478 282 1579 324 per-

103 325 266 368 vicacia
285 323 412 376 fecit,
445 322 521 364 sed
543 329 592 365 ut
616 323 670 364 ad
704 324 856 380 plures
885 336 1079 380 paganos
1108 325 1408 382 perferretur,
1446 339 1576 381 quam

102 383 273 440 perlata
302 385 444 432 esset,
484 380 522 421 si
544 378 702 423 Iudaei
723 381 1046 435 Apostolorum
1078 381 1403 423 institutionem
1436 381 1577 424 admi-

101 439 267 482 sissent
287 440 415 492 (Act.
437 436 588 489 l3‚46.
610 451 631 478 s
668 439 716 490 .).
777 437 1070 492 Quamobrem
1099 437 1367 482 Iudaeorum
1397 446 1576 495 peceato

102 496 303 539 effectum
326 508 448 545 esse,
479 499 526 535 ut
545 508 593 534 eo
648 492 800 535 acilius
828 498 869 535 et
898 494 1023 536 citius
1051 495 1228 550 (Gror.‚
1268 496 1431 551 Plau.)
1459 510 1575 537 mes-

100 554 225 596 siane
247 551 368 594 salus
388 551 444 592 ad
465 551 618 593 multos
639 562 833 606 paganos
855 549 1106 606 perveniret
1124 558 1241 593 recte
1266 552 1457 606 dixeris,
1487 567 1573 594 non

99 610 228 662 item,
260 608 405 650 Deum
425 608 608 659 fecisse,
637 612 684 648 ut
702 605 971 650 Judaeornm
999 613 1177 664 peccato
1212 608 1288 650 illa
1319 610 1441 651 salus
1468 625 1575 664 gen-

99 666 257 709 tilibus
281 665 530 718 obtingeret
560 664 642 718 (τῷ
667 659 811 704 αὐτῶν
835 664 1170 718 παραπτώματι
1199 659 1227 721 ἦ
1257 664 1456 722 σωτηρία
1481 669 1577 717 τοῖς

101 720 281 766 ἔθνεσιν
300 719 507 776 ἐγένετο).
567 719 841 776 Quamquam
862 720 1075 763 credibile
1097 726 1187 774 est,
1225 723 1265 764 si
1286 721 1442 766 Judaei
1464 722 1574 767 Jesu

99 780 294 823 Messiae
314 779 508 820 debitum
531 777 738 819 honorem
767 777 1054 830 tribuissent,
1091 792 1184 820 eam
1216 793 1306 821 rem
1341 780 1574 823 maximum

99 842 363 880 momentum
385 835 438 876 ad
457 850 533 877 eos
554 834 770 889 gentiles,
798 835 948 890 (lucibus
967 835 1164 878 doctrina
1185 836 1336 880 christ.
1355 837 1573 879 innotuis·-

97 898 190 946 set,
232 892 287 934 ad
317 891 444 933 fidem
477 889 754 932 adducendos
786 891 1034 933 habituram
1064 891 1224 935 fuisse.
1303 893 1424 937 Fieri
1454 895 1573 936 enim

101 965 187 993 non
209 949 374 1007 potuit,
406 949 510 1005 quin
531 947 646 990 haud
666 947 792 1005 pauci
813 950 974 1004 pagani
994 948 1176 992 Christo
1203 964 1356 1006 parum
1387 950 1575 994 fiderent

99 1013 359 1065 propterea,
389 1005 504 1062 quod
524 1019 621 1047 eum
641 1018 664 1046 a
689 1005 978 1062 popularibus
999 1009 1313 1049 contumeliose
1336 1009 1485 1066 sperni
1508 1009 1573 1050 vi-

101 1065 273 1106 dissent
299 1065 362 1116 (ν.
394 1063 699 1104 Theodoretum
726 1066 771 1103 et
802 1061 1097 1105 Tea-rettimem
1125 1063 1180 1105 ad
1211 1078 1251 1107 v.
1279 1064 1349 1108 12.
1383 1070 1428 1106 et
1459 1065 1573 1107 Rei-

99 1121 239 1165 chium
268 1120 323 1161 ad
353 1120 396 1164 h.
424 1120 495 1173 1.).
553 1117 621 1162 ΙΙ.
652 1117 782 1174 Quod
807 1116 859 1162 P.
889 1119 1148 1162 Jmlaeorum
1175 1127 1349 1176 peceato
1373 1121 1573 1178 felicita-

100 1183 186 1222 tem
206 1177 464 1219 messianum
479 1175 660 1231 yentiles
682 1177 856 1230 adeptos
875 1190 965 1218 esse
987 1177 1029 1220 h.
1058 1190 1097 1219 e.
1117 1175 1260 1220 Deam
1278 1179 1463 1221 Judaeos
1488 1194 1572 1221 non

99 1235 282 1277 delectos
300 1233 468 1277 Christo
490 1231 619 1286 fidem
641 1236 817 1275 sceleste
842 1233 1050 1287 ‹leneyare
1070 1230 1281 1288 jussisse,
1321 1241 1367 1277 ut
1392 1237 1574 1291 gentiles

98 1304 179 1347 per
198 1290 410 1334 Christum
431 1289 576 1331 bearet
597 1293 659 1344 (v,
681 1291 750 1332 11.
768 1289 839 1332 25.
861 1304 929 1346 sq.
948 1290 1020 1334 31.
1043 1289 1158 1346 32.)‚
1187 1292 1368 1348 scripsit
1386 1294 1570 1335 multum

99 1346 360 1390 offensionis
398 1346 545 1389 habet.
613 1345 728 1388 Nam
769 1361 812 1390 a.
851 1346 957 1388 haee
1000 1349 1220 1391 sententia
1251 1351 1307 1391 iis
1338 1358 1574 1406 repugnat,

100 1419 214 1462 quae
238 1403 290 1448 Ρ.
316 1418 450 1462 supra
482 1404 601 1455 l‚16.
635 1404 676 1455 9,
689 1404 759 1447 32.
789 1417 888 1459 sqq.
917 1403 1183 1460 disputavit,
1220 1407 1397 1448 voluisse
1424 1407 1569 1449 Deum

100 1467 150 1505 ut
165 1460 347 1511 Iudaei,
373 1461 445 1517 qui
461 1459 624 1502 Clu-isto
645 1465 687 1502 et
701 1459 828 1512 sidem
849 1461 1056 1514 praebere
1076 1466 1118 1503 et
1148 1477 1304 1517 neqare
1331 1469 1571 1516 possent,

97 1519 293 1562 continuo
310 1518 439 1572 fidem
458 1517 625 1559 Christo
643 1516 900 1571 adjicerent.
959 1515 1110 1573 Quare
1133 1533 1228 1561 eum
1244 1553 1255 1573 ‚
1297 1521 1426 1576 quasi
1458 1521 1570 1562 illud

101 1575 201 1618 fieri
235 1575 460 1627 noluisset,
510 1574 745 1614 multorum
778 1573 1046 1617 Judaeorum
1077 1576 1269 1629 animos,
1310 1583 1359 1618 ut
1385 1579 1572 1634 paganis

132 1630 354 1685 rodesset‚
400 1645 425 1673 a
460 1630 545 1672 fide
578 1630 830 1672 cohibuisse
872 1645 1019 1672 verum
1060 1647 1143 1674 non
1184 1640 1252 1676 est
1289 1634 1352 1690 (v.
1382 1634 1571 1687 liezca.)-

95 1647 272 1732 Beinde
290 1689 330 1732 b.
353 1687 404 1732 P.
426 1689 643 1729 sententia
667 1688 755 1729 Dei
776 1688 1057 1731 sanctitatem
1091 1691 1227 1734 tollit.
1288 1692 1369 1734 Est
1395 1691 1571 1733 divinae

96 1745 398 1802 providentiae
426 1759 606 1795 curare,
650 1759 704 1786 ne
735 1745 980 1798 hominum,
1028 1747 1189 1803 quibus
1222 1748 1328 1790 bene
1369 1749 1571 1805 maleque

97 1801 258 1855 agendi
280 1801 399 1857 optio
419 1802 531 1841 facta
558 1801 640 1853 sit,
679 1802 949 1857 perversitas
980 1802 1125 1845 divina
1157 1806 1341 1846 consilia
1373 1805 1572 1862 disjiciat

98 1872 336 1914 eorumque
358 1858 468 1899 mala
489 1857 680 1898 facinora
703 1858 804 1912 plus
827 1859 1035 1901 utilitatis
1056 1875 1183 1916 quam
1206 1861 1459 1904 detrimenti
1493 1864 1571 1903 liu-

100 1928 227 1956 mano
246 1914 397 1968 generi
417 1913 602 1969 denique
624 1913 824 1956 afferant.
859 1913 1116 1958 Pervertere
1129 1917 1226 1973 Caji
1249 1926 1431 1960 :nentem
1453 1918 1571 1977 ejus-

99 1986 184 2028 que
203 1971 387 2012 consilia
412 1970 464 2010 ad
488 1976 658 2026 tempus
679 1985 981 2026 corrumpere,
1013 1988 1099 2030 quo
1126 1975 1259 2016 citius
1289 1975 1341 2016 ad
1363 1971 1571 2032 Sempro-

97 2029 215 2070 nium
238 2027 417 2083 aliquod
438 2028 773 2068 emolumentum
800 2032 1024 2083 perveniat
1045 2031 1167 2072 Deus
1191 2047 1269 2087 pro
1300 2034 1377 2073 sua
1408 2034 1572 2074 sancti-

99 2091 191 2127 tate
211 2085 339 2142 plane
361 2099 441 2124 non
464 2088 623 2140 potest.
682 2082 782 2125 Huc
804 2085 969 2126 accedit
991 2102 1050 2138 c.‚
1082 2089 1196 2144 quod
1223 2088 1271 2131 Ρ.
1294 2091 1334 2130 in
1370 2091 1447 2131 hac
1478 2091 1570 2131 dis-

98 2142 325 2208 putatione
347 2140 431 2182 sibi
455 2155 603 2197 parum
625 2143 840 2184 constitit.
900 2142 1093 2186 (ludaeos
1112 2159 1195 2186 non
1218 2145 1412 2188 delectos
1425 2147 1571 2189 Deum

97 2198 332 2241 indurasse
353 2196 488 2250 dixit,
521 2212 573 2237 ne
598 2199 746 2240 statim
768 2199 946 2241 Christo
978 2200 1106 2243 lidem
1139 2202 1349 2244 haberent
1368 2209 1429 2257 (v.
1451 2205 1494 2248 7.
1516 2229 1570 2234 —

99 2257 167 2297 10.
187 2258 255 2299 15.
274 2255 344 2299 25.
363 2256 473 2306 32).
534 2253 663 2296 Patet
685 2255 822 2309 igitur
840 2271 936 2309 eos,
970 2273 1099 2314 quum
1132 2259 1256 2301 iidem
1284 2260 1464 2302 Christo
1493 2274 1568 2301 ne-

97 2318 278 2367 garent,
326 2313 491 2353 nullum
521 2318 744 2366 peccatum
770 2315 1067 2366 commisisse,
1117 2316 1194 2356 sed
1231 2316 1570 2372 inexsuperabili

97 2368 194 2425 fato
213 2370 432 2426 paruisse.
493 2368 648 2410 Mhilo
669 2369 831 2421 minus,
863 2386 993 2426 qutun
1019 2372 1340 2417 ineluctabilem
1364 2376 1447 2415 vim
1473 2375 1569 2422 fati,

98 2425 212 2481 quod
234 2427 276 2468 in
299 2424 530 2468 Israelitas
553 2440 634 2465 non
654 2426 846 2468 delectos
875 2430 1196 2479 domimi-etur,
1233 2445 1567 2484 concessamque

101 2481 158 2523 iis
186 2482 343 2537 agendi
373 2491 414 2523 ut
447 2483 687 2523 voluissent
720 2485 968 2526 libertatem
999 2487 1369 2537 commiscuisset,
1415 2489 1455 2528 in
1489 2490 1569 2528 lucie

98 2538 197 2595 ipsa
221 2539 519 2597 disputatione
548 2541 585 2580 A
598 2554 638 2595 p.
664 2554 862 2593 peccasse
887 2540 1117 2583 israelitas
1148 2544 1190 2583 in
1218 2543 1388 2585 delectu
1418 2546 1568 2595 negle-

97 2602 194 2637 ctos
217 2610 267 2637 eo
298 2597 412 2653 quod
446 2597 608 2637 nullam
633 2595 811 2639 Christo
843 2597 966 2639 iidem
999 2599 1254 2641 habuissent
1282 2603 1342 2655 (v.
1375 2603 1443 2644 ll.
1479 2603 1568 2654 12.)

91 2649 343 2708 questumque
362 2653 575 2695 commissi
589 2655 757 2706 peceati
776 2668 954 2706 paruam
980 2657 1069 2697 Deo
1089 2657 1333 2708 ‹lepontiis-se
1354 2661 1408 2711 (v,
1423 2660 1493 2700 20.
1510 2682 1566 2689 --

97 2708 194 2761 22.)
213 2710 513 2763 contendir.(v.
542 2713 713 2766 supra).
771 2709 863 2753 ΙΙΙ.
906 2711 1003 2753 Ron
1038 2714 1179 2753 minus
1211 2713 1487 2755 difficultatis
1524 2715 1566 2755 in

98 2763 179 2806 hac
200 2762 250 2807 Ρ.
273 2767 487 2808 sententia
512 2775 599 2807 est:
646 2764 948 2809 israelitarum
971 2769 1136 2812 Christi
1168 2768 1411 2811 ‹lorti-inam
1446 2787 1568 2812 awr-

97 2829 291 2862 satorum
315 2832 488 2878 peccato
508 2825 693 2865 salutem
718 2826 978 2867 messianam
1004 2827 1100 2868 Deo
1123 2828 1374 2869 moderante
1405 2828 1457 2869 ad
1492 2843 1566 2883 pa-

141 2888 329 2924 Fritcschc
350 2890 411 2936 Ep.
436 2893 478 2926 ad
499 2892 604 2927 lium.
626 2892 665 2925 P.
692 2891 733 2926 ll.
1093 2884 1131 2926 G
1148 2898 1177 2937 g
