1715 3115
477 183 638 230 GAP.
669 183 766 231 xl.
807 183 897 231 Vs.
926 186 1006 233 25.
1037 210 1092 218 -
1119 187 1218 233 27..
1501 194 1587 237 531

109 300 151 338 et
178 310 205 338 a
235 294 330 337 Deo
354 291 507 335 delecte·
535 288 770 333 Israelitae
806 289 992 332 salutem
1024 296 1346 349 consequentur
1373 293 1583 350 (Caloz·.):

109 358 200 394 tum
220 364 370 393 omnes
392 347 622 389 israelitae
642 349 802 390 salutis
823 348 1065 404 participes
1087 349 1184 391 lieri
1201 354 1399 402 poterunt
1421 351 1580 406 (Carp-

108 422 224 460 2022,
253 406 460 457 semler„
493 405 770 459 Grmner.).!.'
799 428 855 434 —
915 404 1110 446 Facilius
1132 405 1336 461 quidnam
1371 406 1581 461 effecerit,

107 472 157 507 ut
178 464 227 507 P.
253 463 508 519 mysterium
535 460 650 517 quod
682 463 725 504 li.
755 462 785 504 l.
817 463 992 516 aperuit
1021 468 1163 503 mente
1192 464 1581 520 comprehenderet

106 522 334 570 docueris,
365 533 492 575 quam
521 518 764 559 sententiae
795 518 1019 573 paullinae
1047 519 1274 561 veritatem
1305 521 1581 564 demonstra-

108 580 242 620 veris.
312 576 473 618 Hausit
511 589 603 616 eam
640 572 690 617 P.
723 588 775 615 ex
803 573 980 630 judaica
1011 574 1262 632 disciplina.
1333 576 1578 635 Plerosque

109 636 299 690 gentiles
331 634 415 674 lide
446 632 625 675 Christo
655 630 803 672 habits·
833 631 985 673 beatos
1016 633 1109 674 fore
1138 631 1207 683 (τὸ
1238 631 1460 689 πλήρωμα
1490 638 1577 677 τῶν

108 691 252 735 ἐθνῶν
273 685 606 740 εἰςε).εύσεσθαι
629 701 666 729 v.
689 688 783 742 25.)
804 702 854 729 ex
877 688 933 729 iis
958 688 1014 732 V.
1037 689 1094 734 T.
1120 691 1336 742 oraculis,
1368 706 1479 747 quae
1500 707 1578 748 pa-

107 764 244 804 ganos
265 747 457 790 messiae
490 745 762 801 temporibus
782 743 991 788 Jehovam
1013 746 1341 800 Hierosolymis
1369 747 1576 791 adoratu-

108 821 182 856 ros
213 819 313 846 esse
342 801 657 860 portenderent
686 802 747 856 (v.
777 816 814 844 c.
849 801 925 846 ΡΒ.
945 804 1098 854 72,11.
1129 803 1265 846 Zach.
1301 805 1496 858 14‚lti.),
1536 807 1578 849 ei

106 863 217 905 satis
237 867 401 904 certum
422 861 560 901 visum
582 863 664 901 est.
726 857 866 902 Multo
890 858 1265 902 minus'dubitare
1285 862 1443 916 potuit,
1473 864 1578 919 quin

106 920 295 977 populus
322 918 526 975 judaicus
556 929 634 972 per
665 914 792 956 fidem
825 916 1010 958 salutem
1042 918 1303 959 messianam
1336 918 1576 974 aliquando

105 983 459 1032 consequuturus
478 980 611 1015 esset.
671 970 785 1013 Nam
810 979 853 1014 et
874 973 1061 1028 diligere
1083 975 1223 1016 Deum
1247 973 1444 1018 Judaeos
1477 992 1577 1033 pro-

105 1039 205 1090 pter
227 1032 503 1091 patriarchas
523 1036 567 1072 et
588 1043 743 1070 numen
767 1029 983 1083 divinum,
1025 1031 1139 1087 quod
1162 1031 1306 1072 datam
1336 1031 1464 1074 sidem
1493 1035 1580 1075 fal-

105 1092 197 1132 lere
233 1094 446 1145 nequeat,
491 1086 737 1130 Abrahami
780 1088 973 1143 posteris
1018 1089 1279 1129 messianum
1318 1090 1578 1132 felicitatem

139 1147 350 1188 ollicitum
371 1159 468 1186 esse
491 1145 613 1185 firme
633 1143 821 1185 credidit
852 1148 912 1198 (v.
932 1146 1003 1187 28.
1033 1146 1104 1187 29.
1137 1145 1301 1198 15‚8.).
1360 1145 1484 1188 Fecit
1505 1147 1578 1191 Je-

106 1162 245 1246 liovah
274 1202 429 1244 foedus
458 1216 541 1242 nou
574 1201 712 1241 solum
744 1215 839 1242 cum
871 1201 1153 1254 Abrahamo‚
1201 1202 1276 1244 sed
1308 1204 1441 1245 etiam
1482 1219 1578 1247 cum

106 1261 203 1318 ejus
230 1260 422 1318 posteris
444 1259 586 1314 iisque
613 1256 906 1299 Palaestinam
927 1273 973 1299 se
994 1273 1300 1300 concessurum
1323 1274 1421 1301 esse
1447 1263 1580 1316 polli-

104 1321 219 1360 citus
248 1322 316 1357 est
349 1317 511 1358 Genes.
543 1316 663 1367 17,7.
694 1329 779 1370 sq..
846 1313 1070 1356 Israelitis
1105 1316 1269 1368 Deum,
1313 1318 1474 1374 quippe
1503 1319 1580 1361 icti

104 1374 297 1418 foederis
317 1386 570 1423 memorem,
603 1372 839 1428 propitium
862 1372 1054 1414 futurum
1077 1387 1198 1425 esse,
1228 1388 1359 1429 quum
1382 1376 1581 1432 resipue-

104 1433 193 1475 rint
215 1437 260 1472 et
284 1430 406 1472 Deos
427 1443 506 1486 pro
531 1428 627 1469 Deo
645 1430 789 1469 colere
817 1427 1034 1470 desierint
1052 1429 1202 1471 Moses
1229 1431 1422 1472 aflirmat
1444 1431 1580 1477 Deut.

101 1490 215 1542 4‚29
235 1512 289 1519 —-
307 1488 398 1530 31..
457 1485 567 1528 ltem
590 1485 827 1542 prophetae
848 1484 1082 1528 Israelitas
1104 1501 1235 1542 quum
1255 1501 1278 1527 a
1306 1488 1467 1530 virtute
1489 1504 1579 1530 ma-

96 1546 244 1606 jorum
267 1543 629 1596 degeneraverint
650 1549 872 1598 postremo
904 1543 963 1584 ita
999 1543 1052 1583 ad
1083 1543 1236 1584 bonam
1263 1544 1434 1598 frugem
1462 1546 1583 1588 redi-

103 1611 230 1645 turos
252 1616 375 1650 esse,
412 1605 460 1641 ut
480 1599 698 1641 emendati
722 1600 905 1640 summis
934 1600 1158 1641 beneficiis
1187 1615 1210 1641 a
1229 1600 1329 1641 Deo
1358 1603 1582 1644 cumulen-

103 1667 179 1703 tur
199 1659 349 1700 multis
374 1656 482 1698 locis
504 1656 763 1698 denuntiant
786 1655 950 1701 Jerem.
974 1671 1012 1701 c.
1033 1656 1104 1699 31.
1138 1656 1215 1701 Ez.
1244 1658 1396 1710 37‚21.
1418 1673 1486 1715 sq.
1508 1661 1580 1713 39,

103 1717 177 1759 25.
211 1730 279 1771 sq.
308 1715 421 1758 Hos.
450 1715 490 1765 3,
504 1713 546 1755 5.
576 1712 670 1756 Jes.
704 1714 856 1768 10‚21.
885 1728 956 1769 sq.
1032 1714 1191 1769 Reque
1220 1712 1350 1756 Pauli
1387 1730 1488 1772 spes
1526 1731 1578 1759 eo

104 1786 316 1815 concussa
340 1778 430 1822 est,
463 1768 579 1825 quod
601 1784 844 1826 perpaucos
863 1769 1057 1813 Judaeos
1087 1771 1141 1811 ad
1170 1771 1214 1812 id
1244 1771 1437 1814 locorum
1467 1774 1580 1814 resi-

104 1829 257 1888 puisse
287 1827 397 1869 vidit
426 1841 466 1869 v.
489 1828 550 1868 7..
617 1825 819 1868 Credidit
848 1827 989 1877 enim,
1028 1827 1172 1868 Deum
1201 1829 1412 1882 optimum
1442 1830 1582 1871 maxi-

106 1900 249 1936 mum,
284 1890 329 1925 ut
350 1882 532 1927 Iudaeis
552 1887 595 1923 et
623 1883 864 1935 gentilibus
893 1883 1061 1939 pariter
1087 1885 1360 1936 consuleret,
1403 1886 1581 1941 sapien-

104 1943 278 1985 tissime
302 1941 410 1981 hanc
429 1940 641 1980 rationem
661 1939 906 1991 ingressum
932 1954 1054 1990 esse,
1088 1946 1137 1981 ut
1158 1941 1348 1993 gentiles
1370 1942 1580 1984 beaturus

106 2001 245 2042 multo
267 1997 493 2038 maximam
515 1995 780 2039 Iudaeorum
807 2001 972 2051 partem
1003 1995 1231 2039 induraret
1258 2000 1321 2049 (v.
1342 1999 1385 2041 7.
1404 2004 1448 2040 et
1472 2001 1578 2051 11.)‚

109 2071 221 2114 quae
253 2054 427 2110 receptu
462 2052 667 2093 libertate
699 2053 869 2094 salubri
900 2053 1070 2108 piorum
1092 2068 1358 2108 paganorum
1382 2057 1581 2112 exemplo

107 2121 224 2156 mota
245 2112 401 2167 etipsa
425 2110 604 2152 Christo
625 2109 751 2150 fidem
775 2109 976 2150 habitura
999 2116 1118 2150 esset
1136 2125 1176 2154 v.
1197 2112 1254 2153 30
1273 2136 1327 2142 —-
1347 2112 1437 2156 32..
1481 2112 1580 2154 Hoc

107 2172 221 2213 enim
249 2169 393 2209 Moses
415 2166 692 2223 portendisse
720 2167 761 2207 ei
790 2167 912 2206 visus
942 2172 1010 2207 est
1029 2167 1163 2210 Dent.
1182 2168 1336 2219 32‚21.
1359 2168 1487 2212 Rom.
1515 2171 1580 2221 10,

109 2230 178 2269 19.
213 2225 378 2273 11,14..
447 2223 676 2265 Postremo
708 2223 823 2278 quod
852 2223 947 2278 ipse
975 2224 1170 2277 speravit
1200 2223 1393 2282 Jesajam
1420 2226 1579 2277 5÷)‚20.

107 2285 229 2336 27,9.
253 2281 536 2323 denuntiasse
557 2279 642 2320 sibi
662 2280 883 2335 persuasit
907 2283 969 2334 (v.
991 2281 1062 2321 26.
1086 2285 1129 2321 et
1148 2280 1258 2334 27.).
1318 2282 1394 2324 Sic
1417 2283 1579 2324 sactum

106 2347 200 2393 est,
233 2347 278 2380 ut
302 2339 345 2379 in
369 2337 613 2392 mysteriis,
653 2350 763 2392 quae
782 2335 959 2377 divinus
981 2337 1167 2393 spiritus
1197 2337 1285 2379 sibi
1315 2341 1578 2395 aperuisset,

108 2398 188 2440 hoc
211 2399 487 2445 numeraret,
518 2394 612 2434 fore
634 2401 680 2434 ut
700 2393 1109 2449 populusjmlaicus
1133 2400 1222 2434 tum
1253 2409 1302 2436 se
1333 2396 1387 2437 ad
1410 2395 1579 2438 Christi

89 2459 232 2496 'sacra
259 2454 329 2510 pie
348 2451 634 2502 transferret,
674 2464 804 2505 (tuum
835 2450 1063 2503 gentilium
1092 2456 1265 2492 caterva
1298 2467 1346 2494 se
1374 2452 1428 2493 ad
1449 2453 1578 2495 Chri-

107 2511 350 2553 stianorum
372 2508 625 2550 societatem
645 2507 934 2563 applicuisset
957 2507 1018 2560 ¹²¹²).
1065 2506 1226 2549 Virum
1248 2523 1461 2551 summum
1484 2509 1580 2566 opi-

154 2627 189 2670 *)
217 2626 333 2659 Simili
365 2638 446 2670 spe,
488 2636 594 2668 quani
624 2623 653 2656 ei
677 2623 816 2658 Veteris
836 2624 934 2657 Test-
963 2624 1150 2668 disciplina
1178 2624 1340 2670 fecisset,
1374 2625 1478 2660 Philo
1505 2628 1579 2660 Ju-

199 2672 306 2706 daeus
335 2673 463 2705 ductus
500 2677 563 2704 cst.
621 2669 761 2703 Putavit
795 2670 888 2703 enim
926 2671 1000 2714 (Dc
1034 2671 1335 2706 exsecrationibus
1363 2673 1492 2715 11,435.
1522 2685 1576 2718 sq.

202 2717 347 2763 Mang.)
367 2717 522 2750 judaeos
543 2729 604 2760 per
624 2722 738 2748 lotum
760 2723 937 2750 terrarum
959 2717 1080 2750 orbem
1102 2716 1280 2762 dispersos
1306 2718 1423 2752 subito
1452 2719 1581 2764 poeni-

204 2763 349 2796 tentiam
369 2769 512 2796 acturos
531 2774 605 2794 esse
635 2760 912 2807 emendatusque
934 2762 1051 2795 Deum
1082 2775 1155 2796 uno
1182 2764 1239 2797 die
1263 2776 1336 2797 non
1362 2763 1438 2798 sine
1468 2764 1579 2797 mira-

203 2807 287 2842 culo
309 2809 344 2841 in
363 2807 491 2852 patrias
510 2807 609 2840 sedes
631 2806 676 2842 ita
693 2807 936 2843 restituturum
957 2821 1052 2855 esse,
1083 2815 1123 2843 ut
1141 2807 1232 2843 iram
1258 2821 1358 2844 suam
1385 2810 1421 2844 in
1454 2822 1580 2844 eorum

207 2859 384 2887 vexatores
403 2859 605 2890 conveniat.
1113 2897 1150 2940 L
1172 2899 1188 2941 1
1216 2899 1245 2940 2
