1715 3115
166 206 251 250 208
442 204 819 250 EPISTOLA
852 205 1344 251 ADROMANOS

164 318 283 358 recto
311 326 362 355 ex
392 315 490 353 ante
516 311 647 353 dictis
676 312 918 355 conclusam
939 326 1075 368 eoque
1100 312 1430 357 concedendam.
1489 311 1628 355 Utra-

165 385 251 429 que
280 370 464 411 formula
495 368 698 424 quidnam
728 383 775 410 re
806 369 951 425 aliqusi
983 371 1051 411 vel
1074 371 1214 426 positzi
1241 372 1309 412 vel
1329 369 1625 411 demonstrata

163 430 208 471 in
228 425 490 482 disputando
510 424 762 478 dicendum,
789 425 1102 479 colligendum,
1131 427 1418 484 objiciendum
1439 427 1499 468 sit
1526 439 1627 483 per-

163 482 382 527 contantis
413 488 482 523 est
511 495 649 537 neque
675 482 817 523 minus
845 483 985 524 locum
1018 482 1149 524 habet
1177 476 1251 525 ubi
1280 483 1469 539 scriptor
1491 483 1627 524 ratio-

164 555 262 583 nem
294 539 400 580 hene
421 539 665 580 conclusam
684 540 961 595 expositurus
982 544 1073 589 est,
1109 553 1234 594 quam
1256 540 1330 581 nbi
1351 553 1442 580 rem
1463 543 1626 581 temere

165 611 216 640 ex
243 595 518 653 praegressis
545 596 769 636 collectam
799 596 882 636 sibi
911 596 1004 652 ipse
1034 595 1286 653 objecturus
1321 600 1412 648 est,
1453 601 1501 637 ut
1529 608 1623 636 eam

163 653 354 695 refellat.
414 650 606 692 Uberior
640 652 824 692 formula
850 652 928 692 hoc
957 665 1040 692 uno
1062 664 1085 691 a
1111 651 1299 693 breviori
1322 652 1482 704 distat,
1511 650 1627 707 quod

163 722 310 752 rerum
339 708 634 764 expositarum
663 708 907 761 notionem,
943 707 998 748 ad
1031 721 1138 763 quas
1167 707 1258 765 jam
1289 708 1331 749 in
1361 707 1626 764 disputando

163 763 513 822 respondendum
544 765 627 816 sit,
665 763 828 806 diserte
857 764 1123 805 enuntiatam
1153 762 1289 818 (πρὸς
1306 764 1466 818 ταῦτα)
1486 764 1626 804 conti·

164 827 257 866 net.
315 820 414 862 Non
442 821 559 862 valet
588 821 626 862 εἰ
653 821 1008 877 quandoquidem,
1061 820 1161 876 quia
1202 820 1251 864 P.
1288 827 1484 861 assumat
1511 819 1626 876 quod

164 876 438 921 adstruxerit
465 877 650 932 (Gran),
688 876 764 918 sed
783 885 851 918 est
872 877 1195 933 hypotheticum
1231 878 1284 920 si.
1342 877 1460 919 Bene
1483 876 1625 918 Deum

165 936 255 992 piis
301 933 568 976 Christianis
615 947 773 990 cupere
821 934 1006 975 lectores
1047 947 1101 974 ex
1136 938 1234 975 ante
1271 932 1402 974 dictis
1426 933 1626 991 judicare

163 991 294 1035 facile
323 994 523 1046 possunt.
589 988 738 1044 Quare
766 991 875 1031 satis
905 995 972 1031 est
993 989 1103 1030 illud
1129 990 1480 1042 commemorari,
1510 988 1627 1045 quod

167 1050 481 1102 consequatur,
517 1045 556 1088 si
581 1045 707 1087 Deus
734 1046 981 1087 hominibus
1010 1046 1078 1087 sui
1110 1046 1321 1087 studiosis
1350 1047 1507 1088 faveat.
1539 1043 1579 1087 εἰ
1601 1043 1624 1087 ὃ

164 1102 276 1152 θεὸς
293 1128 347 1133 -
364 1099 432 1151 τίς
454 1119 489 1142 κ.
511 1098 596 1157 ἥς]
632 1103 670 1144 εἰ
699 1102 817 1144 Deus
845 1106 1061 1156 (summus
1091 1104 1279 1144 omnium
1308 1116 1450 1144 rerum
1473 1100 1627 1143 mode-

166 1161 310 1211 rator)
329 1172 408 1214 pro
434 1159 550 1200 nobis
563 1163 829 1214 propinquat,
860 1160 999 1214 eequis
1017 1172 1091 1200 nos
1112 1155 1397 1214 oppuyncebe'i?
1427 1159 1528 1200 Non
1551 1171 1625 1199 nc-

166 1222 242 1273 gat
268 1215 321 1260 P.
350 1228 504 1269 graves
547 1215 695 1256 hostes
738 1215 824 1270 piis
857 1215 1122 1258 Christianis
1153 1215 1395 1257 exstituros
1432 1229 1529 1256 esse
1563 1214 1628 1269 (et

166 1287 321 1327 magno
341 1284 512 1327 semper
531 1270 630 1312 odio
654 1271 712 1327 pii
734 1271 927 1312 homines
947 1272 1061 1328 apud
1083 1272 1238 1327 impios
1259 1272 1479 1328 fuerunt);
1514 1269 1627 1311 illud

166 1331 381 1380 affirmat,
426 1327 535 1368 adeo
567 1342 648 1369 nou
679 1328 748 1369 vel
778 1327 1074 1370 acerbissimis
1098 1329 1284 1369 inimicis
1305 1328 1515 1370 adversus
1536 1341 1627 1379 eos,

167 1401 276 1444 quos
303 1385 427 1427 Deus
454 1389 678 1440 protegat,
716 1385 899 1425 consilia
933 1399 1187 1427 successura
1213 1399 1332 1437 esse,
1363 1389 1410 1426 ut
1431 1399 1506 1426 cos
1524 1397 1626 1424 con-

165 1450 359 1486 temnere
383 1446 425 1482 ct
444 1455 523 1498 pro
550 1442 685 1482 nullis
703 1445 859 1497 putare
887 1441 1033 1485 liceat.
1097 1442 1162 1482 De
1182 1442 1395 1483 sententie
1417 1440 1627 1483 contende

165 1498 377 1551 Ps.56,5.
394 1498 459 1540 12.
482 1499 652 1550 118‚6.,
682 1497 736 1538 de
758 1497 900 1539 verbis
922 1497 1026 1541 Luc.
1039 1499 1079 1548 9,
1091 1498 1160 1541 50.
1184 1504 1226 1539 et
1245 1498 1431 1540 Arriani
1452 1496 1624 1553 Exped-

165 1554 409 1601 Alexand.:
437 1554 478 1606 2,
502 1556 544 1606 7,
563 1557 605 1596 6.
625 1578 679 1584 —-
699 1553 968 1620 ’,παρεκάλει
995 1554 1178 1611 &agmen
1200 1580 1252 1587 —
1276 1579 1327 1586 —·
1359 1554 1430 1597 ὅτι
1465 1548 1489 1596 ὃ
1515 1551 1626 1601 θεὸς

163 1608 283 1667 ὑπὲρ
301 1611 426 1666 σφῶν
447 1612 676 1664 στρατηγεῖ
695 1624 872 1661 αμεινον
892 1634 958 1651 -.

275 1676 334 1719 V.
353 1676 423 1719 32.
462 1675 658 1717 Munitur
685 1675 947 1732 praecedens
977 1689 1016 1719 v.
1046 1675 1116 1718 31.
1153 1676 1367 1718 sententia
1399 1689 1474 1727 eo,
1512 1672 1626 1730 quod

166 1734 321 1778 summi
350 1733 489 1773 Deum
520 1732 680 1773 amoris
709 1731 1006 1773 documentum
1039 1733 1124 1788 piis
1155 1731 1422 1775 Christianis
1453 1730 1628 1772 dedisse

168 1790 426 1834 ostenditur.
457 1785 570 1842 ὅςγε]
631 1788 805 1829 Rationi
836 1787 1080 1828 reddendae
1118 1789 1325 1840 inservit,
1354 1787 1628 1845 quiquidem,

167 1852 246 1891 ‘oet
276 1849 323 1899 jo
353 1849 412 1899 (V.
444 1845 592 1888 Herm.
622 1844 676 1885 ad
706 1843 841 1900 soph.
877 1844 989 1886 Oed.
1022 1843 1078 1886 R.
1103 1846 1201 1887 088.
1234 1846 1376 1890 Thuc.
1398 1846 1437 1897 1,
1467 1844 1625 1886 11.74.

166 1905 352 1947 Lucian.
370 1901 488 1944 Tim.
509 1902 580 1944 42.
603 1901 715 1942 Tox.
737 1901 816 1953 2.).
861 1900 949 1944 Dii.
971 1900 1021 1944 F.
1045 1900 1099 1943 G.
1123 1901 1241 1945 Clar.
1263 1902 1421 1944 Boern.
1451 1893 1500 1947 ὃς
1522 1896 1626 1940 οὐδὲ

167 1958 266 2003 υἱοῦ
287 1956 404 2000 ἰδίου
429 1955 500 2011 ἐφ.
575 1957 693 1999 Haec
715 1957 865 2010 lectio,
905 1971 1015 2013 quae
1038 1958 1105 1998 vel
1125 1963 1355 2015 propterea
1379 1955 1626 2013 displiceat,

169 2016 284 2074 quod
304 2012 420 2056 ἰδίου
442 2019 539 2069 post
557 2011 654 2055 υἱοῦ
677 2013 882 2069 rejectum
906 2018 998 2064 est,
1027 2014 1340 2070 interpretibus
1359 2025 1531 2055 sensum
1551 2012 1627 2051 de-

167 2070 436 2115 clarantibus
457 2069 653 2114 debetur.
702 2070 842 2125 Syrus
860 2071 1010 2113 vs.3l.
1029 2071 1212 2112 invitatu
1234 2068 1330 2123 ὅςγε
1351 2070 1479 2112 libere
1498 2066 1628 2110 vertit

168 2151 240 2192 καὶ
265 2147 305 2192 εἰ
336 2128 498 2219 (ὀρ),
528 2163 610 2190 non
643 2147 803 2190 codicis
829 2149 1058 2190 lectionem
1087 2148 1320 2205 expressit.
1386 2145 1508 2188 Beza
1529 2157 1625 2185 eum

168 2224 209 2268 εἰ
239 2226 312 2266 καὶ
344 2225 501 2265 habere
530 2230 702 2276 narrat,
741 2225 905 2268 Griesb.
936 2222 1034 2278 εἷ’γε.
1089 2221 1184 2277 ὅςγε
1213 2221 1310 2263 τοῦ
1341 2217 1497 2263 ἰδίου
1525 2218 1625 2261 υὶοῦ

168 2280 247 2322 οὐκ
277 2279 509 2336 ἐφείσατο]
542 2282 612 2336 (sni
639 2281 804 2335 quidem
829 2296 922 2324 saco
945 2282 1034 2333 filio
1063 2294 1144 2321 non
1170 2277 1420 2333 pepercerit.
1486 2275 1624 2318 Recte

169 2338 313 2391 Ore'9.,
346 2337 591 2390 leeophyl.‚
632 2337 727 2379 Chr.
748 2340 824 2380 1¹r.
845 2338 1027 2379 Selmv‘e‘d.
1061 2337 1118 2378 al.
1150 2333 1225 2375 τὸν
1245 2330 1358 2374 ἴδιον
1377 2328 1472 2373 υἱόν
1501 2345 1623 2373 snum

168 2394 330 2444 filium,
361 2397 428 2436 ben
460 2392 629 2447 ciguen
660 2394 780 2443 &obn
811 2393 1119 2445 (Joh.5‚18.)‚
1150 2390 1309 2443 [einen
1340 2390 1461 2439 &obn
1490 2389 1624 2429 inter·-

170 2455 423 2505 pretnntur,
471 2449 513 2490 h.
543 2463 581 2490 e.
611 2452 769 2489 natm-t?
805 2447 940 2502 filium
970 2448 1090 2502 (Joh.
1116 2448 1159 2497 3,
1183 2448 1250 2488 16.
1278 2446 1334 2488 cf.
1371 2445 1495 2488 Rom.
1517 2444 1559 2495 8,
1579 2443 1621 2486 3.

170 2503 245 2545 τὸν
275 2501 475 2545 ἑαυτοῦ
504 2501 619 2559 υἱὸν)
650 2508 697 2544 ut
725 2505 779 2544 ab
807 2506 1021 2559 adoptatis
1048 2504 1154 2545 filiis
1174 2502 1471 2551 discernatur3
1510 2500 1624 2541 male

170 2561 310 2614 Kopp.
340 2560 501 2614 aliique
529 2561 665 2612 silium
692 2574 814 2601 snum
842 2565 1037 2612 vertunt,
1074 2573 1164 2602 voc.
1204 2554 1317 2605 ἴδιος
1355 2556 1623 2612 pronominis

169 2616 409 2685 possessivi
428 2617 540 2656 omni
555 2616 737 2669 pondere
748 2617 940 2658 destituti
959 2617 1072 2657 vices
1090 2616 1262 2674 explere
1282 2614 1464 2669 opinati.
1504 2611 1623 2653 Raro

170 2670 284 2719 ι’διος
313 2671 354 2711 in
385 2671 443 2713 N.
474 2672 530 2714 T.
560 2673 828 2727 pronominis
860 2672 1097 2729 possessivi
1132 2669 1414 2713 Substantivo
1455 2669 1550 2710 sine
1582 2668 1625 2709 vi

169 2728 402 2784 postpositi
439 2733 695 2782 potestatem
733 2728 863 2768 habet
898 2728 1012 2778 (Tit.
1049 2728 1090 2779 2,
1107 2729 1149 2769 9.
1181 2727 1238 2769 cl.
1265 2726 1308 2768 5.
1350 2725 1460 2781 Eph.
1491 2724 1623 2776 5‚22.

171 2786 200 2827 l
231 2782 350 2825 Petr.
379 2785 420 2834 3,
454 2785 526 2836 1.),
568 2785 702 2824 multo
731 2785 1001 2840 frequentius
1036 2784 1076 2824 vi
1115 2783 1190 2823 susi
1234 2780 1486 2823 Pronomini
1523 2787 1625 2820 ante

171 2839 501 2895 Substantivum
553 2839 792 2894 ponderose
838 2841 1049 2883 collocato
1099 2838 1346 2896 respondet.
1422 2835 1638 2934 Exlpedrde

1562 2905 1626 2932 or.
