1715 3115
130 203 214 245 502
413 198 798 243 EPISTOLA
830 198 932 242 AD
966 198 1325 244 ROMANOS

134 302 375 359 φυτοεργέ,
421 300 560 344 πόνου
588 299 738 356 χάρις·
789 299 931 342 εἵνεκα
965 304 1058 345 σεῖο
1083 302 1091 359 Ι
1117 302 1252 360 ἀχρὰς
1282 301 1327 346 ἐν
1359 300 1608 361 εὐκάρποις

136 359 362 402 ὸένὸόεσιν
393 357 687 414 ἒγγράφομαι.

241 398 307 457 *V.
333 417 401 459 19.
423 422 465 456 et
486 417 556 458 20.
598 414 744 471 Quum
769 412 822 459 P.
845 413 960 470 quod
983 414 1144 456 ethnici
1174 415 1409 460 obtendere
1436 417 1608 474 potuis-

138 479 236 515 sent
264 472 453 528 defracti
482 473 596 515 rami
624 478 748 524 sunt,
787 485 862 514 nos
891 471 1008 513 oleae
1032 471 1151 513 insiti
1177 485 1322 515 sumus
1343 475 1386 518 b.
1407 487 1445 515 e.
1468 487 1542 515 nos
1563 473 1609 514 in

141 530 398 572 Jmlaeorum
425 544 452 570 a
479 529 572 571 Deo
603 528 900 571 abdicatorum
931 528 1065 570 locum
1097 528 1372 572 successimus
1402 529 1610 572 diluisset

141 601 182 629 v.
204 588 272 628 17.
294 591 338 627 et
362 584 455 638 18.,
496 586 553 626 iis
582 586 692 626 banc
721 584 1007 643 objectionem
1033 584 1224 641 relinqui
1246 584 1382 629 vidit:
1421 585 1610 642 defracti

140 642 301 685 ramuli
328 647 450 695 sunt,
488 647 535 684 ut
565 655 657 697 eqo
687 641 897 684 insererer
928 641 958 683 i.
983 655 1022 684 e.
1052 654 1105 684 eo
1135 642 1364 684 consilio
1393 643 1511 684 Deus
1533 642 1609 684 Ju-

141 701 270 741 daeos
289 699 556 753 repudiavit,
594 702 642 739 ut
671 711 746 739 me
774 712 848 740 suo
875 696 1025 754 farore
1052 698 1392 753 amplecteretur.
1451 698 1608 754 ltaque

143 757 254 797 banc
285 755 571 812 objectionem
603 754 754 810 posuit
789 768 830 797 v,
856 756 947 806 19„
996 760 1042 795 ut
1075 768 1167 796 eam
1197 754 1424 796 refelleret
1455 767 1497 797 v·
1519 756 1609 799 20..

144 811 260 868 ἐρεῖς
281 804 376 867 οὗὶι]
408 812 521 854 dices
550 810 777 868 (objicies)
805 811 979 866 iyitur
1007 814 1080 865 (bu
1111 810 1213 863 mitst
1244 824 1341 855 nun
1370 812 1503 867 Tagen)
1534 825 1608 867 np-

143 873 376 926 postquam
414 867 530 924 quod
566 868 692 910 nobis
723 867 909 924 primum
944 867 1135 925 objicere
1168 868 1390 923 potuisses
1422 867 1611 922 (exciso-

144 939 241 968 rum
264 939 483 967 ramorum
503 925 643 966 locum
668 925 872 982 occupavi
895 938 934 967 r.
951 926 1019 967 17.
1044 924 1134 978 18.)
1155 924 1459 967 refutavimus.
1510 923 1610 966 Non

145 986 264 1024 recte
302 982 494 1024 ll'incrus
521 995 589 1036 gr.
619 996 663 1038 p.
682 981 808 1024 425.:
854 981 972 1022 dices
1000 980 1130 1036 iyitur
1157 994 1230 1037 np.
1261 979 1613 1032 similitudinem,

149 1039 235 1095 qua
257 1053 338 1093 ego
361 1053 466 1080 usus
486 1053 580 1079 sum
603 1052 643 1080 v.
666 1040 735 1082 17.
756 1038 849 1089 18.,
882 1039 923 1078 in
948 1044 1065 1079 tuam
1090 1051 1180 1078 rem
1202 1042 1476 1080 convertens,
1546 1035 1612 1087 ἐξ·

147 1092 432 1152 εκλάσθησαν
469 1091 519 1136 οἳ
555 1091 730 1148 κλάδοι]
764 1094 985 1135 Omittunt
1016 1094 1270 1136 Articulum
1303 1096 1366 1138 A.
1394 1094 1443 1138 C.
1473 1093 1523 1138 F.
1554 1094 1610 1136 G.

149 1152 221 1193 37.
251 1153 321 1194 40.
348 1152 420 1194 47.
451 1152 519 1193 57.
545 1151 617 1193 72.
647 1151 718 1193 73.
748 1151 821 1195 80.
844 1151 904 1194 al.
938 1151 1017 1193 Mt.
1038 1165 1075 1193 e.
1096 1151 1128 1193 f.
1149 1165 1189 1193 a.
1210 1151 1242 1194 l.
1264 1165 1304 1193 n.
1333 1157 1378 1192 et
1404 1157 1612 1207 quattuor

151 1207 261 1251 cdd.
290 1223 341 1249 ex
374 1215 564 1264 septem,
605 1221 714 1262 quos
735 1206 1008 1250 Matthaeins
1031 1213 1184 1262 postea
1208 1208 1429 1250 consuluit
1457 1211 1518 1260 (V.
1541 1206 1611 1250 ed.

152 1265 277 1317 min.)
308 1264 468 1320 Chrys.
498 1264 652 1320 (etiam
680 1265 724 1305 in
754 1265 832 1306 Mt.
854 1266 896 1305 3.
918 1265 983 1320 8.)
1016 1264 1224 1306 Damaso.
1253 1262 1377 1308 occ..
1455 1262 1612 1320 Itaque

151 1322 381 1373 Erasmus,
414 1315 656 1372 Celaeneus,
686 1320 934 1373 Stephanus
957 1321 1026 1362 ed.
1053 1323 1090 1364 l.
1112 1328 1155 1361 et
1174 1321 1242 1371 2.,
1269 1320 1428 1376 Βεντ9.,
1458 1319 1615 1373 Knup-

148 1378 269 1433 pius,
316 1378 500 1420 Lachm.
531 1378 694 1432 aliique
725 1377 957 1418 articulum
988 1377 1243 1419 deleverunt
1272 1378 1485 1433 multique
1516 1391 1614 1418 eum

152 1434 448 1476 adulterinum
479 1449 576 1475 esse
595 1433 854 1491 judicarunt
882 1435 942 1489 (V.
963 1448 999 1476 c.
1022 1434 1212 1489 (ἲν-ἰωὰ,
1249 1432 1401 1476 ΒὶηοΙε.
1425 1433 1613 1476 Lucubr-

154 1505 197 1547 p.
221 1492 342 1542 127„
380 1490 553 1542 Reicle„
592 1489 801 1545 Meyer.).
870 1491 936 1533 At
961 1491 1191 1530 articulum
1218 1490 1490 1531 retinendum
1515 1503 1614 1531 esse

155 1548 402 1588 necessarie
434 1548 735 1598 demonstres,
783 1561 866 1588 non
897 1549 1035 1588 solum
1067 1546 1360 1602 probabiliter
1389 1546 1612 1589 ostendas,

154 1604 326 1644 Etenim
363 1605 488 1644 homo
519 1604 700 1656 gentilis
716 1603 917 1655 populum
931 1602 1155 1657 judaicum
1176 1616 1197 1641 a
1219 1602 1317 1643 Deo
1338 1602 1613 1659 repudiatum

153 1674 267 1713 esse,
298 1666 347 1701 ut
369 1660 463 1716 ipse
488 1659 529 1699 in
554 1659 636 1699 uei
655 1659 841 1712 gratiam
865 1659 1031 1699 veniret
1051 1659 1117 1712 (b.
1134 1672 1172 1700 e.
1193 1672 1295 1713 quos
1313 1659 1421 1699 oliva
1441 1658 1615 1701 habuis-

153 1722 216 1759 set
244 1730 385 1759 ramos
412 1717 580 1757 excisos
610 1729 730 1766 esse,
767 1719 816 1755 ut
847 1714 941 1770 ipse
973 1714 1120 1754 arbori
1152 1714 1440 1767 insereretur)
1474 1713 1613 1756 Paulo

154 1773 197 1815 h.
217 1774 246 1815 l.
267 1773 456 1831 objicere
478 1772 629 1822 debet,
667 1770 888 1812 nommllos
910 1771 1092 1811 Judaeos
1114 1770 1200 1810 Dei
1221 1771 1364 1822 gratia
1386 1771 1614 1824 excidisse,

154 1836 203 1870 ut
230 1831 325 1886 ipse
353 1829 466 1885 apud
493 1828 632 1869 Deum
659 1827 881 1881 gratiosus
910 1834 1050 1878 esset,
1087 1832 1163 1866 aut
1190 1827 1352 1883 aliquos
1379 1842 1521 1868 ramos
1541 1827 1616 1869 de-

153 1887 318 1928 fractos
340 1900 461 1937 esse,
502 1892 549 1926 ut
579 1886 675 1940 ipse
706 1884 749 1925 in
779 1884 916 1924 oleam
953 1883 1260 1925 immitteretur
1288 1897 1484 1939 paganus
1511 1898 1616 1941 apo-

154 1943 269 1984 stolo
301 1957 352 1984 ne
382 1949 528 1998 potest
558 1941 730 1997 quidem
765 1940 836 1981 hic
866 1939 1072 1995 objicere.
1140 1940 1282 1981 Docet
1304 1941 1617 1997 disputationis

154 1999 377 2057 paullinae
408 2005 546 2040 tenor.
613 1996 788 2053 Scripto
812 2011 876 2039 vs,
900 1998 965 2038 15.
991 1995 1039 2038 P.
1063 1997 1229 2037 veritus
1252 2001 1343 2047 est,
1374 2011 1427 2037 ne
1449 1997 1502 2036 ab
1522 1997 1616 2038 etb-

154 2056 265 2097 nicis
293 2058 497 2113 prognati
528 2055 717 2096 lectores
749 2054 846 2110 plus
873 2052 1025 2108 populo
1047 2051 1225 2107 judaico
1257 2053 1469 2093 tributum
1503 2067 1615 2106 esse,

156 2128 282 2168 quam
314 2114 476 2154 veritas
506 2117 732 2168 pateretur
762 2109 967 2151 arbitrati
999 2109 1076 2148 boc
1097 2109 1182 2149 sibi
1202 2108 1509 2152 obtenderent:
1549 2110 1616 2150 di-

155 2171 264 2210 lexit
290 2169 415 2209 Deus
447 2168 744 2225 patriarchas,
787 2181 868 2206 non
898 2165 1047 2217 diligit
1076 2179 1224 2205 eorum
1254 2174 1472 2222 posteros.
1552 2164 1617 2207 Ut

155 2227 260 2267 baec
291 2224 509 2266 dubitatio
538 2229 813 2265 amoveretur
840 2222 1113 2279 patriarchas
1142 2223 1337 2263 subolem
1369 2236 1488 2262 suam
1516 2221 1615 2264 Deo

154 2296 323 2324 sacram
347 2290 389 2322 et
410 2295 551 2322 caram
576 2278 821 2321 reddidisse
844 2280 934 2334 Ap.
959 2279 1124 2318 monuit
1142 2291 1180 2320 v.
1204 2280 1290 2320 16..
1359 2276 1486 2319 Nunc
1511 2292 1619 2332 gen-

154 2340 257 2380 tiles
288 2353 410 2379 suam
440 2338 625 2379 nationis
647 2335 854 2390 judaicae
883 2334 1214 2375 contemtionem
1249 2335 1327 2375 boc
1361 2340 1616 2384 argumento

154 2396 271 2438 tueri
300 2399 523 2452 poterant:
561 2392 780 2434 abdicavit
809 2392 931 2431 Deus
954 2389 1171 2442 Judaeus,
1207 2405 1284 2431 nos
1316 2390 1614 2432 benevolentia

153 2453 403 2509 complexus
427 2456 494 2491 est
515 2449 719 2502 (defracti
741 2448 850 2488 rami
871 2453 996 2498 sunt,
1027 2461 1105 2488 nos
1129 2447 1260 2504 stirpi
1283 2447 1405 2488 insiti
1426 2449 1614 2500 sumus).

155 2509 361 2550 Occurrit
396 2507 441 2551 l'.
472 2507 568 2547 huic
601 2504 836 2563 objectioni
865 2518 903 2547 v.
928 2505 994 2546 17.
1015 2507 1058 2543 et
1081 2504 1167 2546 18..
1239 2503 1475 2558 Reliquum
1505 2508 1616 2555 erat,

155 2573 204 2607 ut
232 2565 432 2606 ultimum
465 2575 730 2618 paganorum
760 2560 1006 2616 perfugium
1028 2560 1353 2610 obstrueretur,
1392 2559 1466 2614 qui
1490 2573 1612 2600 suam

154 2622 305 2679 populi
331 2620 428 2676 jud.
456 2618 787 2675 despicientiam
818 2617 897 2658 hac
929 2616 1098 2657 ratione
1126 2615 1359 2657 defendere
1390 2618 1616 2670 poterant:

155 2693 202 2720 eo
229 2678 400 2720 consilio
432 2676 555 2716 Deus
587 2674 819 2716 Jualaeos
847 2671 1088 2724 abdicavit,
1135 2676 1183 2714 ut
1218 2685 1308 2713 nos
1345 2670 1492 2726 farore
1521 2685 1613 2712 (tm-

153 2736 411 2790 plecieretur
441 2732 614 2786 (idcirco
636 2730 706 2787 qni
723 2729 767 2770 in
787 2728 1091 2784 olicafuerunt
1112 2727 1226 2769 rami
1246 2727 1381 2767 excisi
1403 2733 1527 2779 sunt,
1566 2731 1613 2770 ut

155 2804 228 2843 eqo
246 2789 393 2831 arbori
415 2788 636 2829 insererer
658 2800 695 2828 v.
712 2786 776 2828 19.
808 2785 863 2827 cf.
885 2785 1043 2838 v.ll.).
1089 2784 1185 2825 Hoc
1197 2780 1249 2826 P.
1267 2783 1374 2824 facit
1394 2784 1613 2833 v.20.s‹1..

157 2838 387 2888 Nommllos
418 2843 606 2888 ludaeos
640 2842 781 2883 Deum
821 2842 875 2882 ab
915 2855 961 2881 se
1001 2839 1223 2901 depulisse
1262 2836 1614 2894 (ἐξεκλάσθησαν
