1715 3115
142 174 228 217 3OE
425 170 804 216 ErlsToLA
836 172 937 216 AD
967 172 1324 218 ROMANOS

139 278 376 337 Apostolis
396 277 667 335 propositam
688 277 799 322 v.8..
857 277 1094 322 Disturbat
1110 280 1216 322 haec
1233 279 1455 323 enarratio
1466 277 1599 323 Pauli

139 331 509 392 disputationem,
541 348 652 390 quae
672 349 723 376 eo
745 333 924 387 nititur,
962 342 1010 377 ut
1039 336 1270 392 integritas
1296 337 1494 394 faciendo
1518 351 1597 394 pa-

140 391 278 435 randa
309 391 552 444 integritati
584 398 854 448 opponatur,
901 406 1027 448 quam
1058 394 1259 436 eredendo
1297 394 1597 449 consequaris.

139 447 273 493 Adde
292 446 407 504 quod
429 462 468 491 v,
488 462 527 491 ν.
550 448 593 490 9.
615 471 669 478 -·
701 449 776 490 καὶ
796 450 1040 506 πιστεύσῃς
1058 446 1105 489 ἐν
1121 451 1175 506 τῇ
1193 448 1353 509 καρδίᾳ
1373 464 1478 499 σου,
1508 449 1536 495 ὃ
1543 465 1598 493 τι

139 504 163 549 o‘
195 503 332 552 θεὸς
361 499 528 545 αὐτὸν
561 503 782 559 ἤγειρεν
809 502 867 546 ἐκ
903 503 1108 558 νεκρῶν
1145 505 1335 563 σωθήσῃ
1371 506 1492 547 illam
1522 519 1597 548 ex-

136 560 416 619 plicationem
436 574 588 601 vanam
608 573 705 601 esse
725 561 943 604 evincunt.
1000 560 1228 615 Knappius
1245 562 1278 606 1.
1297 576 1336 607 c.
1353 577 1397 619 p.
1415 562 1516 606 558.
1528 576 1596 619 sq.

137 617 329 661 describi
347 622 508 659 statum
530 616 719 658 hominis
740 616 964 658 existimat
983 632 1006 659 a
1031 616 1207 660 Christo
1224 618 1378 668 alieni,
1407 620 1482 674 qui
1502 619 1596 662 suis

134 674 249 717 male
270 673 399 716 factis
417 678 725 715 consternatus
741 674 875 716 saluti
894 687 999 715 suae
1022 673 1193 715 diffidat
1212 675 1307 717 sine
1330 675 1421 717 nlla
1450 689 1594 718 rerum

134 730 460 787 exspectatione
481 729 722 782 meliorum,
749 730 911 786 quique
930 731 1125 786 requiem
1144 744 1343 773 curarum
1365 731 1596 788 requirens

137 802 188 831 ac
205 789 397 830 tomenta
417 786 615 828 dolorum
633 793 724 827 tum
745 785 827 828 bsic
846 793 938 828 tum
967 784 1072 829 inste
1097 801 1144 828 se
1173 793 1314 830 vertat
1345 793 1390 830 et
1420 789 1484 829 nil
1510 789 1595 830 lin-

137 858 278 902 quens
295 844 494 885 inausum
516 843 640 884 modo
669 843 835 885 coelum
862 843 1036 885 flectere
1065 843 1195 896 velit,
1232 843 1359 886 modo
1388 844 1594 899 abyssum

135 913 333 952 movere,
365 899 441 941 sed
463 900 575 941 nihil
597 899 813 956 proficiat.
871 899 1000 941 Hunc
1029 900 1166 954 igitur
1192 914 1215 940 e
1241 901 1327 943 fide
1354 906 1499 942 natam
1519 899 1595 943 ln-

134 958 388 1012 tegritatem
408 972 432 997 a
455 955 761 1012 desperatione
782 955 835 998 ad
856 971 974 1013 spem
994 957 1062 998 his
1085 956 1230 998 verbis
1259 971 1299 1000 V.
1329 958 1358 998 6
1376 981 1432 988 —
1449 956 1493 1000 8.
1521 957 1596 999 be-

133 1015 267 1070 nigne
306 1014 591 1070 compellare:
639 1013 730 1054 noli
768 1019 908 1054 tecum
947 1014 1164 1068 cogitare:
1202 1027 1326 1055 nemo
1354 1014 1397 1055 in
1426 1013 1594 1055 coelum

135 1069 345 1113 ascendet
362 1070 450 1113 Dei
478 1070 754 1123 interpretem
783 1069 888 1111 mihi
912 1075 1149 1124 paraturus
1173 1069 1305 1123 (unde
1332 1066 1467 1125 hoc?)
1495 1084 1594 1117 nam

134 1129 217 1171 hoc
234 1128 431 1181 cogitare
453 1131 520 1168 est
537 1130 598 1179 (v,
618 1126 773 1182 supra)
793 1125 1017 1169 Christum
1037 1125 1092 1168 de
1111 1126 1231 1168 coelo
1252 1125 1465 1170 deducere
1483 1127 1594 1170 velle

132 1185 255 1241 (scil.
285 1184 412 1240 quasi
442 1183 481 1224 is
508 1183 584 1224 tua
611 1183 744 1224 causa
771 1183 825 1224 de
856 1183 976 1224 coelo
1009 1198 1091 1225 non
1132 1182 1452 1238 descenderit):
1496 1190 1594 1227 aut:

133 1255 260 1284 nemo
284 1241 328 1282 in
351 1253 496 1282 orcum
515 1239 771 1292 descendet,
799 1243 847 1281 ut
865 1244 1122 1283 servatorem
1144 1239 1247 1282 mihi
1262 1245 1453 1283 arcessat
1467 1240 1593 1294 (haec

134 1297 188 1341 P.
211 1312 295 1339 non
316 1296 472 1350 dianio:
503 1311 597 1337 nam
621 1297 699 1337 hoc
720 1296 757 1337 si
777 1295 986 1349 cogitaris
1005 1295 1187 1352 perinde
1209 1304 1300 1348 est,
1327 1310 1376 1338 ac
1405 1296 1445 1338 si
1464 1295 1594 1339 Chri-

131 1359 250 1398 stum
269 1354 400 1396 demw
417 1348 479 1407 (22)
499 1354 552 1394 ab
573 1353 728 1394 inieris
747 1353 979 1394 excitatum
1000 1353 1130 1405 velis,
1171 1353 1244 1409 qui
1278 1359 1378 1410 post
1412 1358 1592 1395 mortem

130 1425 214 1468 pro
246 1416 289 1452 te
318 1411 555 1467 oppetitam
586 1409 795 1451 revixerit
823 1409 882 1464 (v,
911 1410 954 1452 6.
986 1410 1065 1461 7.).
1141 1409 1256 1450 Bene
1287 1409 1433 1466 potius
1463 1423 1592 1466 quam

130 1467 244 1510 fides
267 1467 410 1522 gignit
428 1465 671 1521 Integritas
689 1472 733 1507 te
754 1480 933 1522 sperare
955 1465 1083 1521 jubet
1112 1465 1181 1506 his
1208 1479 1273 1508 V.:
1311 1473 1592 1523 praeceptum

130 1524 188 1567 de
218 1523 302 1565 fide
328 1522 434 1566 Jesu
470 1522 663 1564 habenda
692 1528 760 1564 est
789 1521 1028 1580 ejusmodi,
1076 1528 1125 1563 ut
1154 1522 1363 1578 perfacile
1397 1523 1481 1564 tibi
1516 1522 1592 1576 sit,

131 1594 219 1623 non
245 1580 372 1621 modo
398 1593 469 1621 ore
499 1579 544 1620 id
572 1578 771 1635 profiteri
800 1579 1029 1633 animoque
1060 1578 1315 1635 complecti,
1357 1579 1431 1621 sed
1457 1580 1590 1621 etiam

129 1636 230 1693 ejus
244 1635 384 1691 jussis
402 1648 480 1687 per
499 1636 640 1676 omnia
663 1634 953 1688 obtemperare
972 1631 1052 1687 (2²).
1109 1634 1232 1676 Haec
1252 1649 1424 1691 quoque
1450 1635 1590 1677 inter-

130 1692 323 1750 pretatio
344 1705 367 1732 a
391 1691 441 1733 P.
460 1691 756 1749 disputatione
784 1690 1016 1741 abhorret,
1055 1705 1186 1746 quum
1214 1691 1326 1733 nihil
1353 1691 1592 1742 contineat,

133 1763 222 1806 quo
254 1748 473 1790 sententia
501 1762 540 1791 v.
571 1748 615 1791 4.
647 1747 955 1788 corroboretur
983 1752 1038 1798 (v,
1072 1750 1242 1803 supra).
1310 1746 1442 1789 Adde
1475 1747 1591 1804 quod

129 1806 273 1848 Mosis
305 1805 492 1855 alumni,
542 1804 629 1845 nisi
653 1803 765 1844 forte
793 1803 1068 1859 paucissimi,
1108 1805 1221 1845 male
1248 1803 1457 1845 factorum
1489 1817 1592 1846 con-

132 1861 319 1905 scientia
344 1862 399 1903 ad
418 1859 763 1918 desperationem
787 1859 961 1901 minime
978 1858 1157 1901 adducti
1175 1867 1296 1912 sunt,
1334 1859 1412 1902 sed
1443 1874 1590 1903 susce-

131 1926 210 1977 pta
230 1918 396 1960 scelera
417 1917 671 1967 sacrificiis,
712 1931 823 1972 quae
847 1916 994 1957 Moses
1024 1914 1245 1958 Israelitis
1275 1917 1591 1973 praescripsis-

130 1984 224 2028 set,
256 1975 427 2031 expiari
446 1975 531 2015 sibi
554 1979 869 2030 persuaserunt
889 1971 981 2017 Jes.
1006 1974 1045 2025 1,
1060 1974 1127 2017 11.
1145 1987 1214 2029 sq.
1242 1973 1396 2017 matth.
1415 1975 1457 2026 9,
1472 1974 1539 2016 13.

246 2031 307 2073 V.
328 2033 428 2073 9-
449 2034 518 2073 ll.
576 2029 724 2073 Fulcit
756 2027 806 2072 P.
836 2042 952 2071 voco.
981 2043 1021 2072 v.
1053 2029 1096 2073 8.
1125 2027 1240 2071 τοῦτ’
1271 2025 1365 2071 ἔστι
1392 2029 1443 2071 τὸ
1469 2028 1589 2084 ῥῆμα
1657 2063 1659 2065 .

127 2089 207 2144 τῆς
242 2086 435 2137 πίστεως
465 2081 489 2129 ὃ
523 2086 796 2141 κηρύσσομεν
826 2086 870 2128 h.
898 2099 938 2128 e.
969 2099 1088 2126 suam
1120 2085 1348 2126 verborum
1378 2087 1587 2127 mosaico-

128 2159 223 2187 rum
247 2144 654 2201 interpretationem
680 2156 824 2183 veram
844 2156 942 2183 esse
963 2140 1157 2183 ostendit
1184 2141 1354 2183 duobus
1382 2156 1488 2184 usus
1516 2155 1587 2183 ar-

129 2202 367 2255 gumentis.
432 2198 577 2241 Primo
597 2199 710 2240 enim
731 2213 825 2239 cnm
846 2197 985 2239 Musis
1005 2198 1151 2240 verbis
1173 2199 1237 2240 rei
1258 2204 1454 2240 naturam
1485 2212 1588 2240 con-

129 2271 291 2310 gruere
323 2257 471 2307 docet,
520 2254 869 2311 qnandoquidem
898 2255 1043 2297 Moses
1071 2255 1104 2298 l.
1132 2268 1169 2298 c.
1199 2255 1513 2312 professionem
1541 2259 1587 2298 et

129 2314 256 2356 fidem
284 2313 396 2354 band
419 2314 601 2355 obscure
622 2310 1010 2361 commendaverit,
1040 2317 1226 2366 utraque
1245 2316 1387 2351 autem
1410 2324 1458 2353 re
1484 2325 1584 2353 con·

124 2371 277 2428 juncta
309 2372 429 2412 salus
457 2374 638 2426 paretur
669 2381 709 2411 v.
739 2368 779 2408 9.
814 2369 896 2411 10..
955 2365 1128 2408 Deinde
1151 2367 1209 2412 V.
1231 2366 1290 2410 T.
1318 2366 1457 2410 locum
1483 2382 1586 2425 pro·

128 2430 240 2474 i'ert,
272 2427 346 2467 uhi
367 2426 620 2467 nemininon
641 2423 717 2480 qui
734 2422 861 2464 fidem
885 2422 1041 2464 babeat
1068 2438 1233 2466 summa
1263 2423 1451 2466 felicitas
1481 2438 1584 2481 por-

127 2482 360 2535 tendatur,
390 2496 494 2536 ergo
517 2481 561 2522 id
579 2481 720 2537 ipsum
740 2485 991 2521 eventurum
1010 2493 1107 2521 esse
1127 2480 1320 2530 dicatur,
1357 2480 1473 2536 quod
1501 2480 1584 2522 do-

127 2553 227 2582 cere
244 2539 409 2590 soleat,
447 2543 628 2595 propter
647 2535 775 2577 fidem
802 2541 844 2577 te
878 2536 1022 2588 beari,
1060 2537 1152 2579 sive
1180 2535 1370 2580 Iudaeus
1399 2537 1464 2580 sis
1491 2537 1584 2579 sive

130 2609 346 2654 paganus,
407 2595 754 2638 Consentaneum
778 2598 922 2633 autem
952 2592 993 2633 ei
1022 2591 1218 2644 videtur,
1257 2591 1405 2634 Mosen
1437 2598 1482 2634 et
1507 2592 1584 2636 Je-

130 2652 269 2708 sajam
298 2650 350 2691 de
382 2651 503 2692 tanta
532 2664 580 2691 re
609 2650 724 2690 inter
751 2662 797 2689 se
827 2647 1072 2692 convenire.
1139 2647 1216 2690 ἐὰν
1239 2641 1513 2706 ὁμολογήσῃς
1538 2647 1583 2691 ἐν

130 2711 194 2763 τῷ
213 2704 401 2760 στόματί
421 2721 501 2748 σου
521 2706 671 2760 κύριον
684 2701 871 2759 Ἰησοῦν]
912 2704 956 2747 h.
983 2718 1020 2746 e.
1050 2702 1124 2746 ἐὰν
1150 2700 1424 2761 ὁμολογήσῃς
1473 2720 1495 2745 ν
1518 2704 1582 2759 τῷ

130 2762 319 2814 στόματί
356 2776 436 2803 σου
472 2762 621 2815 κύριον
679 2761 775 2804 scil.
805 2755 929 2810 ὄντα,
975 2774 1073 2802 nam
1101 2761 1249 2814 κύριον
1275 2759 1581 2802 Praedicatum

130 2828 199 2863 est
219 2820 315 2865 Joh.
335 2818 461 2872 9,22.
487 2819 509 2860 l
530 2816 630 2861 Joh.
683 2814 949 2871 ‚2.)’1q0027v
979 2816 1018 2858 .ςί
1039 2830 1110 2860 ore
1138 2820 1209 2859 tuo
1235 2815 1451 2874 professus
1476 2815 1580 2873 fue·-
