1715 3115
162 204 249 246 512
443 205 823 250 EPISTQLA
856 183 958 250 Ali
987 207 1350 253 ROMANos
1410 215 1414 219 ·

166 309 207 354 εἰ
225 308 308 366 γὰρ
327 308 382 352 σὺ
405 307 452 352 ἑκ
472 311 550 363 τῆς
576 311 686 354 κατὰ
716 308 850 368 φύσιν
879 309 1136 367 ἀγριελαίου
1163 311 1376 370 ἐξεκόπης
1401 315 1477 357 καὶ
1506 315 1631 371 παρὰ

167 367 302 424 φύσιν
331 366 395 415 εἰς
424 367 705 410 καλλιέλαιον
732 367 1076 437 ἐνεκεντρίσθης.
1136 371 1250 413 Vide
1279 378 1370 414 not.
1401 371 1454 412 ad
1483 372 1628 424 9,21..

166 426 240 466 καὶ
261 421 407 479 παρὰ
437 421 606 478 φύσιν
635 423 967 480 ἐνεκεντρίσθης
995 441 1060 476 εις
1085 426 1386 482 καλλιέλαιον]
1418 427 1545 470 Rami
1576 442 1630 470 ex

165 483 359 523 oleastro
381 479 577 536 decerpti
599 482 642 522 in
677 481 862 522 nobilem
891 483 1029 524 oleam
1058 483 1207 524 insitio
1235 489 1416 525 naturae
1444 490 1629 533 eatenus

165 543 405 594 repugnat,
436 544 652 593 quatenus
673 538 839 579 surculi
860 538 900 578 in
927 539 1038 581 alius
1063 540 1229 594 ycneris
1256 540 1454 582 arborem
1482 545 1629 582 trans-

163 595 274 636 latio
292 599 376 638 est.
436 593 634 636 Naturae
654 595 765 636 enim
784 600 1120 637 consentaneum
1139 601 1229 644 est,
1270 600 1319 637 ut
1347 596 1456 638 rami
1485 597 1526 639 in
1557 597 1630 639 sui

165 651 354 707 quisque
392 651 565 705 generis
603 651 760 704 arbore
799 658 1112 707 propagentur.
1187 652 1392 709 Expende
1431 654 1629 709 proxima

165 722 208 751 v.
240 708 368 763 πόσῳ
398 708 566 759 μᾶλλον
597 706 742 757 οὗτοι,
787 703 835 747 οἳ
859 706 993 749 κατὰ
1026 710 1194 763 φύσιν
1223 707 1630 766 ἑγκεντρισθή-

167 777 362 806 σονται
390 763 443 821 τῇ
470 761 564 820 ἰδίᾳ
583 761 737 820 ἐλαίας
780 763 942 805 Vocem
976 763 1257 806 καλλιέλαιον
1284 778 1369 806 non
1393 765 1540 818 finxit,
1580 772 1629 807 ut

166 821 326 862 melius
357 834 448 862 eam
479 827 721 877 opponeret
749 815 988 876 ἆγριελαίῳ
1017 821 1184 874 (Gn-01„
1226 820 1394 875 Kopp.,
1432 821 1628 890 Rueck),

166 877 243 920 sed
264 892 314 919 ex
335 892 416 918 usu
445 876 653 932 loquendi
681 876 937 933 depromsit.
995 876 1109 918 mam
1133 877 1223 936 jam
1255 878 1527 919 Aristoteles
1551 892 1630 933 την

166 932 448 976 καλλιέλαιον
467 936 745 989 (generosam
769 933 946 984 olivam)
966 934 1019 989 τῇ
1039 930 1275 989 ἀγριελαιίμ
1295 934 1531 988 (oleastro)
1551 948 1630 992 op-

165 991 317 1048 posuit
353 990 458 1043 περί
500 991 648 1045 φυτῶν
678 990 769 1042 1,6.
797 989 891 1032 ἔστι
919 989 966 1031 δὲ
993 990 1067 1031 καὶ
1094 987 1227 1040 ἄλλος
1253 988 1556 1044 ἐμφυλλισμὸς
1585 989 1631 1032 ἐν

166 1049 322 1096 ἄλλοις
345 1043 586 1101 διαφόροις
607 1045 784 1100 γένεσιν,
814 1042 870 1094 ὠς
887 1071 942 1077 --
961 1045 1119 1088 καλλι
1134 1045 1324 1094 ἑλαιος
1342 1061 1362 1089 ε
1376 1043 1423 1096 ῖς
1442 1045 1631 1102 ἀγριέ-

168 1107 333 1147 λαιον
355 1128 421 1144 -.
455 1107 517 1157 (v.
548 1103 817 1144 Selelensneri
842 1103 986 1153 Lex).
1049 1103 1177 1158 πόσῳ
1207 1101 1373 1155 μᾶλλον
1398 1097 1546 1152 οὗτοι,
1576 1099 1631 1145 οἱ

167 1158 304 1203 κατὰ
323 1157 394 1214 φύ
412 1171 521 1207 σιν,
553 1159 636 1213 ἐγκ.
656 1159 710 1215 τῇ
729 1156 824 1215 ἰδίᾳ
855 1157 1006 1226 ἐλαία]
1046 1158 1167 1201 Haec
1194 1172 1304 1214 quae
1335 1159 1539 1213 vulgatur
1563 1159 1632 1200 le-

167 1218 254 1260 ctio
274 1222 482 1271 corrupta
501 1220 585 1258 est.
644 1214 782 1256 Posse
811 1222 908 1271 post
928 1230 969 1257 οι
989 1215 1098 1256 κατὰ
1130 1214 1267 1270 φύσιν
1294 1215 1491 1272 suppleri
1518 1214 1631 1270 κλά-

164 1275 240 1316 δοι
260 1273 464 1324 concedo.
526 1273 638 1314 Nam
664 1286 793 1327 quum
816 1272 925 1312 rami
944 1272 1212 1323 inserantur,
1249 1284 1466 1314 ramorum
1487 1271 1632 1314 notio-

166 1345 263 1373 nem
285 1330 417 1371 verbo
439 1327 877 1385 ἕγκεντρισῦήσονται
898 1328 1108 1369 inclusam
1128 1341 1226 1369 esse
1248 1326 1411 1369 dixeris
1429 1329 1504 1384 (cf.
1521 1325 1633 1381 βλέ-

168 1403 270 1429 πειν
289 1383 562 1442 ἆμᾳοτέροις
591 1386 686 1427 scil.
713 1383 969 1440 ὀφθαλμοῖς
995 1389 1038 1426 et
1062 1383 1204 1436 χωλὸς
1230 1381 1504 1442 ἀμφοτέροις
1531 1383 1631 1428 scil.

167 1443 320 1495 ποσίν)
339 1457 476 1497 eoque
495 1442 671 1499 ellipsin
695 1441 999 1493 excusaveris,
1040 1440 1156 1497 quod
1184 1439 1236 1484 P.
1270 1440 1460 1484 Judaeos
1489 1455 1529 1484 v.
1556 1440 1630 1483 21.

165 1498 272 1549 τοῦς
291 1497 399 1540 κατὰ
422 1495 555 1553 φύσιν
575 1495 762 1546 κλάδους
783 1512 856 1553 np.
878 1498 954 1551 τῆς
978 1496 1129 1546 ἐλαίας
1157 1511 1198 1541 V.
1227 1498 1296 1540 17.
1326 1497 1630 1554 appellaverit.

168 1555 258 1598 Sed
281 1569 437 1611 aspera
462 1562 603 1595 tamen
628 1559 695 1594 est
725 1555 828 1594 haec
853 1554 1025 1608 ellipsis
1054 1567 1194 1608 neque
1226 1553 1466 1595 sententiae
1495 1553 1631 1594 satis-

167 1613 289 1655 facit.
348 1611 524 1653 Natura
543 1609 656 1652 rami
685 1624 767 1649 non
797 1610 935 1649 solum
956 1608 1139 1661 Judaei‚
1178 1608 1255 1650 sed
1282 1610 1411 1650 etiam
1440 1609 1630 1663 gentiles

166 1670 372 1719 fuerunt,
412 1666 481 1707 illi
509 1666 668 1707 nobilis
699 1666 862 1717 olivae,
903 1664 946 1705 hi
977 1664 1175 1708 oleastri.
1257 1662 1472 1719 Quocirca
1506 1663 1557 1709 P.
1588 1665 1629 1706 si

167 1725 360 1770 Judaeos
382 1723 621 1777 gentilibus
644 1720 703 1772 (εἰ
724 1720 776 1763 σύ
799 1719 845 1763 ἐκ
863 1726 940 1775 τῆς
961 1721 1070 1762 κατὰ
1092 1722 1225 1777 φύσιν
1244 1718 1456 1777 ἐξεκόπης
1477 1717 1631 1776 ἀγριε-

167 1781 316 1833 λαίου)
338 1793 556 1835 opponere
579 1778 855 1829 decreverat,
891 1779 952 1818 ita
971 1777 1153 1819 scribere
1178 1777 1409 1820 debuerat:
1450 1773 1492 1819 οὶ
1518 1791 1630 1817 κατα

169 1835 305 1894 φύσιν
330 1834 530 1877 κλάδοι
559 1837 654 1888 τῆς
680 1832 1071 1884 καλλιελαίου,
1116 1833 1186 1876 vel
1213 1830 1257 1874 οὶ
1285 1831 1340 1875 ἐκ
1366 1833 1463 1888 τῆς
1495 1831 1628 1873 κατὰ

169 1894 336 1951 φύσιν
355 1890 725 1933 καλλιελαίου
747 1887 1090 1939 ἑκκοπὲντες.
1149 1889 1264 1932 Nam
1286 1889 1630 1945 quodltnecker-

167 1958 238 1993 ins
257 1950 503 2006 suppletum
524 1948 663 1989 voluit
682 1943 725 1987 οἱ
746 1944 855 1987 κατὰ
875 1945 1009 2001 φύσιν
1030 1945 1126 1988 scil.
1148 1947 1240 2001 τῆς
1265 1942 1632 1987 καλλιελαίου

169 2008 326 2056 ὄντες
355 2004 584 2058 cogitando
612 2002 770 2044 ascisci
798 2002 973 2057 nequit,
1015 2010 1059 2044 et
1088 2003 1126 2043 si
1159 2007 1310 2059 posset
1337 2008 1500 2044 temere
1530 2001 1572 2043 h.
1598 2000 1630 2043 l.

169 2067 310 2105 mente
332 2061 583 2104 adderetur.
642 2058 928 2116 Perspicuum
958 2064 1027 2099 est
1054 2059 1192 2111 enim,
1233 2073 1316 2099 non
1351 2058 1544 2103 Judaeos
1572 2069 1632 2098 ex

171 2121 346 2171 arbore,
386 2121 690 2174 quarumdam
720 2129 965 2170 qenerosam
992 2114 1145 2157 olivam
1176 2129 1264 2157 esse
1292 2115 1511 2164 voluisset,
1547 2113 1628 2155 cle-

169 2175 337 2233 sractos
358 2189 526 2231 pagano
549 2173 617 2214 hic
635 2172 822 2228 opponi,
851 2186 908 2212 ex
924 2170 1101 2224 arbore,
1129 2185 1236 2228 qzcae
1259 2174 1420 2213 natura
1448 2169 1631 2212 oleaster

169 2236 278 2274 esset
299 2232 464 2282 meisa,
503 2230 579 2271 sed
605 2231 739 2270 multo
768 2228 941 2268 facilius
967 2226 1158 2270 Judaeos
1191 2223 1330 2268 navo?
1358 2223 1524 2282 φύσιν
1551 2237 1629 2265 no-

170 2288 249 2330 bili
271 2289 409 2330 olivae
432 2287 590 2337 inseri,
622 2299 747 2340 quam
769 2298 963 2338 paganus
984 2283 1136 2338 παρὰ
1166 2280 1236 2338 φύ
1252 2296 1338 2325 σιν
1364 2284 1408 2324 in
1429 2282 1538 2322 hanc
1556 2294 1627 2320 ar-

169 2345 317 2386 borem
339 2343 560 2385 immissus
582 2342 715 2382 suerit
737 2341 903 2394 colligi.
973 2338 1265 2394 Quamobrem
1293 2338 1348 2382 ἐκ
1371 2340 1467 2394 τῆς
1493 2335 1628 2378 κατὰ

171 2406 340 2466 φύσιν
368 2407 678 2452 ἐκκοπέντα
707 2403 1038 2462 ἀγριελαίου
1057 2397 1188 2460 παρὰ
1212 2395 1364 2461 φύσιν
1389 2398 1628 2460 ἕγκεντρι-

171 2470 351 2529 σθῆναι
377 2475 440 2525 εἷς
464 2473 744 2517 καλλιέλαιον
764 2478 808 2514 et
831 2464 956 2510 κατὰ
979 2463 1132 2528 φύσιν
1154 2462 1546 2530 ἐγκεντρίζεσθαι
1567 2469 1630 2527 τῇ

168 2535 272 2597 ἰδίᾳ
298 2541 427 2598 ἐλαίᾳ
456 2556 507 2583 ex
535 2541 716 2582 adverso
751 2545 988 2597 ponuntur.
1050 2540 1239 2582 Praebet
1258 2538 1422 2597 justam
1452 2538 1632 2594 opposi-

168 2602 330 2642 tionem
361 2612 507 2639 eorum
542 2599 696 2649 lectio,
741 2596 816 2652 qui
848 2593 891 2636 οὶ
919 2596 1124 2638 omittunt
1151 2597 1212 2650 (2.
1247 2596 1318 2638 38.
1352 2596 1422 2637 76.
1451 2594 1629 2644 Βοενη.,
1675 2611 1678 2614 ·

170 2658 318 2708 Clau,
348 2654 476 2705 Tol„
508 2653 761 2703 nemidov„
792 2652 919 2704 Rus„
948 2652 1092 2705 Beda,
1130 2652 1263 2694 editio
1285 2651 1481 2707 Erasmi,
1510 2649 1629 2701 Aldi,

170 2711 379 2761 Colinaei,
420 2707 653 2765 Bassai-clip
697 2723 792 2749 nam
828 2708 868 2749 si
897 2714 943 2749 tu
971 2723 1022 2749 ex
1050 2724 1124 2761 eo,
1170 2722 1295 2764 quem
1322 2713 1477 2748 natura
1508 2706 1630 2747 olea-

169 2775 307 2810 strum
330 2766 447 2817 fecit,
464 2766 639 2807 excisus
657 2765 898 2807 oleastro
916 2770 1106 2807 contra
1123 2768 1355 2806 naturae
1372 2764 1537 2818 leyem
1552 2762 1628 2802 in-
1664 2781 1671 2791 «

169 2825 276 2867 silus
297 2838 340 2866 es
357 2822 485 2865 nobili
502 2822 657 2875 olivae,
679 2826 840 2877 quanto
860 2821 998 2876 magis
1017 2821 1064 2863 hi
1081 2835 1104 2864 e
1120 2824 1357 2863 naturae
1376 2819 1492 2875 leqe
1507 2817 1628 2858 inse-

1517 2886 1625 2916 reu-
