1715 3115
169 229 227 269 02
451 222 830 268 EPISTOLA
865 221 964 264 AD
995 221 1356 266 ROMANOS

171 333 332 375 rationi
353 332 459 384 ciet,
489 335 578 373 tum
600 328 755 384 fragile
774 341 931 384 corpus
954 326 1204 369 moderatur
1231 335 1273 370 et
1302 333 1402 386 post
1435 331 1635 384 mortem,

173 391 257 447 qufi
278 403 436 446 corpus
464 387 748 437 dissolvitur,
786 387 983 426 remanet
1009 386 1069 438 (v.
1092 382 1220 426 Plato
1249 384 1301 426 de
1329 399 1424 442 rep.
1445 385 1531 440 IV,
1549 387 1635 431 439

172 447 364 498 —441.‚
407 443 493 496 lx,
514 444 614 486 571.
635 457 704 498 sq.
743 439 836 484 Cic.
859 440 995 483 Tusc.
1017 439 1057 491 l,
1079 442 1146 492 10,
1165 441 1236 483 20.
1266 440 1332 495 ll,
1353 443 1423 496 21,
1443 444 1516 487 47.
1547 443 1635 496 lv,

169 504 212 556 5,
234 503 340 556 10.).
398 499 514 542 Huic
555 497 724 541 meliori
762 497 950 538 hominis
985 495 1102 552 parti
1138 495 1398 540 deteriorem
1430 499 1637 557 opposuit

171 561 202 603 i.
224 574 263 600 e.
283 571 458 611 corpus,
488 554 604 613 quod
622 554 699 611 τὴν
719 552 802 603 ἔξω
831 549 1076 607 ἀνθρώπου
1105 550 1230 593 σκιάν
1257 553 1443 609 (Plotin,
1464 557 1506 609 3,
1529 557 1639 608 153,

169 615 244 657 τὸν
264 611 347 664 ἔξω
368 607 609 667 ἄνθρωπον
627 616 670 653 et
690 609 909 651 similibus
928 609 1130 650 formulis
1150 611 1318 653 notavit
1338 614 1400 667 (v.
1424 611 1569 656 Wetst.
1590 618 1635 654 et

170 671 368 724 Carpz.).
459 668 619 710 Eadem
659 666 961 709 Paullinarum
1003 679 1153 707 vocum
1205 659 1229 706 ὃ
1268 666 1356 708 ἔσω
1393 663 1636 724 ἅνθρωπος

170 732 216 784 (l
232 727 353 771 Petr.
374 725 416 777 3,
436 725 479 769 4.
503 722 525 765 ὃ
545 722 739 780 κρυπτὸς
756 723 831 777 τῆς
852 720 1038 778 καρδίας
1056 714 1300 776 ἅνθρωπος
1317 723 1388 780 qni
1404 724 1447 766 in
1465 729 1637 782 pectore

170 788 278 829 latet
305 783 444 836 homo)
473 786 518 824 et
546 776 569 822 ὃ
603 778 684 830 ἔξω
717 773 959 834 ἅνθρωπος
995 778 1042 833 (2
1061 776 1163 820 Cor.
1184 778 1228 830 4,
1249 778 1317 822 16.
1348 778 1461 835 Eph.
1483 780 1525 834 3,
1547 782 1637 838 16.)

169 843 236 885 vis
255 854 304 882 ac
324 838 443 881 notio
466 842 549 881 est.
610 835 694 878 lua
718 834 1083 893 praestantiorem
1109 834 1298 875 hominis
1330 840 1495 892 partem
1530 837 1575 881 h.
1595 851 1636 880 e.

169 898 379 942 rationem
401 899 443 937 et
464 893 759 937 conscientiam
775 923 788 943 ‚
817 892 922 933 haec
949 889 1212 932 deteriorem
1233 889 1330 948 ejus
1354 895 1523 949 partem
1541 893 1572 937 i.
1594 907 1636 936 e.

168 967 318 1009 corpus
337 951 548 995 declarat.
605 949 666 993 H.
686 949 717 993 l.
736 947 812 989 τὸν
830 946 917 989 ἔσω
937 941 1179 1002 ἄνθρωπον
1200 945 1313 988 idem
1343 949 1488 990 valere
1520 947 1638 1006 quod

169 1027 211 1055 v.
229 1010 301 1054 23.
322 1014 368 1051 et
385 1008 457 1052 25.
486 1005 562 1049 τὸν
578 1007 678 1048 νοῦν
698 1010 742 1047 et
769 1006 792 1047 1
814 1003 974 1046 Thess.
997 1003 1038 1055 5,
1058 1003 1130 1046 23.
1162 1001 1213 1043 τὸ
1235 1003 1406 1057 πνεῦμα
1428 1005 1471 1052 h.
1492 1021 1531 1049 e.
1560 1020 1636 1049 ra-

168 1069 326 1112 tionem
345 1069 389 1108 et
409 1063 705 1107 conscientiam
722 1075 822 1118 pers
858 1060 999 1102 icuum
1021 1065 1090 1100 est
1108 1060 1169 1115 (v.
1194 1059 1465 1114 Theodoret„
1499 1062 1635 1105 Theo..

166 1125 307 1181 phyl„
330 1121 467 1176 Oea).
512 1117 613 1162 Non
633 1117 808 1173 negavit
825 1075 880 1161 ξ’.
899 1130 1031 1173 quum
1053 1129 1129 1158 eas
1150 1119 1299 1172 partes
1314 1115 1398 1158 tibi
1416 1116 1636 1176 imperare

170 1181 352 1233 siveris,
385 1191 496 1234 quas
515 1175 676 1218 rationi
695 1172 872 1217 obedire
896 1186 978 1230 par
1003 1172 1086 1225 sit,
1125 1179 1168 1213 et
1196 1171 1402 1215 tenebras
1427 1175 1562 1216 menti
1592 1180 1639 1217 et

169 1239 328 1280 callum
350 1237 493 1278 animo
513 1232 669 1275 obduci
687 1231 839 1287 (Rom.
860 1231 899 1282 1,
919 1230 992 1273 22.
1021 1228 1135 1285 Eph.
1158 1228 1201 1280 4,
1225 1229 1294 1272 17.
1316 1231 1408 1286 sq.)
1426 1236 1637 1274 mentem..

170 1310 254 1352 que
283 1298 328 1336 et
358 1292 546 1334 animum
575 1287 865 1331 contaminari
892 1286 1110 1342 peccando
1136 1284 1254 1339 (Tit.
1276 1286 1316 1339 l,
1335 1287 1442 1341 15.).
1512 1285 1636 1330 Illud

167 1351 368 1407 negavit,
395 1346 763 1407 praestantiorem
784 1342 974 1386 hominis
997 1346 1164 1398 partem
1184 1341 1246 1383 ita
1266 1341 1558 1397 degenerare,
1585 1350 1637 1387 ut

167 1409 260 1451 veri
282 1405 541 1461 honestique
560 1403 631 1445 vel
651 1415 828 1444 sensum
849 1403 979 1442 exuat
999 1399 1067 1440 vel
1086 1396 1280 1441 studium
1300 1398 1506 1456 deponat.
1540 1401 1637 1444 Ar-

167 1469 374 1522 gumento
394 1466 462 1504 est
480 1461 548 1502 hic
570 1460 602 1502 l.
617 1493 629 1511 ,
664 1458 740 1500 uhi
759 1457 835 1514 qui
853 1456 1052 1512 loquitur
1073 1453 1267 1499 Iudaeus
1289 1469 1372 1498 non
1394 1461 1575 1500 renatus
1595 1462 1640 1500 et

167 1518 520 1565 extraordinario
539 1516 627 1559 Dei
647 1515 852 1557 instituto
870 1511 986 1570 quod
1005 1511 1133 1553 homo
1152 1525 1236 1553 non
1267 1511 1412 1569 capiat
1430 1511 1640 1556 Peccatui

168 1578 466 1634 emancipatus
506 1586 766 1631 quamquam
803 1569 1002 1628 corporis
1035 1568 1204 1610 facibus
1232 1567 1525 1613 inflammatus
1557 1571 1638 1613 ho-

168 1640 292 1678 nesta
313 1633 523 1689 perficere
543 1643 628 1672 non
646 1631 794 1687 potest:
810 1631 954 1668 tamen
987 1625 1130 1668 officio
1159 1623 1416 1668 satisfacere
1448 1626 1563 1681 cupit
1591 1631 1637 1670 et

167 1694 286 1735 intus
308 1689 395 1733 Dei
413 1689 511 1744 lege
531 1685 790 1728 delectatur.
849 1682 998 1739 Quare
1020 1696 1043 1723 a
1067 1680 1120 1726 P.
1141 1687 1284 1723 mente
1312 1696 1462 1724 eorum
1487 1683 1636 1741 opinio

167 1762 351 1807 prorsus
384 1746 614 1796 abhorret,
663 1742 738 1800 qui
775 1740 991 1783 hominem
1030 1752 1115 1780 non
1143 1742 1341 1779 renatum
1373 1752 1458 1780 non
1491 1740 1635 1782 solum

168 1814 322 1848 trunco
350 1806 426 1845 aut
450 1800 588 1859 lapidi
616 1805 691 1840 aut
717 1802 890 1841 statuae
920 1795 1011 1838 vita
1041 1794 1302 1847 destitutae,
1351 1808 1461 1851 quae
1492 1809 1635 1853 neque

169 1863 419 1912 oculorum,
456 1872 595 1914 neque
614 1856 705 1897 oris
726 1869 866 1911 neque
885 1854 1074 1895 ullorum
1100 1865 1304 1894 sensuum
1326 1866 1451 1893 usum
1476 1851 1636 1895 habeat

169 1918 441 1969 assimilant,
468 1928 617 1957 verum
636 1913 768 1954 etiam
796 1909 1058 1952 deteriorem
1088 1921 1186 1950 eum
1214 1912 1370 1949 trunco
1404 1923 1502 1950 esse
1533 1923 1636 1952 con-

169 1975 378 2023 tendunt,
426 1971 528 2028 quia
559 1974 739 2011 truncus
769 1967 810 2009 ei
838 1981 862 2007 a
894 1979 979 2022 quo
1010 1970 1235 2005 moveatur
1261 1977 1345 2006 uon
1378 1964 1633 2020 reluctetur,

171 2035 298 2074 homo
338 2044 423 2072 nou
460 2032 641 2070 renatus
671 2024 758 2066 Dei
795 2021 1012 2066 voluntati
1048 2024 1265 2078 repugnet
1299 2019 1470 2076 (Form.
1499 2021 1633 2067 conc.

203 2090 320 2130 tm.
342 2086 443 2128 672.
463 2089 571 2141 sq.).
629 2081 902 2138 Quamquam
924 2092 1003 2136 per
1023 2092 1070 2119 se
1093 2077 1305 2119 credibile
1327 2082 1416 2130 est,
1446 2075 1633 2120 Paulum

170 2105 360 2188 bominis
389 2156 473 2183 non
501 2140 645 2182 renati
669 2139 878 2181 rationem
908 2141 951 2177 ct
979 2134 1279 2176 conscientiam
1308 2131 1402 2187 (τὸν
1431 2128 1519 2174 ἔσω
1552 2133 1635 2174 ἄν-

170 2200 379 2258 θρωπον)
408 2198 714 2240 ἱηίιιφηῖηαΐητη
743 2199 787 2235 ct
814 2194 859 2234 iu*
884 2191 1101 2233 honestum
1133 2203 1296 2231 versam
1323 2188 1466 2230 animo
1494 2189 1633 2233 infor-

171 2272 330 2302 masse.
386 2253 501 2296 Nam
523 2257 797 2310 peccatorum
820 2247 1075 2299 illecebras,
1105 2243 1466 2302 quemadmodum
1485 2243 1633 2300 Plato,

171 2329 194 2356 a
225 2326 406 2370 corpore
434 2310 615 2367 repetiit
646 2310 707 2364 (V.
733 2311 823 2349 not.
849 2304 905 2347 ad
924 2306 967 2356 6,
985 2305 1050 2356 6.)
1076 2308 1119 2343 et
1146 2305 1238 2342 tres
1272 2301 1460 2344 hominis
1485 2308 1636 2358 partes

171 2369 374 2412 distinxit
402 2366 607 2409 Platonis
631 2361 970 2423 descriptionem
1001 2361 1225 2422 sse‘luunffs.
1252 2358 1275 2398 l
1300 2356 1465 2402 Thess.
1483 2359 1526 2412 5,
1544 2359 1631 2412 23.,

171 2426 221 2469 τὸ
249 2426 443 2476 πνεῦμα,
494 2421 628 2464 animi
661 2424 828 2477 partem
861 2420 1041 2460 ratzonzs
1064 2418 1347 2468 pariecepem,
1381 2412 1459 2470 τὴν
1485 2415 1633 2472 ψυχήν

172 2483 307 2524 animi
342 2485 509 2536 partem
547 2477 729 2521 rationis
763 2477 984 2529 expertem
1020 2474 1064 2510 et
1095 2468 1145 2510 τὸ
1175 2469 1322 2521 σῶμα,
1370 2484 1519 2525 corpus
1551 2472 1631 2527 (cf.

170 2536 454 2581 etiamHebr.
475 2535 518 2588 4,
540 2536 647 2587 12.).
704 2531 794 2574 Ubi
816 2531 924 2572 duas
938 2526 1127 2568 hominis
1148 2531 1295 2583 partes
1316 2525 1443 2578 fecit,
1470 2541 1632 2585 corpus

172 2594 269 2651 (τὴν
288 2590 450 2648 σάρκα)
469 2596 512 2632 et
530 2594 712 2631 mentem
724 2586 794 2642 (τὸ
815 2583 1006 2636 πνεῦμα)
1020 2583 1275 2648 popularem
1297 2581 1511 2624 rationem
1531 2584 1631 2625 imi-

172 2659 292 2694 tatus
317 2648 553 2704 primarias
582 2645 770 2686 hominis
796 2645 947 2699 partes
978 2638 1218 2681 nominavit
1243 2643 1288 2680 et
1314 2637 1366 2680 τὸ
1399 2634 1634 2694 ἀλόγιστον

170 2709 248 2762 τῆς
267 2704 411 2761 ψυχῆς
431 2703 590 2760 quippe
610 2701 773 2742 arctius
794 2711 890 2740 cum
912 2709 1096 2752 corpore
1121 2708 1300 2748 nexum,
1329 2708 1460 2750 quum
1481 2693 1532 2736 τὸ
1548 2698 1635 2738 θυ-

171 2762 346 2816 μοειδές
373 2763 415 2802 in
441 2767 640 2816 pectore,
678 2755 727 2798 τὸ
753 2749 1078 2808 ἐπιθυμητικόν
1104 2751 1255 2793 subter
1281 2750 1538 2807 praecordia
1566 2752 1633 2794 lo-

174 2824 371 2870 caretur,
418 2828 646 2857 numerare
675 2809 924 2870 supersedit
965 2811 1010 2861 (l
1035 2807 1136 2852 Cor.
1158 2810 1200 2860 7,
1219 2807 1292 2851 34.
1322 2807 1350 2847 2
1367 2805 1471 2852 cor.
1490 2809 1532 2860 7,
1552 2808 1632 2862 1.).

174 2875 375 2918 Ceterum
399 2874 491 2930 Ap.
509 2870 708 2927 spiritum
725 2870 808 2914 cliv.
829 2868 890 2923 τῷ
911 2862 999 2907 ἔσω
1032 2861 1261 2921 ἀνθρώπῳ
1291 2877 1328 2909 s.
1360 2864 1423 2919 τῷ
1451 2862 1524 2906 νοΐ
1547 2863 1632 2920 (τῷ
