1715 3115
163 193 250 236 422
449 189 829 235 EPISTOLA
868 190 968 235 AD
998 190 1361 236 ROMANOS

164 291 366 352 δεύτερον
385 296 608 338 numerari
625 297 749 341 v.20.
770 295 958 351 (Clima,
975 298 1090 353 θρα,
1111 311 1250 352 nuper
1266 296 1434 350 Reich„
1452 296 1621 352 Meyer.

165 353 262 403 aL).
326 351 438 394 Nam
470 353 658 410 primum
686 353 859 410 quidem
887 367 928 396 v.
956 354 1133 408 πρῶτος
1158 355 1224 395 M.
1253 353 1370 407 λέγει
1398 354 1507 395 hane
1533 355 1622 397 vim

165 409 349 452 habent:
375 410 539 463 primus
560 408 708 451 Moses
726 409 833 450 dicit
852 409 896 452 h.
916 423 955 453 e.
985 415 1085 451 ante
1105 409 1256 452 Mosen
1284 425 1403 452 nemo
1435 410 1548 452 dixit
1578 415 1625 453 et

166 471 268 522 post
298 479 394 506 eum
429 466 504 507 alii
535 465 740 508 dixerunt
768 466 969 517 (Obarito
1000 467 1100 518 2,2.
1137 466 1213 510 fin.
1251 466 1303 507 σύ
1341 481 1445 519 μοι,
1496 465 1624 522 φησί,

167 517 321 577 πρώτη
353 522 554 575 Χαιρέαν
582 520 787 574 ἔδειξας).
853 521 1028 564 Deinde
1060 521 1127 564 illi
1163 522 1452 579 explicatores
1488 521 1545 564 ad
1583 536 1646 572 V-

169 602 210 629 ν.
240 588 311 630 20.
341 586 521 636 Ἡσαΐας
549 590 598 632 δὲ
626 581 880 644 ἀποτολμᾷ
909 590 984 630 καὶ
1013 588 1140 643 λέγει.
1178 604 1262 631 non
1290 589 1400 631 satis
1427 587 1625 631 attende-

168 649 287 687 runt.
347 644 525 686 Scilicet
544 645 719 704 Jesajae
741 660 886 688 vocem
907 660 989 686 non
1010 645 1105 687 ideo
1127 644 1176 689 P.
1197 660 1235 689 ν.
1253 645 1324 688 20.
1347 644 1488 695 affert,
1509 643 1627 702 quod

169 706 271 756 post
300 701 438 742 Musis
469 708 654 743 aetatem
684 701 802 744 edita
829 717 922 743 cum
947 701 1087 743 Mosis
1116 701 1329 745 sententia
1358 715 1399 744 v.
1428 703 1496 744 19.
1524 716 1626 743 eon-

170 762 300 814 gruat
323 763 438 811 (naun
462 758 539 799 hoc
560 764 686 814 pacto
704 773 744 802 v.
763 759 835 801 20.
850 755 1031 807 Ἡσαΐας
1055 759 1103 800 δὲ
1133 757 1281 812 λέγει
1300 760 1392 814 Ap.
1419 758 1627 815 scripsis-

172 815 286 868 set),
316 814 392 855 sed
416 820 673 871 propterea,
703 815 819 871 quod
839 814 980 856 audax
1006 818 1049 855 et
1078 815 1341 856 luculentum
1361 813 1536 870 Jesajae
1563 815 1628 856 ef-

169 869 306 910 fatum
333 871 388 911 iis
406 871 596 929 adjicere
624 871 811 927 placuit,
851 886 960 927 quae
981 871 1127 912 Moses
1156 885 1241 913 non
1268 870 1329 912 ita
1359 871 1629 912 confidenter

171 934 215 967 et
245 926 463 968 luculente
493 927 694 971 dixisset.
772 927 886 970 Nam
917 927 1137 984 oppositio
1164 928 1268 969 haec
1298 932 1390 970 est:
1427 927 1629 982 MwiJmJg

171 980 346 1035 λέγει,
373 982 556 1032 Ἡσαΐας
575 985 621 1025 δὲ
646 982 939 1041 ἀποτολμᾷ
968 985 1056 1025 καὶ
1083 981 1231 1039 λέγει
1259 983 1290 1026 i.
1318 998 1358 1025 e.
1389 978 1628 1040 ἀποτολμᾷ

170 1037 320 1092 λέγων.
390 1038 548 1096 Itaque
585 1041 679 1096 Ap.
727 1040 907 1082 scivisse
948 1038 1202 1090 israelitas,
1257 1039 1400 1082 Deum
1440 1040 1627 1081 salutem

172 1095 432 1137 messianam
457 1096 697 1149 gentilibus
725 1096 969 1139 oblaturum
1000 1111 1124 1149 esse,
1163 1097 1224 1138 ita
1251 1111 1304 1138 ex
1333 1095 1462 1138 unius
1486 1095 1628 1137 Mosis

169 1150 300 1192 libris
321 1152 615 1205 demonstrat,
642 1158 713 1205 ut,
743 1168 874 1209 quum
896 1154 972 1194 alii
992 1160 1109 1195 vates
1131 1160 1231 1210 post
1251 1167 1346 1195 eum
1367 1151 1478 1193 idem
1494 1165 1630 1194 enun-

172 1208 402 1262 tiaverint,
441 1210 568 1263 longe
596 1210 893 1266 antiquissimi
923 1211 1185 1266 prophetae,
1224 1210 1300 1266 qui
1331 1223 1382 1251 ne
1411 1208 1504 1266 ipse
1532 1209 1630 1265 qui-

172 1263 270 1305 dem
299 1279 471 1319 gravem
500 1280 589 1307 rem
618 1266 796 1308 silentio
823 1267 1125 1322 praeterierit,
1166 1265 1425 1309 auctoritate
1453 1271 1630 1306 conten-

173 1324 265 1361 tum
285 1335 331 1362 se
354 1320 446 1364 fore
467 1323 685 1377 significet
707 1327 824 1374 (nam
846 1322 888 1364 in
910 1337 948 1364 v.
969 1322 1168 1380 ΠΙωῠσῆς
1191 1323 1270 1364 hoe
1298 1322 1467 1379 pondus
1495 1321 1629 1363 situm

175 1383 267 1420 est:
305 1377 474 1431 Moses,
509 1379 654 1432 populi
680 1379 903 1421 israelitici
932 1380 1141 1432 conditor,
1185 1378 1502 1434 antiquissimus
1528 1378 1626 1420 Ile-

174 1432 396 1476 braeorum.
416 1440 554 1490 vates,
584 1435 656 1490 qui
671 1435 846 1478 oracula
864 1436 1030 1490 primus
1056 1436 1196 1478 literis
1221 1434 1526 1490 comiqmcviO:
1553 1434 1628 1475 de-

172 1488 273 1530 inde
295 1498 467 1546 praeter
486 1491 788 1534 necessitatem
809 1491 982 1549 Jesajae
1002 1506 1147 1533 vocem
1168 1490 1329 1532 ideireo
1349 1489 1495 1543 addat,
1513 1489 1630 1547 quod

175 1543 350 1601 Jesajas
379 1562 468 1589 rem
498 1548 753 1600 confidenter
777 1553 822 1589 et
847 1548 1069 1601 perspicue
1092 1548 1296 1590 affirmet.
1375 1546 1462 1588 His
1497 1561 1630 1601 argu-

174 1604 333 1644 mentis
356 1603 386 1644 ii
406 1618 578 1659 quoque
598 1604 882 1655 refelluntur,
913 1604 986 1658 qui
1009 1603 1087 1651 μέν
1114 1603 1345 1658 cogitando
1376 1602 1632 1660 adjecerunt

175 1661 373 1712 (πρῶτος
396 1660 488 1710 μὲν
505 1658 706 1713 ῙΙῙωϋσῆς
725 1658 863 1714 λέγει,
897 1661 952 1702 ef.
978 1659 1197 1715 'Pholoe-a,
1227 1659 1383 1702 Rueck.
1415 1664 1459 1701 et
1486 1659 1630 1714 dm).

176 1711 339 1755 Posset
363 1714 442 1765 μέν
467 1715 674 1756 omissum
706 1715 869 1767 videri,
915 1715 953 1756 si
982 1714 1033 1758 P.
1065 1730 1104 1758 v.
1133 1717 1204 1758 20.
1228 1713 1410 1764 Ἡσαΐας
1439 1715 1488 1758 δὲ
1513 1713 1632 1770 λέγει

176 1771 424 1825 posuisset,
455 1771 498 1813 h.
516 1785 577 1813 S.:
617 1785 706 1812 rem
728 1771 995 1813 efficiendam
1022 1771 1199 1813 duorum
1226 1772 1537 1829 prophetarum
1565 1778 1631 1813 te-

174 1826 397 1869 stimoniis
445 1827 760 1883 comprobabo,
826 1827 966 1881 primo
1011 1826 1173 1879 Mosis,
1239 1828 1388 1870 deinde
1438 1826 1632 1884 Jesajae.

176 1881 451 1938 Quamquam
484 1897 535 1924 ne
565 1883 629 1924 sie
692 1883 831 1925 uidem
860 1882 940 1935 μέν
968 1883 1326 1938 praetermissum
1362 1890 1504 1937 esset,
1553 1883 1633 1926 sed

175 1937 307 1981 Pauli
327 1940 566 1995 disputatio
588 1940 646 1981 ita
698 1945 942 1983 ecum-eret:
968 1953 1058 1980 rem
1079 1940 1218 1981 Mosis
1245 1940 1504 1982 auctoritate
1530 1955 1632 1982 con-

176 1995 359 2037 firmabo
380 2010 420 2040 v,
445 1998 530 2039 19..
585 1995 760 2055 Jesajas
781 2001 924 2038 nectem
944 1999 1015 2048 (ut
1034 1996 1147 2038 hune
1170 1995 1346 2049 addam)
1375 1997 1480 2038 haec
1508 1996 1631 2041 dicit.

175 2051 306 2094 Nunc
327 2057 420 2107 Ap.
448 2053 513 2093 sio
539 2052 757 2109 disputat:
793 2052 1009 2104 sufficiat,
1046 2058 1095 2093 ut
1121 2067 1250 2094 unum
1277 2059 1321 2095 et
1349 2053 1629 2109 praecipuum

176 2113 331 2150 testem
354 2109 569 2164 proferam
585 2140 597 2162 ,
627 2109 680 2149 ad
699 2123 789 2150 rem
813 2107 1149 2150 confirmandam
1170 2108 1311 2150 Mosis
1331 2109 1630 2150 testimonium

176 2178 218 2207 v.
254 2166 337 2208 19..
413 2164 588 2221 Jesajas
618 2169 761 2207 aedem
798 2167 876 2218 (ut
905 2165 984 2205 hoe
1014 2164 1247 2222 adjiciam)
1276 2168 1420 2207 sumta
1444 2165 1630 2207 audacia

175 2219 289 2261 idem
308 2220 464 2262 eli'atus
484 2225 553 2262 est
571 2235 609 2262 v.
630 2222 718 2264 20..
776 2220 955 2262 Falsum
978 2225 1068 2273 est,
1099 2221 1213 2277 quod
1240 2221 1343 2263 olim
1374 2222 1498 2262 multi
1530 2221 1630 2278 phi-

175 2277 313 2329 lologi
336 2291 465 2333 quum
486 2278 606 2318 locos
626 2290 777 2333 parum
796 2276 1022 2318 subtiliter
1049 2277 1369 2319 examinassent
1395 2278 1504 2319 vanai
1530 2292 1630 2334 spe-

176 2332 243 2374 cie
265 2332 409 2375 delusi
425 2333 725 2384 crediderunt,
753 2330 834 2385 μέν
850 2346 980 2389 saepe
998 2338 1099 2375 ante
1122 2332 1173 2376 δέ
1193 2347 1271 2390 per
1297 2333 1474 2391 ellipsin
1503 2332 1631 2376 dees-

267 2471 526 2505 transmlerunt
559 2469 715 2514 ὕστερον
741 2469 951 2512 ἐξελθόντος
973 2468 1144 2515 Ἰεχονίου
1171 2474 1323 2511 postea,
1359 2479 1490 2510 nempe
1517 2480 1630 2512 quum

271 2519 403 2549 exisset
421 2517 638 2559 dechonjah)
662 2517 695 2550 b.
712 2529 763 2550 ιε
797 2516 882 2551 haec
898 2522 980 2550 sunt
1003 2519 1114 2550 verba
1141 2514 1246 2552 libri.·
1277 2525 1372 2556 quae
1399 2521 1515 2547 nunt
1530 2514 1630 2547 iari

264 2561 418 2601 jussit
450 2562 639 2596 Jeremt‘as
671 2581 715 2593 -,-
748 2561 874 2595 exsilio.
905 2562 1116 2596 affectorum
1154 2559 1356 2594 senioribus
1381 2579 1426 2586 -—
1445 2565 1630 2605 postea,

269 2618 406 2648 quum
431 2609 699 2652 Jcchonjak
721 2619 809 2640 rex
833 2608 997 2652 exis-ge
1010 2613 1044 2649 t,
1063 2628 1108 2635 —-
1126 2617 1196 2648 per
1212 2605 1436 2638 Eleazarem
1454 2612 1535 2639 etc..
1568 2604 1627 2639 Cf.

268 2653 358 2686 L'uc.
382 2651 526 2685 Toxaris
545 2666 575 2687 c.
596 2654 650 2686 32.
668 2650 806 2696 χρόνον
826 2651 897 2697 μὲν
923 2653 990 2686 οὖν
1013 2665 1095 2687 τινα
1120 2647 1215 2686 οὕτω
1237 2650 1388 2695 διῆγον,
1418 2648 1534 2689 εἰςιιόν
1557 2647 1631 2695 μὲν

267 2693 286 2731 ὅ
305 2695 506 2741 Δημήτριος
523 2695 731 2741 ἀκωλύτως.
755 2695 846 2743 ῥᾷον
860 2697 901 2732 δὲ
920 2698 1046 2742 φέρων
1065 2695 1352 2742 τήνσυμφοράν
1379 2693 1397 2730 ὃ
1414 2695 1627 2740 Ἀντίφιλος.

264 2743 423 2784 ’Ύστερ
437 2756 484 2777 ον
510 2741 556 2777 δὲ
580 2743 913 2781 ἀποθανόντος
945 2743 993 2778 ἐν
1024 2745 1084 2788 τῷ
1116 2743 1421 2788 δεσμωτηρίῳ
1456 2741 1630 2787 λῃστοῦ

267 2800 288 2822 t
298 2802 308 2821 ι
318 2801 366 2822 νο
378 2801 393 2826 ς
417 2786 487 2823 ὑπὸ
505 2786 713 2832 φαρμάκων
723 2814 734 2833 ,
762 2786 810 2826 ὦς
828 2786 965 2828 ἐδόκει,
996 2785 1141 2832 φυλακή
1165 2799 1203 2821 τε
1227 2786 1370 2834 ἀκριβής
1399 2788 1540 2835 ἐγένετο
1566 2785 1630 2822 καὶ

272 2832 390 2869 οὐκέτι
404 2831 535 2880 παρῄει
552 2838 598 2872 εἰς
619 2833 661 2869 τό
677 2838 812 2878 οἴκημα
829 2833 915 2870 οὐδὲ
933 2833 981 2872 εἷς
996 2837 1070 2869 τῶν
1085 2833 1283 2878 δεομένων.
