1715 3115
496 171 656 219 CAP.
688 173 750 219 X.
781 174 876 221 Vs.
908 175 1173 220 14.-lo..
1484 179 1571 222 411

99 280 368 338 scripsisset.
431 279 520 323 Fae
547 284 691 323 tamen
711 281 981 338 Apostolum
1010 296 1051 326 v.
1073 282 1292 326 14.—-16.
1320 283 1372 325 de
1397 284 1574 328 ludaeis

99 340 142 381 lo
179 343 329 379 uutum
359 351 476 382 esse.
554 336 623 379 ltu
654 339 786 380 etiam
817 352 990 381 versum
1015 339 1085 383 18.
1113 340 1169 382 ced
1195 340 1378 382 Judaeos
1405 341 1573 383 reterre

98 395 152 437 de
187 409 258 448 es,
298 394 414 450 quod
443 394 541 436 lieri
567 409 754 462 prorsus
783 396 951 452 nequit.
1021 397 1195 438 Etenim
1226 395 1414 452 objectio
1440 411 1479 442 v.
1505 399 1574 443 18.

97 451 160 509 μὴ
189 449 268 493 οὐκ
296 451 491 507 ἤκουσαν
521 452 853 507 [οιἸου()“αἶοι];
896 453 963 494 vel
988 467 1067 508 per
1092 468 1141 494 se
1167 452 1357 494 absurda
1382 458 1450 496 est
1469 469 1572 511 pro-

99 516 276 566 pterea,
315 508 431 565 quod
463 509 599 550 multo
624 508 779 566 majori
807 508 954 551 studio
975 510 1172 551 doctrina
1195 510 1350 553 christ.
1373 510 1574 566 Judaeis,

102 580 232 622 quam
254 565 442 607 ethnicis
462 565 519 607 ab
541 565 783 621 Apostolis
807 566 971 608 tradita
997 573 1066 609 est
1086 573 1129 608 et
1150 567 1245 623 ipse
1258 565 1449 621 Paulus,
1469 583 1574 623 gen-

105 622 252 664 tilium
275 621 443 675 doctor,
473 625 600 679 prius
623 636 717 664 eam
739 621 921 665 Judaeis
945 625 1099 680 quovis
1118 623 1214 666 loco
1237 623 1413 678 obtulit,
1444 641 1574 681 quam

104 679 292 736 paganis
310 681 417 723 Act.
442 680 607 729 13,46..
672 679 804 722 Adde
834 680 950 736 quod
978 682 1101 722 locus
1128 679 1201 723 Ps.
1223 681 1369 734 19,5.,
1408 697 1494 739 quo
1519 682 1572 726 Ρ.

101 750 142 781 v.
172 735 244 779 18.
282 735 412 778 istam
438 735 724 794 objectionem
757 734 842 792 (w)
876 734 954 778 οὐκ
980 732 1228 793 ἤκουσανς)
1258 737 1413 791 diluit,
1453 739 1573 798 ejus-

103 793 220 834 modi
251 799 344 845 est,
383 800 429 835 ut
464 793 699 846 magistros
726 793 992 835 christianos
1021 793 1265 836 doctrinam
1294 794 1487 837 divinam
1515 798 1574 840 ad

100 849 282 905 yentae'les
320 850 364 891 in
405 850 581 892 ultimas
618 853 835 892 terrarum
875 865 974 893 oras
1008 851 1246 907 pertulisse
1278 851 1386 893 bene
1417 853 1574 896 doceat

102 905 313 958 (animum
339 906 517 948 adverte
537 904 592 946 ad
611 903 675 955 εἰς
698 907 845 947 πᾶσαν
864 905 943 963 τὴν
960 908 1039 962 γῆν
1068 913 1114 950 et
1140 908 1196 950 ad
1223 904 1288 958 εἷς
1314 906 1369 950 τά
1398 910 1574 966 πέρατα

105 963 184 1017 τῆς
205 960 506 1018 οἰκουμένης),
544 962 585 1004 in
605 962 863 1005 Judaeorum
886 964 1206 1006 institutionem
1235 979 1389 1022 parum
1417 981 1574 1010 conve-

103 1019 212 1061 niat.
270 1018 362 1062 Cur
389 1020 502 1061 enim
528 1017 578 1062 P.
610 1026 861 1061 exterorum
892 1021 1041 1078 potius
1060 1021 1328 1066 Iudaeorum
1358 1025 1574 1067 rationem

104 1076 336 1128 habuerit,
367 1091 493 1133 qnam
518 1074 941 1133 palaestinensium?
979 1076 1070 1121 Sed
1095 1080 1217 1121 tollit
1247 1093 1414 1121 omnem
1446 1080 1576 1123 dubi·

103 1132 311 1174 tationem
333 1148 374 1178 v.
398 1135 492 1186 19„
523 1133 598 1174 ubi
619 1129 812 1190 μὴ’[σρα
832 1129 871 1175 *k
892 1132 970 1176 οὔκ
999 1132 1132 1190 ἔγνως
1171 1136 1235 1178 sio
1265 1137 1573 1194 exponendum

104 1188 186 1233 sit:
216 1187 276 1244 μὴ
295 1185 470 1246 Ἰσραήλ
490 1187 568 1232 οὐκ
591 1186 723 1245 ἔγνω,
755 1150 854 1235 sciri.
877 1186 948 1233 ὅτι
968 1188 1033 1241 εἷς
1052 1191 1201 1234 πᾶσαν
1217 1191 1296 1246 τὴν
1324 1191 1404 1250 γῆν
1431 1195 1576 1249 πρὸς

102 1243 518 1304 τούς(Ἐλληνας
547 1244 825 1296 ἐξελεύσεται
852 1242 875 1287 ὃ
906 1247 1110 1303 φθόγγος
1148 1245 1314 1301 αὗτῶι’;
1356 1250 1574 1308 (expende

104 1316 141 1345 v.
166 1304 233 1346 19.
255 1309 300 1346 et
319 1303 430 1356 20.).
489 1302 702 1345 Effectum
722 1308 791 1345 est
810 1304 968 1359 igitur,
1001 1319 1042 1349 v.
1067 1306 1133 1351 19.
1153 1307 1204 1348 de
1226 1307 1455 1362 qentile'bus
1479 1324 1575 1350 ser-

105 1373 277 1402 monem
316 1359 508 1405 institui.
586 1358 656 1401 Ne
688 1361 842 1406 multa.
920 1360 1110 1404 Temere
1144 1361 1271 1405 Pauli
1305 1363 1575 1421 disputatio-

106 1430 204 1458 nem
240 1423 527 1474 pervertunt‚
573 1417 649 1473 qui
689 1430 731 1461 v.
763 1418 980 1462 14—20.
1010 1418 1063 1460 de
1095 1419 1272 1461 ,Iudaeis
1300 1421 1372 1474 agi
1402 1428 1575 1478 putant.

106 1472 196 1516 Sed
217 1480 265 1515 ut
284 1488 324 1518 v.
345 1474 401 1515 14
419 1499 474 1505 -—
501 1475 567 1515 16.
589 1479 707 1516 recte
733 1473 984 1528 intelligas,
1012 1483 1192 1532 praeter
1219 1491 1267 1517 ea
1297 1492 1409 1533 quae
1439 1494 1574 1536 supra

106 1530 352 1573 monuimus
372 1531 450 1573 hoe
473 1535 600 1583 tene,
639 1544 677 1571 v.
705 1531 772 1574 14.
802 1537 846 1573 et
866 1532 934 1574 15.
966 1530 1177 1574 divinitus
1209 1533 1445 1576 mittendos
1476 1551 1575 1579 esse

105 1586 332 1641 doctores,
373 1593 419 1629 ut
441 1587 632 1644 aliquem
664 1586 718 1628 de
746 1587 844 1646 ejus
875 1587 1106 1646 majestate
1136 1590 1191 1630 ab
1221 1590 1313 1631 illis
1342 1592 1574 1636 institurus

107 1644 311 1686 invocare
342 1645 517 1702 possis,
555 1644 601 1687 in
632 1644 873 1687 universum
900 1645 1150 1690 observari:
1188 1647 1408 1698 legavisse
1433 1649 1574 1692 Deum

106 1701 344 1754 magistros
365 1701 419 1742 ad
441 1701 655 1755 gentiles,
686 1706 735 1742 ut
753 1700 903 1745 Jesum
924 1702 1131 1746 Messium
1156 1705 1329 1758 cognita
1356 1705 1452 1763 ejus
1484 1723 1574 1748 ma-

101 1756 267 1816 Jestate
286 1759 576 1813 implorarent
594 1758 741 1800 verbis
762 1773 801 1803 ν.
824 1760 892 1804 16.
916 1757 1007 1800 ἀλλ’
1041 1759 1092 1801 οὐ
1124 1758 1286 1810 πάντες
1319 1756 1577 1817 ὑπ’ήκουσαν

109 1814 173 1871 τῷ
195 1811 432 1870 εὐαγγελίῳ
453 1814 743 1868 significatum
764 1829 879 1858 esse.
940 1815 1214 1873 Obsequium
1236 1818 1348 1859 enim
1379 1827 1423 1860 et
1449 1835 1576 1876 prae-

109 1876 257 1912 statur
275 1877 318 1912 et
341 1875 525 1925 negatur
543 1871 771 1924 evangelio
792 1887 818 1914 a
838 1872 1058 1927 maye'sire's
1082 1874 1258 1916 tradito.
1319 1873 1577 1919 Sententiae

108 1928 275 1984 optime
303 1941 520 1968 connexae
554 1933 658 1968 sunt
687 1927 730 1969 h.
759 1942 840 1971 m.:
882 1928 983 1972 Joel
1009 1929 1201 1971 omnibus
1229 1931 1362 1973 etiam
1391 1936 1578 1988 mcycmix

107 1989 330 2026 aeternam
362 1984 616 2025 lelicitatem
647 1984 866 2025 ominatus
898 1990 992 2037 est,
1027 1985 1103 2041 qui
1128 1985 1299 2029 Christi
1327 2003 1478 2031 nomen
1511 1991 1577 2031 iu-

109 2046 341 2084 vocassent
371 2044 431 2093 (v,
455 2041 562 2094 13.).
626 2038 772 2095 Quum
804 2041 963 2095 igitur,
1002 2049 1050 2083 ut
1080 2044 1346 2100 sempiterna
1380 2046 1468 2088 vita
1499 2063 1576 2103 po-

109 2098 266 2150 tiaris,
293 2097 464 2140 Christi
485 2110 638 2139 nomen
658 2098 739 2139 tibi
770 2097 1056 2140 invocandum
1090 2099 1176 2151 sit,
1215 2102 1427 2144 neminem
1457 2115 1577 2146 certe

110 2155 314 2197 invocare
349 2155 545 2211 poteris,
587 2153 676 2196 nisi
707 2155 944 2210 magistros
972 2155 1097 2198 Deus
1128 2157 1321 2211 miserit,
1359 2160 1432 2216 qui
1463 2161 1576 2218 ejus,

113 2227 240 2269 quem
265 2212 468 2253 invocare
498 2217 541 2253 te
570 2217 796 2267 oporteat,
837 2211 1109 2270 majestatem
1140 2214 1222 2255 tibi
1250 2215 1576 2259 demonstrave-

113 2269 202 2310 rint
220 2271 282 2323 (v.
306 2269 375 2311 14.
399 2268 502 2321 15.).
563 2266 651 2310 Sed
673 2283 753 2310 non
772 2283 915 2311 omues
938 2271 1146 2325 (payani)
1167 2274 1394 2325 evangelio
1418 2276 1462 2329 (a
1487 2289 1576 2315 ma-

112 2325 268 2378 gistris
298 2324 511 2367 divinitus
543 2324 690 2366 missis
718 2326 943 2382 exposito)
972 2334 1215 2382 paruerunt
1245 2328 1440 2385 fideque,
1490 2332 1574 2387 qua

112 2397 224 2439 opus
255 2387 347 2434 est,
389 2388 437 2424 ut
467 2381 691 2424 Christum
723 2383 923 2435 invoces,
971 2384 1201 2435 evangelio
1230 2388 1385 2440 negata
1416 2388 1578 2430 salutis

83 2439 325 2496 ‘jacturam
348 2439 543 2480 fecerunt
565 2440 627 2492 (v.
648 2452 687 2481 ν.
714 2440 780 2482 16.
801 2439 857 2483 cl.
881 2454 922 2483 v·
953 2440 1022 2483 13.
1055 2441 1164 2491 14.).
1222 2441 1340 2484 Hine
1370 2444 1483 2486 ratio
1513 2447 1577 2487 fa-

111 2495 194 2537 cile
216 2495 515 2538 concluditur:
555 2494 669 2550 quod
696 2510 778 2536 non
806 2510 947 2537 omnes
970 2496 1150 2550 yentiles
1180 2504 1404 2542 aeternam
1434 2501 1578 2543 relici-

114 2558 274 2605 tatem,
315 2567 443 2608 quam
468 2552 675 2595 Christus
696 2566 776 2608 pro
798 2552 1020 2593 immensis
1047 2553 1141 2594 suis
1170 2555 1329 2611 opibus
1359 2558 1403 2599 in
1428 2573 1579 2600 omnes

112 2609 242 2652 etiam
270 2610 491 2661 ethnicos,
533 2613 749 2664 quotquot
777 2623 872 2650 eum
905 2609 974 2666 pie
1004 2610 1344 2666 implorassent,
1376 2616 1576 2657 conferre

113 2672 264 2723 posset
290 2669 352 2719 (v,
377 2668 444 2709 12.
477 2666 566 2717 13.)
599 2664 746 2721 adepti
778 2672 904 2718 sunt,
948 2664 991 2706 id
1020 2681 1102 2707 nou
1141 2667 1225 2709 Dei
1254 2671 1382 2727 culpa
1415 2671 1574 2714 sactum

111 2727 179 2764 est
200 2721 344 2775 (misit
367 2723 480 2764 enim
501 2722 554 2763 ad
577 2736 768 2778 paganos
784 2721 986 2763 doctores
1002 2756 1011 2774 ,
1045 2723 1118 2777 qui
1141 2724 1310 2768 Christi
1336 2743 1462 2783 quem
1496 2729 1575 2770 im-

112 2780 342 2836 plorarent
380 2780 649 2836 majestatem
684 2779 740 2820 iis
769 2786 1106 2830 monstrarent),
1147 2782 1223 2823 sed
1254 2799 1401 2825 eornm
1432 2788 1574 2838 genti-

113 2836 222 2878 lium
243 2837 488 2878 temeritate
509 2836 681 2887 evenit,
713 2836 787 2891 qui
810 2836 890 2878 lide
920 2837 1146 2891 exangelio
1174 2853 1198 2880 a
1229 2840 1438 2884 divinitus
1470 2843 1574 2884 mis-
