1715 3115
130 207 219 252 430
404 204 788 251 EPISTOLA
818 205 922 249 AD
955 204 1316 251 ROMANOS

128 314 326 351 nonnullos
343 313 539 348 messianae
556 313 735 348 felicitatis
753 313 940 358 participes
956 311 1085 347 faciam
1116 313 1167 356 (v.
1188 313 1242 347 13.
1264 314 1357 359 14.),
1382 325 1493 360 quum
1511 313 1582 348 Ju-

129 365 313 396 dacorum
330 358 479 394 felicitas
499 362 631 393 uobis
648 358 880 393 saluberrima
896 359 1017 392 sutura
1037 359 1081 391 sit
1094 360 1138 402 (v.
1159 360 1244 402 15.).
1278 361 1502 394 Mementote
1520 373 1586 395 au·-

129 414 225 449 tem,
250 418 293 439 ue
306 406 548 447 patriarchas
568 405 649 439 Deo
668 404 871 438 carissimos
900 404 1006 437 fuisse
1030 415 1160 436 eorum
1184 411 1359 446 posteros
1386 405 1504 439 divino
1530 405 1587 439 fa·-

129 465 214 486 vore
239 450 410 485 excidisse
439 451 524 484 mibi
551 450 746 494 objiciatis,
785 449 814 483 si
839 450 1014 495 primitiae
1046 451 1125 483 Deo
1152 462 1272 485 sacrae
1297 451 1387 497 sint,
1433 462 1585 485 massam

156 509 271 543 noque
290 508 382 541 esse,
409 496 489 540 quia
510 496 685 540 primitiae
706 507 857 530 massam
879 502 1110 538 consecrent,
1143 503 1178 529 et
1201 496 1230 529 si
1257 498 1362 542 stirps
1379 497 1459 531 Deo
1483 507 1584 530 sacra

126 551 192 585 sit,
214 555 333 576 ramos
351 543 482 586 pariter
500 554 573 574 esse
594 543 640 584 (v.
664 541 714 576 16.
734 541 767 575 b.
787 556 815 576 e.
838 541 865 575 si
894 540 1132 586 patriarchae,
1161 541 1222 586 qni
1250 543 1455 589 progeniem
1482 553 1584 576 suam

125 589 208 623 Deo
223 588 460 627 sacraverint,
487 587 563 621 Deo
582 587 674 621 sacri
693 593 725 621 et
743 588 877 632 accepti
894 587 984 629 siut,
1014 586 1097 620 item
1119 587 1394 632 patriarcharum
1421 595 1584 633 posteros

125 636 208 668 Deo
226 646 345 668 sacros
365 639 398 666 et
416 640 533 678 gratos
559 635 662 670 esse).
720 632 882 666 Fortasse
910 632 996 666 haec
1024 632 1106 665 mihi
1136 632 1310 676 objicitis:
1345 634 1458 667 excisi
1479 632 1587 666 rami

125 687 234 722 sunt,
262 690 328 712 nos
346 679 454 721 stirpi
469 679 572 712 insili
586 689 711 711 sumus
736 678 926 722 (abdicavit
947 678 1042 710 Deus
1058 677 1236 721 judaeos,
1268 691 1334 712 nos
1362 680 1582 713 benevolen-

122 728 177 761 tia
198 723 406 769 complexus
425 726 502 768 est).
551 725 774 757 Mementote
791 724 900 769 igitur
914 748 922 761 ,
947 724 1064 767 primo
1084 734 1160 756 non
1181 735 1308 758 omnes·
1322 736 1442 758 ramos
1460 722 1582 758 defra-

125 779 202 808 ctos
224 783 299 805 esse
315 769 354 812 (i.
373 783 401 806 e.
420 783 492 803 non
515 783 637 803 omnes
663 769 942 815 patriarcharum
973 776 1134 812 posteros
1167 769 1277 803 divini
1304 769 1438 805 favoris
1465 769 1581 814 jactu-

123 831 200 853 ram
217 815 380 858 fecisse),
414 815 540 849 deinde
559 815 658 860 stirpi
678 816 802 849 insitos
820 827 938 849 ramos
956 827 973 847 a
1004 815 1122 848 radice
1148 815 1338 858 sustineri,
1369 828 1442 849 non
1474 814 1582 848 vicis-

123 864 191 898 sim
216 861 374 897 radicem
403 861 445 894 ab
467 861 580 894 insitis
605 861 711 894 ramis
738 862 786 903 (l1.
812 873 843 894 e.
874 861 981 893 divini
1008 860 1138 892 favoris
1165 860 1394 906 adeptionem
1421 859 1583 894 ethnicos

149 906 349 948 atriarchis‚
372 919 446 941 non
467 906 679 952 patriarchas
697 906 845 941 ethnicis
869 912 1048 950 acceptam
1080 906 1226 940 referre.
1288 906 1452 940 Absurde
1476 904 1584 950 igitur

120 922 285 989 homines
301 953 536 997 sperneretis,
562 964 718 997 quorum
740 951 934 995 majoribus
950 964 1129 984 summum
1157 959 1408 986 ornamentum
1435 951 1583 994 debetis,

119 1014 153 1036 v.
176 1001 228 1035 17.
248 999 331 1038 18.).
378 1000 425 1032 At
443 998 580 1032 idcirco
600 997 659 1053 (1Βί
680 999 715 1031 in
740 995 832 1031 olivzi
847 997 992 1030 suerunt
1010 996 1097 1029 rami
1118 996 1222 1030 excisi
1241 1004 1345 1040 sunt,
1372 1003 1410 1030 ut
1431 1008 1494 1030 vos·
1519 1009 1579 1030 ar-

120 1046 203 1082 bori
223 1043 470 1079 insereremini
493 1044 543 1085 (h.
562 1057 592 1077 e.
614 1056 656 1077 eo
674 1042 825 1078 consilio
843 1044 942 1077 Deus
960 1042 1113 1076 Judaeos
1139 1042 1339 1087 abdicavit,
1371 1048 1411 1076 ut
1438 1054 1499 1076 vos
1525 1042 1582 1076 fa·-

121 1104 211 1127 vore
227 1090 503 1135 amplecteretur
525 1102 558 1123 v.
583 1089 667 1131 19.).
715 1088 842 1130 Recte;
866 1089 926 1122 sed
945 1087 987 1120 nd
1008 1100 1128 1121 causas
1145 1088 1330 1123 attendite.
1376 1087 1491 1122 Excisi
1509 1088 1581 1122 Ju-

121 1138 198 1172 daei
217 1143 299 1171 sunt
313 1141 469 1177 propter
490 1135 586 1178 fidei
608 1135 792 1178 inopiam,
828 1147 888 1167 vos
916 1139 1040 1167 contra
1065 1140 1215 1176 propter
1228 1134 1348 1177 fidem
1372 1133 1456 1167 satri
1485 1134 1580 1168 estis.

118 1183 239 1217 Nolite
256 1182 462 1225 superbire,
486 1180 522 1214 in
541 1188 638 1214 metu
656 1181 774 1226 potius
794 1179 926 1217 vivite,
952 1191 996 1211 ne
1016 1178 1095 1213 fidei
1115 1179 1291 1223 jacturam
1313 1179 1448 1214 faciatis
1468 1185 1502 1212 et
1522 1179 1578 1212 di-

120 1229 204 1263 vino
221 1228 342 1261 favore
362 1225 550 1272 privemini
570 1230 620 1270 (v.
641 1228 729 1266 ¹<O‚).
779 1226 867 1259 Nam
897 1225 923 1258 si
946 1224 1044 1258 Deus
1069 1225 1177 1258 ramis
1205 1225 1241 1259 in
1274 1222 1364 1259 oliva
1390 1222 1478 1259 natis
1503 1237 1579 1258 non

119 1273 298 1320 pepercit,
324 1284 469 1311 vereor,
506 1285 550 1306 ne
579 1273 679 1306 vobis
706 1285 848 1317 quoque
872 1270 1028 1314 (oleastri
1056 1269 1167 1304 ramis
1193 1271 1229 1304 in
1255 1271 1368 1305 oleam
1393 1268 1577 1313 immissis)

117 1334 192 1354 non
215 1323 335 1365 parcat
353 1319 403 1361 (v.
420 1317 507 1359 21..)
554 1317 683 1351 Videte
704 1318 810 1362 igitur
836 1315 1087 1359 benignitatem
1116 1323 1150 1349 et
1179 1316 1405 1351 severitatem
1426 1317 1511 1354 Dei,
1538 1316 1576 1349 in

119 1366 277 1400 Judaeos
303 1364 363 1408 qui
386 1370 577 1405 peccarunt
606 1364 854 1404 severitatem,
895 1361 933 1394 in
961 1373 1025 1394 vos
1052 1362 1268 1408 bonitatem,
1298 1361 1326 1395 si
1354 1361 1388 1393 in
1419 1361 1577 1394 bonitate

119 1415 177 1455 (eo
200 1409 297 1454 quod
317 1408 422 1441 fidem
441 1408 677 1449 retinueritis)
707 1405 1036 1452 perseveraveritis:
1069 1407 1227 1451 alioquin
1257 1419 1316 1439 vos
1342 1417 1486 1450 quoque
1513 1418 1577 1440 ex-

117 1454 327 1492 secabimini
350 1456 400 1496 (v.
422 1453 505 1498 22).
553 1454 666 1487 Etiam
689 1453 817 1487 Judaei
842 1465 950 1495 vero,
984 1452 1011 1483 si
1041 1451 1302 1486 contumaciam
1333 1451 1574 1496 deposuerint,

118 1503 235 1537 olivae
254 1501 470 1533 inserentur.
515 1499 572 1535 Ad
590 1500 622 1532 id
643 1500 737 1532 enim
759 1506 885 1543 potens
905 1504 957 1531 est
975 1496 1095 1538 Deus,
1120 1503 1157 1530 ut
1173 1509 1234 1530 eos
1254 1497 1288 1530 in
1310 1496 1440 1530 olivam
1466 1498 1576 1530 resti*-

116 1555 193 1582 tuat
209 1549 260 1589 (v.
279 1545 361 1588 23).
411 1545 555 1589 Quippe
574 1544 715 1578 facilius·
733 1544 909 1577 defractus
928 1549 1056 1576 termes
1076 1555 1157 1575 suae
1174 1542 1292 1575 arbori
1320 1543 1490 1575 inseritur
1509 1543 1576 1577 ad-

117 1594 260 1640 juvante
291 1589 436 1630 natura,
468 1602 573 1634 quam
603 1596 823 1634 repugnante
845 1600 964 1621 ramus
987 1599 1028 1619 ex
1057 1587 1211 1621 oleastro
1241 1587 1376 1622 'excisus
1405 1589 1441 1620 in
1468 1587 1573 1622 aliam

117 1639 282 1673 arborem
314 1636 365 1678 (in
390 1636 548 1669 nobilem
577 1635 725 1677 olivam)
750 1633 960 1668 transfertur
984 1638 1034 1675 (v.
1054 1632 1142 1672 24.)
1196 1632 1287 1667 Nam
1312 1645 1357 1666 ne
1384 1645 1454 1677 qno
1481 1639 1572 1668 statu

115 1697 173 1719 res
190 1683 236 1716 sit
254 1682 442 1727 ignoretis,
466 1680 609 1724 aliquod
636 1681 844 1725 mysterium
872 1678 975 1712 vobis
1003 1678 1172 1723 aperiam.
1220 1679 1359 1714 Scilicet
1375 1679 1482 1712 Deus
1498 1678 1573 1711 ‹lud-

114 1733 300 1764 daeorum
319 1727 582 1761 'contumaciae
596 1727 715 1768 finem
745 1731 826 1757 lum
852 1726 1035 1765 imponet,
1068 1736 1181 1766 quum
1205 1726 1395 1766 gentilium
1420 1731 1572 1758 caterva

118 1776 257 1809 Christi
267 1785 380 1808 sacra
401 1773 580 1813 amplexa
588 1771 709 1814 suerit
727 1777 836 1813 alque
856 1772 909 1802 ιἰιι
931 1776 1031 1802 lotus
1048 1768 1313 1802 Israelitarum
1331 1772 1489 1812 populus
1505 1781 1570 1803 sa—

116 1823 234 1854 lutem
252 1821 324 1853 sibi
338 1830 408 1859 per·
425 1819 547 1861 fidem
571 1818 799 1857 comparabit
827 1816 873 1857 (v.
901 1815 955 1848 25.
979 1821 1014 1847 et
1037 1814 1122 1854 260.
1180 1814 1274 1848 llaec
1297 1823 1468 1848 eventura
1496 1827 1572 1850 esse

115 1865 247 1908 J'esa'jas
267 1865 386 1902 5220.
405 1871 438 1897 et
455 1863 511 1908 27,
522 1862 552 1895 9.
574 1862 717 1905 oblique
737 1859 960 1894 denuntiavit
986 1861 1028 1902 (v.
1047 1859 1103 1893 26.
1122 1866 1156 1893 et
1174 1860 1271 1903 27..).
1309 1860 1433 1905 Neque
1451 1861 1569 1895 incre-

116 1911 235 1946 dibilis
268 1910 376 1944 totius
409 1908 534 1953 populi
569 1906 697 1950 judaici
734 1907 776 1939 ad
805 1906 932 1940 Christi
957 1918 1054 1938 sacra
1081 1906 1236 1939 accessio
1265 1905 1370 1939 vobis
1395 1906 1571 1941 videbitur

115 1957 201 1992 haec
228 1954 484 2001 reputantibus.
548 1953 635 1987 Odit
664 1954 763 1986 Deus
790 1963 889 1984 nunc
906 1951 1060 1985 Judaeos
1087 1963 1218 1996 eosque
1243 1963 1261 1985 a
1289 1951 1418 1985 Christi
1459 1951 1570 1986 disciss

114 2003 216 2049 plina
236 2008 355 2042 arcet,
390 1999 559 2045 quoniam
588 2005 732 2031 vestrae
749 1997 858 2031 'saluti
878 1997 1063 2041 providere
1084 1997 1193 2030 voluit
1216 1999 1260 2036 (v.
1281 1999 1372 2040 tl.);
1396 2003 1428 2030 at
1447 1998 1570 2040 diligit

115 2060 178 2083 eos
198 2055 237 2081 ut
251 2048 556 2089 patriarcharum
573 2047 620 2077 ab
639 2055 679 2077 se·
696 2046 919 2076 delectorum
941 2048 1109 2083 posteros
1139 2044 1185 2086 (v.
1204 2042 1295 2086 28.)
1342 2043 1428 2076 Nam
1449 2042 1568 2076 Deum

114 2107 191 2128 non
215 2093 373 2139 poenitet
399 2104 507 2137 quum
541 2090 740 2126 donorum,
773 2100 862 2133 quae
890 2087 994 2121 alicui
1025 2088 1270 2134 destinaverit,
1301 2093 1377 2122 tum
1402 2087 1444 2122 ad
1470 2088 1568 2122 salu-

113 2145 187 2173 tem
215 2139 424 2172 messianam
451 2134 688 2176 invitationis,
730 2147 835 2179 qnam
865 2132 972 2167 alicui
997 2133 1194 2167 decreverit
1220 2135 1268 2177 (v.
1297 2133 1385 2175 29.).
1446 2133 1567 2167 Nimi-

114 2197 195 2218 rum
222 2182 526 2229 quemadmodum
546 2182 643 2214 Deus
670 2192 890 2225 paganorum
917 2179 1196 2212 inobedientiam
1221 2179 1444 2213 Judaeoruni
1472 2191 1586 2219 con-‚

112 2228 271 2264 tumacia
290 2227 449 2270 sanavit,
483 2227 529 2259 ita
548 2226 704 2260 vicissim
725 2225 944 2259 Judaeorum
964 2223 1211 2258 contumaciae
1234 2236 1450 2270 paganorum
1476 2225 1566 2259 obe-

114 2273 247 2309 dientizi
267 2273 470 2307 medebitur
489 2274 539 2315 (v.
559 2272 616 2306 30.
636 2277 670 2304 et
685 2272 770 2312 31.).
818 2270 906 2303 Nam
935 2275 1103 2313 utrosque
1120 2269 1218 2303 Deus
1238 2270 1275 2304 in
1301 2271 1563 2304 contumaciam

115 2320 293 2365 conjecit,
333 2324 372 2352 ut
400 2330 482 2362 erga
509 2326 677 2362 utrosque
706 2315 989 2349 benevolentiam
1020 2314 1199 2349 conferret
1229 2316 1287 2360 (v.
1309 2315 1398 2358 32).
1457 2314 1564 2350 Nunc

113 2364 396 2411 quotusquisque
414 2371 484 2397 tarn
513 2362 649 2396 ferreus
677 2369 748 2402 est,
781 2368 819 2394 ut
847 2373 954 2406 quam
983 2359 1129 2405 copiosa
1157 2359 1225 2394 Dei
1256 2359 1433 2404 opulentia
1459 2361 1501 2394 sit
1529 2366 1565 2394 et

142 2424 218 2445 uam
237 2410 352 2443 abdita
371 2409 444 2452 ejus
462 2408 630 2452 sapientia
654 2414 688 2440 et
715 2406 882 2444 scientia,
915 2406 990 2439 sine
1015 2418 1153 2439 summa
1183 2405 1292 2440 animi
1317 2406 1562 2441 commotione

112 2456 267 2490 sentiat?
291 2456 338 2498 (v.
356 2455 413 2489 32.
432 2476 478 2482 —-
493 2454 580 2498 δᾶ).
627 2453 690 2487 Pie
708 2452 806 2486 Deus
823 2451 1044 2490 celebretur!
1073 2454 1119 2495 (v.
1139 2451 1226 2496 36.).

247 2631 307 2679 V.
334 2633 377 2678 1.
444 2628 592 2694 Λέγω
614 2624 731 2683 οὖν,
766 2625 834 2688 μὴ
856 2623 1087 2690 ἀπώσατο
1118 2625 1144 2673 ὅ
1176 2623 1292 2679 θεὸς
1323 2624 1413 2674 τὸν
1441 2625 1561 2675 λαὸν

115 2697 296 2756 αὐτοῦς
339 2695 407 2759 μὴ
435 2697 647 2760 γίνοιτο·
681 2692 764 2741 καὶ
786 2693 884 2758 γὰρ
906 2692 1001 2759 ἐγώ
1025 2691 1316 2756 Ἶσραηλίτης
1338 2691 1459 2755 εἶμί,
1508 2695 1561 2741 ἐκ

115 2761 649 2829 σπίρματοςἈβραάμ,
697 2758 853 2825 φυλῆς
883 2759 1138 2821 Βενιαμίν.
1206 2763 1251 2806 2.
1291 2760 1397 2808 Οὐκ
1425 2757 1560 2808 ἀπιό-

115 2848 235 2880 σατο
255 2831 281 2880 ὃ
303 2830 420 2885 θεὸς
436 2829 523 2878 τὸν
542 2828 661 2877 λαὸν
687 2826 867 2884 αὑτοῦ,
903 2828 962 2876 ὃν
985 2825 1221 2892 προέγνω.
1276 2825 1341 2874 {H
1372 2827 1462 2876 οὐκ
1488 2828 1559 2876 0²2¹*-
