1715 3115
142 193 233 239 444
428 193 811 239 EPISTOLA
843 194 945 239 AD
976 195 1339 242 ROMANOS

144 297 316 343 αὖτοῖ
336 300 544 345 ostendit.
604 301 694 357 Qui
722 316 894 344 versum
915 303 958 345 6.
988 302 1111 344 uncis
1140 303 1353 346 inclusum
1380 303 1613 348 voluerunt

140 358 347 412 (Garpz.,
378 357 547 413 Romu,
576 357 800 413 Ros-enm„
831 357 1005 410 Rueck.)
1026 359 1196 402 brevem
1225 375 1248 400 a
1278 362 1507 418 proposito
1536 361 1610 402 de-

138 414 419 456 clinationem
439 429 533 455 cum
556 415 809 470 parenthesi
827 415 1131 460 confuderunt.
1188 416 1392 471 Meyer-us
1415 431 1543 459 versu
1562 420 1606 462 6.

141 471 315 513 brevem
338 485 361 511 a
383 485 428 512 re
457 470 783 523 degressionem
813 473 1026 513 contineri
1058 473 1253 527 negavit,
1293 475 1394 530 quia
1424 488 1507 515 non
1537 488 1608 515 so-

139 528 230 569 lum
253 541 323 568 res
344 541 451 583 «lucre
471 544 492 569 e
507 528 679 584 sec-isset
699 532 745 569 ut
764 529 923 581 λεῖμμα
944 543 996 570 ex
1021 530 1110 572 v.5.
1133 531 1366 572 exsisteret
1387 530 1607 572 sedetiam

140 598 214 626 res
235 598 345 639 quae
367 599 448 625 non
469 531 642 639 ficisset
665 590 710 625 ut
730 599 889 641 paucos
913 586 985 641 qui
1000 586 1068 643 pie
1081 601 1126 626 se
1140 585 1608 629 venerarenturlsrae-

138 641 246 682 litas
279 640 402 681 Deus
442 647 610 682 restare
643 640 822 698 juberet
855 641 993 682 Paulo
1031 643 1400 685 commemoranda
1433 644 1608 694 suisset,

139 697 492 768 quandoquidem
531 712 572 741 v.
599 698 641 741 7.
684 698 829 740 verbis
859 697 902 739 τί
932 693 1030 749 miv,-
1072 694 1096 740 ὃ
1140 697 1398 756 ἐπιζητεῖ
1431 697 1607 754 Ἰσραὴλ

138 755 273 795 τοῦτο
293 768 373 795 ουκ
397 752 600 805 ἐπέτυχεν
628 754 946 797 conclusionem
976 769 999 796 e
1027 769 1140 797 voce.
1169 769 1208 798 v·
1239 758 1282 800 6.
1316 754 1356 798 εἰ
1383 756 1431 797 δὲ
1457 755 1607 812 χάριτι

140 812 298 860 οὐκέτι
324 815 372 866 ἐξ
393 813 552 877 ἔργων
579 828 723 863 natam
756 822 948 866 afferret.
1013 823 1191 864 Erravit
1213 822 1272 867 V.
1296 823 1373 866 D..
1432 821 1603 864 Etenim

136 879 231 933 Ap.
251 892 290 920 v,
310 879 353 921 7.
376 893 457 919 non
482 892 630 919 eorum
654 894 860 920 summam
884 880 1010 931 fecit,
1044 894 1154 936 quae
1175 895 1198 921 e
1231 894 1295 923 ve.
1318 881 1360 923 5.
1390 883 1434 920 et
1463 880 1505 921 6.
1534 891 1604 919 re-

135 940 205 977 cte
227 935 569 988 colligerentur,
600 935 676 977 sed
698 936 739 976 id
762 936 911 993 paucis
933 937 1078 978 verbis
1098 937 1348 992 complexus
1369 939 1462 987 est,
1490 933 1605 991 quod

135 1005 161 1034 e
182 991 274 1033 tota
295 991 592 1047 disputatione
614 1007 652 1034 v.
675 993 716 1035 2.
739 1019 790 1023 —
810 994 852 1035 6.
874 998 1232 1049 consequeretur.
1290 993 1436 1048 Quum
1463 991 1603 1032 omni-

134 1054 295 1105 potens
314 1048 437 1089 Deus
469 1048 645 1100 fecerit,
687 1054 734 1089 ut
762 1064 871 1090 nunc
902 1064 1074 1105 quoque
1103 1049 1315 1106 quaedam
1342 1049 1512 1106 piorum
1540 1050 1606 1102 (et

132 1119 216 1162 per
239 1103 447 1162 pietatem
480 1104 1100 1160 beandorum)israelitarum
1130 1106 1350 1163 relliquiae
1378 1119 1402 1146 e
1431 1105 1602 1146 delectu

131 1162 442 1204 benevolentia
473 1167 569 1203 acto
599 1162 862 1204 exsisterent
898 1178 936 1205 v.
971 1163 1013 1205 2.
1035 1189 1088 1194 —-
1112 1164 1179 1214 6.,
1229 1177 1317 1203 rem
1350 1159 1602 1219 hujusmodi

135 1233 236 1262 esse
257 1219 423 1261 elucet:
456 1218 754 1260 Israelitarnm
775 1221 890 1261 natio
913 1235 1038 1276 quam
1064 1219 1190 1262 valde
1215 1219 1335 1276 cupit
1368 1219 1598 1272 integrita-

131 1281 222 1318 tem
241 1275 583 1331 felicitatemque
612 1276 872 1316 messianam
904 1291 985 1317 uon
1016 1280 1254 1331 assequuta
1285 1279 1377 1327 est,
1414 1275 1490 1316 sed
1516 1274 1597 1316 de-

129 1333 234 1375 lecti
255 1332 482 1374 Israelitae
504 1346 596 1372 eam
619 1335 845 1388 assequuti
867 1340 993 1385 sunt,
1033 1339 1204 1376 ceteros
1237 1340 1382 1374 autem
1413 1331 1598 1387 (quippe

128 1389 177 1431 in
200 1388 371 1430 delectu
393 1389 680 1443 praeteritos)
697 1396 973 1431 contumaces
998 1390 1117 1432 Deus
1141 1389 1357 1440 reddidit,
1389 1401 1441 1428 ne
1469 1389 1597 1429 fidem

130 1444 292 1487 animis
331 1445 611 1502 conciperent
647 1460 785 1503 neque
821 1461 901 1502 per
936 1446 1062 1489 fidem
1095 1447 1330 1489 bearentur
1361 1458 1401 1486 v.
1427 1444 1487 1486 7..
1536 1438 1594 1485 (Ὀ

128 1501 329 1558 ἐπιζητεῖ
346 1499 534 1557 Ἰσραήλ,
562 1502 694 1543 τοῦτο
714 1499 789 1543 οὐκ
811 1502 1028 1553 ἐπέτυχεν,
1061 1499 1128 1544 ὅτι
1149 1501 1240 1543 οὐκ
1269 1500 1325 1544 ἐκ
1351 1498 1597 1556 πίστεως

128 1556 323 1600 διώκει
351 1555 504 1604 αὐτό,
554 1553 658 1611 ἧὸὲ
690 1557 842 1614 ἐκλογὴ
870 1556 1099 1610 ἐπέτυχεν,
1148 1555 1234 1599 ὅτι
1262 1555 1594 1598 ἐπίστευσεν

125 1615 274 1671 (9,3Ο.
297 1639 348 1647 -
368 1614 460 1666 32.)
492 1612 542 1656 P.
573 1628 613 1656 v.
645 1615 688 1656 7.
721 1629 860 1670 neque
891 1614 1024 1667 dixit,
1074 1629 1212 1672 neque
1239 1628 1290 1655 eo
1320 1614 1415 1654 loco
1447 1612 1592 1654 dicere

126 1671 291 1728 potuit.
348 1666 388 1712 εἶ
409 1671 456 1711 δὲ
474 1666 644 1724 χάριτι]
677 1671 773 1713 scil.
833 1671 992 1722 λεῖμμα
1012 1670 1202 1725 γέγονεν.
1236 1668 1406 1724 οὐκέτι]
1440 1683 1478 1712 v.
1501 1674 1591 1712 not.

127 1727 186 1770 ad
213 1727 356 1779 7,17..
424 1726 627 1782 Expone:
667 1727 705 1767 si
735 1732 877 1768 autem
906 1731 973 1781 (ut
1006 1727 1130 1768 modo
1162 1726 1364 1767 contendi
1390 1725 1445 1768 cf.
1474 1725 1594 1778 6‚8.)

125 1798 209 1844 per
230 1783 528 1837 beniqm'tatem
551 1783 720 1838 piorum
736 1782 1038 1824 Israelitarum
1061 1784 1292 1839 relliquiae
1314 1782 1595 1833 exstiterunt,

124 1855 211 1884 non
233 1839 400 1881 diutius
419 1853 496 1891 per
511 1839 658 1893 pulcre
675 1839 813 1894 facta,
838 1839 1128 1895 qnaejnstam
1150 1840 1380 1881 mercedem
1395 1842 1587 1892 poscunt,

128 1897 394 1940 exstiterunt
431 1895 479 1949 [i.
518 1910 556 1937 e.
585 1896 808 1952 posterior
838 1897 1054 1937 sententia
1084 1897 1247 1952 prioris
1274 1895 1460 1937 veritate
1489 1894 1592 1944 oh-

123 1955 217 1997 lata
242 1954 354 2008 est]:
384 1951 580 2007 alioquin
605 1953 666 2006 [h.
688 1968 727 1995 e.
750 1953 788 1993 si
810 1953 916 1994 bene
938 1953 1066 1993 lactis
1085 1958 1160 1993 aut
1188 1953 1291 2009 jure
1323 1966 1402 1992 suo
1431 1951 1592 1992 secreti

126 2025 152 2053 a
174 2011 272 2053 Deo
292 2008 525 2051 israelitae
555 2015 601 2050 ut
628 2009 929 2062 deligerentur
961 2010 1274 2064 obtinuissent]
1308 2007 1451 2049 divina
1480 2007 1590 2048 libe-

124 2069 283 2110 ralitas
303 2080 413 2122 quae
437 2066 536 2107 illas
555 2065 787 2121 relliquias
809 2073 976 2107 restare
1008 2066 1145 2107 voluit
1172 2080 1252 2106 non
1282 2071 1398 2105 esset
1426 2063 1589 2104 libera-

124 2125 232 2166 litas
255 2137 394 2179 neque
418 2122 701 2163 liberalitatis
731 2129 929 2164 naturam
962 2122 1158 2166 haberet.
1226 2119 1416 2176 (Nempe
1444 2120 1482 2159 si
1511 2119 1586 2160 de-

124 2182 230 2223 lecti
252 2179 488 2221 Israelitae
509 2179 658 2234 pulcre
690 2179 846 2229 factis,
887 2194 997 2236 quae
1031 2180 1171 2220 Deum
1201 2193 1280 2234 pro
1306 2177 1482 2234 Justitia
1508 2177 1587 2218 sua.

159 2237 320 2278 raemio
340 2235 609 2276 remunerari
633 2236 907 2288 oportuisset,
935 2234 1128 2290 favorem
1150 2235 1249 2276 Deo
1281 2233 1585 2285 extorsissent,

122 2253 214 2337 bei
235 2293 507 2343 liberalitas,
540 2306 649 2348 quae
671 2291 771 2332 illos
792 2292 978 2332 secrevit
998 2306 1036 2334 v.
1057 2292 1098 2333 5.
1113 2324 1124 2344 ,
1154 2292 1237 2333 vim
1259 2304 1380 2331 suam
1409 2289 1582 2329 amitte-

122 2356 211 2394 ret.
268 2348 445 2391 Justitia
467 2348 578 2388 enim
602 2347 686 2388 Dei
709 2347 978 2398 agnoscenda
1012 2357 1154 2400 esset,
1196 2362 1305 2403 quae
1336 2345 1459 2385 suur‘n
1491 2346 1584 2386 cui-

123 2422 208 2463 que
230 2406 487 2455 tribuisset,
514 2419 595 2445 non
617 2404 874 2455 (ihm-amas,
916 2403 1039 2459 cujus
1072 2407 1295 2461 proprium
1328 2407 1395 2441 est
1424 2401 1608 2455 dignos·

121 2463 414 2517 indignosque
438 2460 549 2501 dono
576 2461 749 2500 allicere
780 2475 858 2513 pro
888 2461 1088 2504 arbitrio.
1149 2460 1314 2515 Utique
1345 2457 1480 2506 igitur
1508 2457 1580 2499 de-

120 2521 261 2562 lectos
283 2517 513 2560 israelitas
533 2531 614 2558 non
640 2516 741 2557 benc
759 2517 975 2571 factarum
997 2518 1035 2558 ri
1063 2521 1137 2558 aut
1169 2515 1318 2557 merito
1342 2513 1425 2554 Dei
1460 2515 1579 2554 favo-

120 2591 211 2618 rem
235 2588 510 2632 expugnasse
530 2587 581 2613 ex
605 2587 654 2613 eo
671 2579 876 2628 apparet,
909 2574 1021 2627 quod
1043 2573 1230 2614 benevole
1258 2585 1332 2611 eos
1357 2570 1478 2611 Deus
1509 2585 1578 2611 se·

120 2632 278 2674 crevit.
336 2630 449 2671 Ram
470 2630 508 2670 si
530 2629 678 2685 pulcre
702 2629 828 2669 lactis
858 2630 939 2669 Dei
963 2630 1151 2670 savorem
1173 2627 1478 2677 obtinuissent,
1497 2641 1578 2667 non

121 2689 321 2742 beniqnus
341 2687 380 2725 in
403 2701 477 2726 eos
500 2685 622 2727 Deus
644 2685 824 2736 suisset,
853 2684 928 2726 sed
945 2684 1064 2740 juste
1086 2684 1140 2724 iis
1168 2683 1385 2734 favisset.)
1444 2682 1511 2724 Cf.
1533 2683 1577 2733 4,

120 2746 165 2787 4.
198 2746 258 2787 5..
325 2741 484 2784 Utrum
514 2741 708 2810 proxima
739 2743 867 2781 verba
898 2739 938 2782 εἰ
966 2742 1011 2782 δέ
1038 2739 1086 2790 ἐξ
1107 2737 1267 2794 ἔργων,
1311 2736 1455 2780 οὐκέτι
1484 2737 1577 2779 ἐστὶ

120 2798 272 2854 χάρις,
311 2798 410 2841 ἐπεὶ
436 2796 485 2838 τὸ
516 2796 644 2852 ἔργον
675 2794 818 2837 ovim-(cc
849 2795 964 2837 ἒσῑὶν
991 2794 1119 2851 ἔργων
1145 2795 1330 2847 genuina
1361 2795 1477 2843 sint,
1521 2807 1576 2833 an

124 2855 355 2899 subdititia
377 2855 576 2910 quaestio
595 2853 874 2895 subdifficilis
895 2857 977 2897 est.
1036 2852 1192 2893 Omnia
1215 2852 1351 2906 igitur
1377 2851 1580 2901 referam,
