1715 3115
141 151 227 196 204
422 149 799 196 EPISTOLA
832 153 935 196 AD
966 151 1341 197 ROMANOS

147 257 418 312 argumentis
480 262 771 315 oppugnatam
824 259 985 301 aeriter
1039 258 1345 311 defenderent,
1393 259 1494 303 chr.
1536 260 1610 305 Fr.

148 313 364 365 Sohund„
401 314 610 358 Noesselt.
640 315 672 358 l.
701 329 739 358 e.
767 330 810 372 p.
835 315 930 358 143.
950 330 1044 371 sq.,
1084 316 1248 369 Kopp„
1281 317 1413 358 matt.
1443 315 1609 371 Opuso.

148 386 191 427 p.
213 369 312 411 394.
333 384 401 426 sq.
423 377 465 412 et
488 371 529 412 in
550 378 777 414 comment.
798 371 852 412 ud
875 371 917 415 h.
938 373 994 423 l.,
1022 371 1204 424 Rueck„
1232 372 1358 427 Beck.
1385 371 1609 429 p.20.sq.,

149 426 436 469 Olsleausenus
461 428 538 469 al..
609 428 767 470 Audeo
803 434 943 469 tamen
983 442 1031 468 re
1061 428 1214 469 iterum
1248 428 1492 482 iterumque
1521 442 1607 469 ex-

148 482 280 539 pensu
317 484 424 524 imno
449 483 781 540 explicationem
812 483 933 525 rudis
960 483 1418 542 antiquitatisjudieio
1438 491 1483 526 et
1502 483 1613 526 vana

150 537 330 595 pietatis
353 540 497 596 specie
520 540 671 582 multis
699 539 1036 582 commendatam
1059 539 1287 582 absurdam.
1306 554 1476 584 vocare.
1532 539 1612 582 Li-

150 600 301 636 cuerat
319 609 421 637 sane
446 596 581 638 Paulo
600 597 823 640 Christum
844 593 952 638 θεόν
971 604 1014 638 et
1033 595 1109 638 ἐπὶ
1130 592 1304 637 πάντων
1323 593 1433 639 θεόν
1460 597 1613 652 appel-

148 651 267 703 lare,
298 657 346 692 ut
366 653 473 694 nihil
496 659 730 704 metueret,
760 667 811 694 ne
830 667 852 693 a
874 668 920 694 se
940 651 1154 694 dissidere
1175 653 1355 694 attentis
1373 653 1610 695 lectoribus

150 706 390 753 videretur.
456 709 587 752 Dixit
623 710 736 752 enim
775 708 1021 761 Iohannes,
1071 722 1251 764 quocum
1293 707 1342 750 P.
1375 708 1429 750 de
1467 707 1613 751 divinat

151 762 317 806 Christi
347 767 499 808 natursi
533 766 863 808 etauctoritate
894 766 1075 806 maxime
1095 764 1350 816 concordat,
1388 764 1611 808 Christum

148 816 258 862 θεόν
277 819 356 868 Ev.
380 825 418 875 l,
441 825 480 867 Ι.
511 822 595 863 sibi
618 821 791 864 minime
818 836 1081 878 repugnans,
1140 821 1220 862 Est
1241 822 1444 864 Christus
1474 820 1611 864 Paulo

149 882 330 929 natura,
383 893 492 935 quae
517 880 702 932 primum
731 894 757 921 a
790 879 883 921 Deo
913 882 1140 933 procreata
1170 877 1266 921 Col.
1291 879 1412 927 1,15.
1440 877 1610 933 (eadem

148 931 362 976 Iohannis
387 938 452 985 17,
473 937 546 979 24.
578 934 791 976 sententia
815 937 902 985 est)
932 933 1133 975 mundum
1153 934 1348 976 condidit
1368 933 1464 977 Col.
1485 936 1524 985 1,
1542 935 1611 979 16.

147 987 271 1043 (Joh.
295 991 383 1043 1‚3.
408 991 546 1035 Hebr.
570 991 706 1045 1,2.),
734 991 952 1032 eoiiditum
971 990 1082 1032 tuita
1105 997 1172 1033 est
1194 989 1350 1040 CoL'l,
1366 990 1612 1046 17.2(Hebr.

150 1046 267 1099 l,3.)
296 1054 341 1088 et
368 1048 538 1090 divinae
569 1046 814 1105 majestatis
852 1061 1031 1089 consors
1069 1044 1186 1088 Phil.
1207 1048 1249 1098 2,
1265 1048 1309 1092 6.
1334 1047 1363 1088 2
1383 1047 1485 1092 Cor.
1505 1046 1548 1100 4,
1566 1047 1613 1092 4.

147 1101 308 1156 (Hebr.
332 1106 370 1157 1,
389 1106 478 1161 3.),
519 1104 595 1146 sed
626 1104 710 1146 Dei
749 1104 930 1160 imperio
967 1101 1159 1160 subjecta
1189 1103 1272 1145 fuit
1306 1105 1331 1145 l
1353 1102 1456 1147 Cor.
1481 1104 1548 1155 ll,
1567 1103 1611 1147 3.

148 1159 300 1209 15,27.
325 1176 409 1217 sq..
472 1160 624 1217 ltaque
656 1175 785 1216 quum
812 1175 902 1202 eam
934 1159 1057 1200 Deus
1081 1159 1134 1199 ad
1159 1159 1353 1200 homines
1375 1160 1439 1200 ire
1458 1160 1613 1214 generi

147 1215 333 1259 hnmano
366 1218 550 1259 salutem
585 1218 816 1258 allaturam
849 1215 1053 1270 jussisset
1094 1215 1281 1267 Rom.8‚
1298 1218 1341 1259 3.
1373 1215 1611 1267 Ga1.4,4.,

161 1273 287 1313 mtris
326 1273 526 1319 mandato
556 1273 704 1328 paruit
731 1278 775 1314 et
800 1271 943 1313 divinzi
977 1271 1204 1328 majestate
1243 1271 1463 1328 depositzi,
1503 1276 1550 1313 ut
1584 1285 1610 1313 a

145 1285 288 1370 issaris·
311 1331 431 1372 homo
450 1334 701 1372 nasceretur
727 1344 856 1386 passa
879 1327 980 1370 Gal.
998 1328 1095 1380 4,4.
1118 1329 1231 1370 inter
1260 1329 1466 1370 mortales
1492 1335 1612 1370 aeta-

147 1391 259 1438 tem,
307 1392 354 1428 ut
392 1401 444 1428 ne
485 1385 816 1441 ignominiosam
853 1384 1028 1440 quidem
1073 1390 1280 1435 mortem,
1331 1399 1441 1439 quae
1476 1383 1612 1426 saluti

145 1448 265 1483 esset
297 1443 567 1494 hominibus,
613 1442 843 1499 quominus
870 1440 1034 1492 adiret,
1074 1446 1319 1492 recusaret,
1358 1439 1612 1482 obedienter

147 1498 240 1550 egit
258 1496 374 1543 Phil.
386 1500 427 1553 2,
437 1499 478 1543 8.
496 1500 525 1541 2
545 1499 647 1542 Cor.
667 1499 710 1550 8,
720 1499 780 1542 9..
832 1496 918 1539 Sed
940 1503 1105 1538 tantum
1126 1496 1380 1552 obsequium
1398 1502 1446 1539 ut
1466 1497 1609 1539 idoneo

146 1554 267 1598 Deus
294 1556 484 1614 praemio
510 1559 856 1599 remuneraretur
875 1552 1099 1596 Christum
1127 1567 1178 1595 ex
1199 1553 1352 1596 inferis
1374 1553 1609 1596 excitatum

235 1714 415 1749 Christum
450 1716 569 1751 Deum
606 1715 725 1750 dicere
760 1715 914 1749 noluisse
947 1721 1105 1760 apparet,
1147 1727 1240 1754 non,
1279 1715 1387 1749 fuisse
1413 1715 1473 1761 qui
1500 1716 1606 1755 Rom.

234 1760 268 1797 9,
289 1759 319 1795 5.
353 1762 394 1795 de
427 1762 505 1795 Deo
532 1761 658 1806 exponi
685 1762 962 1801 contenderent,
998 1763 1125 1795 elucet.
1175 1760 1295 1806 Neque
1321 1762 1354 1795 id
1381 1774 1420 1794 ex
1448 1762 1607 1796 Ambro-

236 1806 349 1839 siastri
386 1808 501 1841 verbi-s
533 1815 612 1839 tuto
639 1806 803 1852 colligas:
837 1806 906 1850 „Si
933 1807 1010 1849 quis·
1036 1813 1151 1840 autern
1178 1819 1250 1839 non
1277 1813 1373 1850 putat
1400 1807 1441 1840 de
1468 1807 1609 1842 Christo

236 1850 393 1892 dictum,
427 1855 488 1895 qui
518 1859 569 1885 est
601 1853 724 1895 Deus,
767 1853 825 1885 ἀνί
858 1864 1068 1896 personam,
1102 1852 1144 1885 de
1177 1850 1245 1896 quai
1278 1852 1415 1886 ‹lictum
1441 1858 1503 1886 est.
1554 1853 1610 1886 De

232 1904 332 1940 patre
365 1897 570 1931 enini-Deo
606 1898 638 1931 h.
666 1898 690 1930 Ι.
717 1897 853 1931 mentio
887 1897 976 1931 facta
1010 1905 1072 1930 est.
1120 1896 1190 1930 Sed
1218 1897 1302 1941 quid
1329 1896 1482 1936 mirum,
1515 1897 1608 1932 siin

234 1942 269 1975 h.
304 1943 325 1975 l.
361 1943 542 1977 Christum
575 1943 693 1976 Deum
731 1956 836 1987 super
868 1943 987 1975 omnia
1024 1946 1144 1988 aperte}
1183 1955 1267 1976 voce
1293 1942 1518 1988 loqueretur,
1562 1943 1606 1977 de

234 2000 307 2032 quo
331 1987 396 2021 aliz}
423 1988 458 2020 in
484 1987 630 2032 epistol&
654 1988 758 2029 (Phil.
775 1991 807 2030 ἶ),
830 1991 892 2026 10.)
918 1989 1013 2022 hunc
1041 2000 1181 2021 sensum
1208 1988 1267 2021 tali
1293 2000 1457 2021 sermone
1481 1988 1607 2022 firma-

236 2034 305 2077 vit,
338 2034 458 2067 dicens
486 2038 577 2068 etc.'’
635 2034 733 2068 ldem
770 2034 813 2067 de
847 2034 926 2067 loco
963 2032 1220 2075 Quaestionum
1261 2046 1298 2065 ex
1334 2033 1378 2068 N.
1411 2032 1475 2076 T.‚
1519 2045 1608 2078 quae

231 2079 436 2122 Augustino
468 2080 673 2113 tribuuntur
706 2079 782 2121 (lll,
812 2079 839 2111 l.
873 2092 905 2124 p.
941 2078 1037 2112 1066.
1077 2079 1134 2112 ed.
1163 2079 1270 2122 Ben.)
1304 2078 1495 2112 dicendum
1533 2085 1606 2112 est:

237 2124 329 2165 „Sed
353 2123 460 2167 sorte
492 2124 535 2158 ad
572 2125 679 2169 patris
712 2136 903 2169 personam
941 2124 1116 2169 pertinere
1157 2124 1278 2165 (Rom.
1303 2125 1338 2167 9,
1364 2124 1411 2164 5.)
1456 2124 1607 2157 dicatur.

234 2169 304 2202 sed
325 2169 359 2204 h.
378 2168 400 2202 l.
423 2169 517 2203 nulla
543 2179 593 2203 est
620 2170 753 2215 paterni
780 2169 938 2203 nominis
963 2169 1108 2203 mentio.
1157 2169 1314 2214 Ideoque
1339 2169 1374 2201 si
1394 2171 1439 2201 de
1466 2168 1604 2202 Clu-isto

232 2216 370 2247 dictum
389 2222 556 2256 negatur,
581 2228 730 2260 persona
750 2215 806 2249 cui
829 2221 1004 2258 competat
1023 2215 1136 2248 detur.
1187 2214 1307 2256 Quare
1325 2219 1440 2246 autem
1461 2212 1603 2247 Christo

232 2271 305 2293 non
332 2267 531 2304 competat,
562 2263 665 2303 cujus
694 2261 832 2293 nomini
862 2260 1042 2302 coelestia,
1080 2259 1255 2293 terrestria
1289 2266 1322 2292 et
1346 2258 1485 2292 inferna
1511 2271 1605 2304 genu

233 2305 380 2338 flectunt
406 2305 510 2348 (Phil.
531 2305 565 2349 2,
587 2305 711 2347 10.)'!“
756 2305 907 2339 Gravius
933 2312 1003 2347 est,
1041 2305 1137 2349 quod
1169 2304 1329 2337 Julianus
1361 2310 1506 2337 auctore
1532 2303 1603 2349 Cy·

231 2350 311 2383 rillo
338 2352 381 2391 (v.
405 2351 560 2391 Weest.)
586 2364 702 2397 neque
723 2350 889 2395 Paulum,
913 2362 1026 2395 neque
1054 2349 1267 2384 matthaeum
1294 2361 1408 2394 neque
1435 2349 1602 2399 Marcum

232 2395 410 2429 Christum
445 2396 563 2429 Deum
597 2408 726 2431 vocare
760 2408 863 2429 ausos
896 2408 991 2439 esse,
1031 2395 1089 2429 sed
1117 2395 1184 2428 hoc
1209 2392 1333 2426 secisse
1355 2393 1418 2428 τὸν
1445 2406 1603 2439 χρηστον

226 2437 394 2483 Ἰωάννην
428 2442 647 2477 asseveravit.
713 2440 857 2484 Ohjecit
891 2441 1033 2473 juliano
1068 2439 1224 2485 Cyrinus
1261 2439 1366 2474 Rom.
1395 2439 1501 2482 9‚5.,
1541 2439 1603 2472 sed

231 2487 399 2519 credibile
424 2494 494 2529 est,
528 2487 648 2527 illum,
680 2487 739 2532 qui
766 2498 885 2520 sacros
911 2485 1192 2518 Christianorum
1221 2482 1329 2516 libros
1356 2485 1446 2518 bene
1471 2489 1603 2527 nosset,

231 2539 352 2563 nostro
380 2531 402 2564 l.
429 2532 508 2563 Deo
535 2533 653 2566 landes
678 2539 861 2578 gratesque
896 2531 948 2575 agi
976 2530 1164 2564 censuisse.
1214 2529 1399 2562 Postremo
1424 2530 1600 2564 fluctuans

228 2578 262 2609 in
300 2577 481 2609 nonnullis
515 2577 614 2610 Codd
659 2577 898 2630 interpunctio
933 2577 1008 2618 (47.
1042 2583 1119 2619 post
1153 2573 1241 2608 καῐὰ
1273 2571 1410 2619 σάρκα,
1439 2577 1498 2609 71.
1523 2579 1602 2617 post

229 2623 289 2655 ἐπὶ
314 2618 474 2667 πάντων,
504 2624 560 2656 77.
589 2630 666 2667 post
691 2624 784 2662 θεος
815 2621 919 2666 plene
945 2620 1176 2665 interpungit)
1212 2626 1244 2651 et
1269 2619 1411 2653 dubiam
1439 2619 1599 2653 nonnul-

229 2667 271 2700 lis
305 2667 414 2699 nostri
453 2666 475 2700 l.
510 2667 840 2712 interpretationem
877 2665 988 2699 visam
1020 2677 1094 2698 esse
1116 2664 1328 2707 antiquitus,
1361 2677 1474 2710 neque
1500 2664 1601 2708 plane

228 2710 379 2744 defuisse
413 2711 471 2755 qui
508 2712 620 2746 verbi.
654 2711 671 2746 ὁ
697 2711 804 2746 ὢν-
825 2708 927 2755 ἀμὴν.
960 2722 978 2742 a
1015 2709 1216 2754 praegressfi
1243 2710 1404 2742 oratione
1431 2708 1600 2753 sejunctis

228 2756 451 2801 doxologiam
485 2764 736 2802 agnoscerent,
775 2755 844 2803 quai
883 2757 986 2790 Deus
1016 2755 1177 2790 laudibus
1217 2754 1436 2800 alliceretur,
1477 2753 1600 2798 utiquo

225 2803 341 2836 docet.
