1715 3115
181 241 269 285 484
467 237 844 282 EPlSTOLA
878 239 978 281 AD
1009 239 1365 285 ROMANOS

179 345 424 404 conjuncta.
489 342 787 385 possederunt
814 351 905 385 tum
934 344 1147 399 gentiles,
1189 361 1319 402 quum
1343 344 1427 388 fide
1448 346 1491 387 in
1514 345 1644 390 Chri-

181 411 250 445 sto
277 401 487 442 collocata
510 399 606 441 Deo
634 401 904 442 reconciliati
934 406 1108 452 essent,
1148 410 1365 443 aeternam
1388 402 1642 445 felicitatem

180 474 252 514 spe
284 458 433 512 (Rom.
453 458 496 508 8,
512 457 632 509 24.);
671 456 746 498 sed
777 471 862 513 quo
894 456 965 499 die
984 457 1190 500 Christus
1216 457 1269 500 de
1294 460 1415 501 coelo
1436 459 1479 500 in
1503 465 1645 501 terra-

180 529 274 556 rum
305 515 452 555 orbem
485 518 755 565 revertetur,
800 519 848 555 ut
875 514 1108 570 unicuique
1136 513 1348 571 quidquid
1376 516 1644 572 promeritus

181 571 316 613 fuerit
346 571 558 627 rependat
587 571 615 611 2
635 569 798 613 Thess.
825 572 863 619 l,'
881 574 924 614 6.
951 585 1074 627 sqq.,
1122 576 1162 612 et
1193 575 1378 612 mortuos
1404 586 1463 613 ex
1490 571 1645 628 inseiis

181 628 390 669 excitabit
417 626 724 682 sempiternam
752 627 1005 668 felicitatem
1030 629 1167 680 ipsam
1188 628 1501 683 consequuturi
1523 634 1642 672 sunt.

182 683 296 725 Tum
329 683 441 724 enim
476 697 654 736 regnum
689 683 951 724 messianum
987 682 1199 724 condetur
1233 685 1254 724 1
1283 683 1384 726 Cor.
1414 684 1481 735 15,
1498 685 1569 728 50.
1597 689 1644 726 et

181 746 388 781 aeternae
417 739 531 780 vitae
563 740 734 781 initium
765 740 872 792 erit,
913 741 955 781 in
985 740 1069 795 qua
1100 740 1258 781 mortui
1283 753 1359 795 per
1379 738 1565 782 reditum
1586 754 1641 782 ex

181 797 336 838 inferis
363 796 692 837 collocabuntur
720 800 739 837 l
763 795 864 839 Cor.
890 797 954 848 15,
974 796 1044 838 35.
1067 811 1165 852 sqq.
1197 795 1297 839 Joh.
1318 795 1361 848 5,
1377 796 1474 848 29.,
1509 796 1542 838 ii
1563 810 1642 838 au-

180 861 292 905 tem,
331 867 515 908 quorum
546 853 677 894 vitam
707 867 823 893 mors
850 867 932 894 non
959 853 1146 894 finiverit
1171 866 1246 909 per
1267 852 1528 894 immortalis
1546 865 1642 894 cor-

180 909 328 967 poris,
371 907 488 965 quod
518 908 859 966 superinjectum
890 910 1072 950 mortale
1098 923 1256 966 corpus
1283 909 1542 961 absorbeat,
1570 923 1641 951 re-

179 966 425 1023 ceptionem
445 968 767 1007 constituentur
788 968 812 1007 l
826 966 928 1008 Cor.
951 966 1099 1018 15‚51.
1119 980 1218 1021 sqq.
1247 965 1274 1005 2
1288 964 1390 1009 Cor.
1409 965 1503 1018 5,2.
1523 979 1640 1021 sqq..

180 1025 315 1065 Recte
343 1023 480 1076 igitur
510 1027 776 1063 mortuorum
808 1022 851 1063 in
880 1023 1012 1063 vitam
1042 1021 1210 1064 reditus
1237 1035 1318 1077 pro
1347 1026 1524 1074 eventu,
1564 1021 1641 1077 qui

178 1093 388 1120 summam
411 1079 594 1134 paganis
618 1078 867 1120 beatitatem
889 1083 1200 1135 apportaturus
1222 1079 1296 1130 sit,
1327 1092 1350 1119 a
1371 1076 1422 1121 P.
1443 1077 1638 1134 ponitur.

177 1135 279 1178 Non
303 1136 444 1176 minus
467 1135 576 1175 bene
597 1135 853 1177 ,Iudaeorum
876 1136 918 1176 in
938 1136 1122 1177 ‹liz-inum
1143 1134 1332 1191 favorem
1354 1134 1636 1188 receptionem

179 1197 252 1234 aut
276 1191 406 1245 sidem
437 1196 704 1231 mortuorum
727 1191 768 1231 in
792 1192 922 1232 vitam
947 1191 1134 1232 reditum
1154 1197 1196 1232 et
1215 1205 1293 1247 per
1313 1204 1409 1231 eum
1429 1203 1638 1232 summam

178 1249 430 1290 beatitatem
452 1248 689 1301 gentilibus
711 1248 942 1288 allaturam
963 1261 1059 1289 esse
1084 1246 1132 1291 P.
1154 1246 1392 1290 contendit.
1457 1245 1639 1288 Scilicet

179 1319 310 1362 quum
339 1302 496 1348 Judaei
525 1302 703 1345 Christo
733 1303 859 1345 tidem
889 1304 1152 1361 adjecerint,
1202 1308 1340 1345 totum
1372 1303 1636 1344 beandorum

176 1362 396 1403 hominnm
425 1374 578 1413 agmen
606 1361 835 1402 collectum
864 1361 971 1412 erit,
1004 1359 1350 1417 quandoquidem
1372 1358 1529 1402 Judaei
1551 1372 1635 1400 non

175 1418 302 1475 prius
329 1416 611 1472 resipiscent,
650 1431 776 1472 quam
801 1417 1029 1470 gentilium
1052 1415 1282 1458 multitudo
1303 1415 1358 1457 ad
1378 1415 1545 1458 Christi
1564 1429 1635 1455 sa-

173 1489 247 1516 cra
276 1473 504 1515 transierit
532 1487 571 1516 v·
589 1473 679 1515 25..
747 1472 874 1514 Nihil
892 1473 1026 1527 igitur
1048 1473 1355 1529 impedimento
1377 1472 1495 1522 fore,
1526 1485 1634 1527 quo-

176 1532 320 1572 minus
351 1529 611 1571 bcandorum
641 1529 860 1570 hominum
885 1544 1017 1584 grege
1039 1534 1188 1570 coacto
1210 1528 1472 1584 sempiterna
1494 1527 1634 1568 beati-

173 1593 243 1629 tas
275 1585 619 1626 distribueretur
647 1584 699 1626 P.
729 1590 846 1626 recte
870 1585 1082 1641 judicavit
1113 1585 1393 1640 ineptumque
1422 1583 1462 1624 ei
1492 1583 1631 1625 visum

174 1649 242 1685 est
264 1647 483 1691 statuere,
521 1640 663 1681 Deum
685 1641 884 1681 omnibus
905 1641 1173 1692 hominibus,
1213 1641 1288 1695 qui
1308 1653 1385 1696 per
1404 1639 1630 1682 Christum

173 1697 331 1740 beandi
363 1701 531 1749 essent,
574 1696 850 1750 congregatis
881 1711 961 1737 non
990 1697 1085 1738 sine
1114 1697 1233 1737 mora
1258 1695 1462 1737 beneficia
1487 1695 1630 1737 suain

172 1770 248 1797 eos
277 1754 561 1804 collaturum,
600 1753 676 1793 sed
701 1758 965 1794 mortuorum
986 1753 1028 1794 in
1050 1753 1182 1793 vitam
1214 1752 1400 1794 reditum
1427 1753 1629 1808 vitaeque

174 1817 378 1853 aeternae
407 1808 776 1863 dispensationem
811 1810 1230 1865 procrastinaturum
1262 1823 1376 1852 esse.
1452 1807 1628 1864 Quippe

172 1867 277 1910 honi
300 1866 383 1907 viri
409 1864 602 1906 homines
624 1865 760 1916 nacti,
800 1865 915 1921 apud
940 1880 1049 1920 quos
1073 1865 1276 1906 beneficia
1299 1879 1379 1906 sua
1400 1871 1518 1906 recte
1538 1865 1627 1905 col-

172 1927 341 1974 locent,
377 1936 497 1963 suam
522 1921 831 1975 benignitatem
853 1936 935 1962 non
959 1921 1189 1972 differunt,
1228 1920 1305 1962 sed
1326 1926 1510 1977 prosunt
1526 1934 1628 1962 con-

172 1981 312 2022 tinuo.
371 1977 448 2020 Ad
469 1978 547 2020 hoc
567 1978 968 2033 interpretationiS,
1000 1993 1125 2033 quam
1149 1977 1354 2030 defendo,
1385 1977 1546 2018 veritas
1570 1991 1624 2018 ex

171 2051 222 2078 eo
251 2040 456 2093 apparet,
494 2032 635 2089 quod,
674 2048 803 2088 quum
830 2035 974 2074 verbis
1006 2034 1093 2089 ζωὴ
1118 2032 1164 2075 ἐκ
1184 2039 1342 2088 νεκρῶν
1361 2033 1499 2089 majus
1519 2047 1625 2087 gen-

170 2093 314 2134 tilium
339 2096 635 2132 ornamentum
659 2090 802 2130 inesse
824 2089 1000 2141 debeat,
1033 2104 1160 2145 quam
1183 2090 1295 2146 quod
1318 2091 1524 2130 vocabulo
1546 2104 1623 2130 κα-

169 2147 363 2202 ταλλαγή
385 2147 652 2188 enuntiatum
678 2151 743 2187 cst
765 2147 840 2199 (cf.
864 2162 903 2188 v.
928 2148 1038 2197 12.)‚
1080 2143 1329 2200 καταλλαγή
1352 2145 1393 2186 id
1415 2146 1622 2197 continet,

169 2203 284 2261 quod
314 2210 515 2244 aeternae
543 2202 770 2243 felicitatis
797 2216 913 2256 spem
942 2203 1124 2256 paganis
1151 2203 1326 2253 fecerit,
1367 2200 1450 2256 ζωὴ
1481 2199 1528 2243 ἐκ
1554 2216 1620 2242 νε·

169 2262 283 2314 κρῶν
316 2274 405 2300 rem
438 2258 763 2314 complectitur,
809 2273 917 2314 quae
947 2259 1084 2312 ipsam
1115 2258 1371 2298 felicitatem
1399 2264 1617 2298 aeternam

168 2317 349 2374 paganis
371 2315 473 2356 olim
496 2315 692 2370 paritura
715 2315 789 2357 sit.
840 2314 913 2355 Sic
931 2315 1067 2367 igitur
1079 2316 1170 2370 Ap.
1191 2314 1452 2370 disputavit:
1479 2327 1618 2355 meum

166 2372 393 2427 gentilium
427 2371 617 2426 apostoli
645 2385 799 2411 munus
830 2385 880 2412 co
910 2371 1188 2426 conspicuum
1217 2370 1372 2421 reddo,
1411 2369 1524 2426 quod
1543 2383 1617 2411 ex-

166 2429 328 2485 perior,
358 2427 396 2468 si
417 2428 528 2468 forte
549 2425 739 2470 Judaeos
760 2426 812 2466 ad
833 2426 1082 2467 imitandam
1104 2420 1330 2480 gentilium
1353 2425 1478 2467 fidem
1501 2439 1616 2467 com-

164 2485 323 2542 pellam
356 2497 590 2538 eorumque
621 2483 851 2524 nonnullos
882 2483 998 2524 bcem
1029 2485 1092 2537 (v,
1114 2484 1179 2523 13.
1201 2488 1243 2522 et
1264 2483 1370 2534 14.).
1439 2481 1552 2523 Nam
1573 2482 1614 2524 si

163 2555 311 2582 eorum
351 2540 566 2580 abdicatio
602 2541 677 2591 (et
708 2553 785 2594 per
811 2553 902 2579 eam
931 2538 1081 2580 effecta
1115 2537 1426 2590 incredulitas)
1466 2538 1612 2580 Deum

161 2595 402 2652 gentilibus
432 2596 645 2652 placatum
676 2594 867 2636 reddidit
890 2595 1053 2650 (iisque
1076 2596 1366 2651 sempiternae
1387 2594 1612 2636 beatitatis

159 2668 275 2703 spem
297 2653 490 2702 attulit),
529 2650 653 2706 cujus
686 2652 751 2692 rei
780 2665 926 2692 eorum
947 2651 991 2691 in
1013 2651 1099 2692 Dei
1121 2652 1306 2692 favorcm
1326 2651 1516 2708 receptio
1544 2654 1612 2705 (et

159 2710 286 2761 fides)
317 2708 554 2763 gentilibus
585 2721 714 2747 causa
748 2709 856 2757 erit,
897 2707 983 2748 nisi
1012 2708 1125 2748 vitae
1154 2721 1207 2747 ex
1235 2719 1336 2747 orco
1371 2707 1608 2748 exorientis

156 2769 215 2815 (s,
255 2779 308 2806 ex
351 2763 534 2803 mortuis
572 2763 877 2818 pullulantis),
925 2777 1051 2818 quam
1093 2769 1310 2804 aeternam
1353 2763 1605 2805 felicitatem

154 2822 291 2870 ipsam
330 2820 567 2876 parituram
610 2833 709 2859 esse
753 2833 876 2860 nemo
915 2817 1119 2873 ignorat?
1193 2817 1261 2860 Cf.
1292 2817 1417 2862 Rom.
1447 2821 1489 2872 5,
1520 2820 1605 2861 10..

153 2875 268 2917 Hinc
295 2875 489 2934 quusvis
515 2880 583 2917 est
609 2875 821 2917 rationem
853 2874 1133 2917 concludere:
1178 2888 1308 2929 quum
1337 2875 1475 2930 igitur
1501 2888 1603 2917 con·
