1715 3115
112 150 194 192 130
391 146 771 192 EPISTOLA
802 148 903 191 AD
936 146 1298 192 ROMANOS

110 254 246 312 jectis
265 268 396 310 quum
416 254 638 296 Romanos
658 254 862 311 spiritum
889 254 1116 296 servitutis
1130 286 1141 305 ,
1172 257 1219 295 ut
1238 267 1394 295 rursus
1418 255 1580 296 metum

121 313 332 354 haberent
349 315 407 365 (s.
429 311 491 353 ita
515 316 562 352 ut
589 325 743 352 rursus
769 311 811 352 in
837 319 952 352 metu
976 313 1164 363 essent),
1193 311 1413 367 accepisse
1437 314 1583 363 negat,

120 384 194 410 eos
218 367 455 422 aliquando
467 375 507 408 et
523 368 726 423 spiritum
741 368 1002 410 servitutisa
1022 367 1115 408 Deo
1129 368 1348 423 accepisse
1367 374 1410 407 et
1429 381 1480 407 eo
1506 370 1584 408 aut

122 425 306 466 consilio
327 429 402 465 aut
423 431 578 465 eventu
604 425 840 480 accepisse,
871 431 917 464 ut
940 429 1197 474 iiietiierent,
1227 424 1358 464 simul
1379 423 1584 466 asliriuat.

120 481 242 535 (Non
264 480 376 521 enim
399 480 631 536 accepistis
651 481 853 537 spiritum
873 480 1102 521 servitutis
1124 485 1171 520 ut
1191 494 1339 521 rursus
1371 485 1584 520 metuere-

121 540 202 587 iis;
225 538 328 578 olim
351 537 551 578 nimirum
575 538 704 579 istius
729 537 842 578 modi
862 537 1081 592 spiritum,
1105 536 1179 590 qui
1204 541 1360 576 metum
1382 536 1505 577 vobis
1521 535 1585 575 ai*-

122 596 282 646 ferret,
313 594 581 650 accepistis).
638 594 735 649 Qua
759 609 806 634 re
830 609 909 634 non
934 593 1155 634 intellectu
1179 606 1308 647 (pium
1329 593 1506 633 confuse
1533 591 1587 632 de

125 652 166 692 h.
183 650 527 707 Ldispurassent
541 649 696 693 Rueck.
713 650 928 701 etli'et'clv„
951 649 1132 689 dillicile
1159 647 1275 688 dictu
1301 653 1382 700 est,
1403 653 1588 704 quanto-

125 722 229 765 pere
250 707 301 748 (le
328 706 550 758 lienium,
588 721 640 748 ex
676 707 875 764 operosis
905 707 1089 746 aliorum
1125 705 1446 745 connneiitariis
1468 706 1588 746 leves

124 763 506 805 commentariolos
528 764 686 819 raptim
710 769 752 804 et
773 762 1093 804 inconsiderate
1105 760 1381 802 conscribere
1395 761 1588 812 solitum,

126 820 331 863 luserint.
390 819 438 861 ls
463 819 575 860 hunc
597 821 627 862 l.
651 820 713 861 sic
736 820 1075 875 interpretatur:
1105 818 1296 872 spiritns,
1327 831 1448 872 quem
1469 831 1590 858 ucce-

124 878 277 932 pe‘ste’s,
313 889 394 917 mm
422 880 487 917 est
519 877 738 918 servitutis
766 877 967 929 spiritus,
1005 874 1077 915 sed
1097 874 1169 929 qui
1192 871 1406 927 Deislle‘os
1427 888 1494 914 vos
1517 871 1590 928 fa-

126 934 213 975 ciat
235 933 312 988 (cs.
331 931 529 984 Rueck),
561 934 599 974 si
624 934 702 974 hoc
720 941 787 975 est
811 929 1112 988 interpretari,
1143 935 1304 970 temere
1327 930 1471 970 verbis
1492 943 1591 970 sen-

127 990 312 1031 tentiam
346 988 587 1046 subjicere,
630 1003 740 1045 quae
772 989 919 1029 verbis
950 988 1106 1045 positis
1139 986 1282 1028 inesse
1310 987 1482 1041 nequit,
1513 985 1591 1035 sed

127 1047 230 1088 aliis
258 1046 485 1088 vocabulis
521 1047 747 1087 enuntiata
783 1044 851 1096 (τι)
885 1045 965 1099 γὰρ
995 1043 1191 1093 πνεῦμα,
1229 1036 1254 1083 ὃ
1286 1040 1489 1095 ἐλάβετε,
1539 1039 1593 1085 02²

128 1104 299 1155 πνεῦμα
333 1099 537 1150 δουλείας
557 1099 697 1151 ἐστίν,
738 1098 849 1142 ἀλλὰ
873 1104 1044 1152 πνεῦμα
1068 1096 1322 1152 υἱοθεσίας)
1346 1099 1388 1141 h.
1410 1099 1441 1142 l.
1459 1099 1594 1140 collo-

128 1159 221 1200 cari
242 1159 478 1215 potuisset.
538 1159 654 1199 Tum
682 1157 897 1211 adiungit,
930 1158 1106 1198 verbum
1131 1152 1309 1208 ἑλάβετε
1329 1161 1595 1196 tantummo-

130 1215 185 1257 do
206 1218 259 1256 ad
279 1216 542 1256 senteutiam
569 1214 892 1266 affirmativam,
925 1228 1007 1254 non
1030 1213 1132 1253 item
1157 1211 1210 1251 ad
1233 1211 1475 1264 negativam
1495 1225 1595 1268 per-

131 1273 272 1313 tinere
302 1272 342 1312 ei
372 1272 446 1327 qui
477 1286 566 1313 rem
595 1277 795 1313 accurate
827 1267 1172 1311 consideraverit
1191 1267 1478 1309 confitendum
1500 1281 1598 1308 esse

132 1328 410 1381 (dormitavit
435 1328 572 1382 igitur
599 1327 647 1370 i’.
672 1327 745 1397 uui
768 1324 948 1378 ἐλάβετε
963 1324 1218 1367 iteraverit:
1248 1322 1310 1366 οὗ
1340 1322 1440 1378 γὰρ
1471 1320 1597 1365 ἐλά-

132 1387 260 1436 βετε
291 1399 374 1424 πυ.
405 1384 539 1433 ‹5.-,
570 1381 671 1424 ἀλλ
723 1381 954 1435 ἐλάβετε
985 1397 1056 1423 πν.
1080 1377 1264 1432 viofm).
1323 1379 1441 1422 Nam
1464 1379 1599 1436 spiri-

134 1446 225 1480 tum
247 1439 477 1481 servitutis
506 1454 647 1496 neque
681 1438 777 1479 dari
808 1453 938 1496 posse
966 1453 987 1478 a
1012 1438 1130 1489 Deo,
1169 1451 1308 1492 neque
1335 1436 1472 1493 accipi
1496 1435 1602 1491 (!!);

136 1496 340 1551 spiritum
372 1502 514 1538 autem
549 1495 804 1547 servitutis,
841 1496 916 1550 qui
949 1494 1179 1536 Hebraeos
1212 1493 1424 1544 rexisset,
1466 1507 1549 1534 non
1575 1506 1600 1532 a

137 1552 236 1593 Deo
260 1559 480 1608 acceptum
496 1551 708 1603 esse(sed
731 1551 786 1591 ab
811 1551 959 1607 impiis
972 1549 1154 1594 Judaeis
1177 1557 1380 1599 sumtum,
1400 1547 1601 1591 v.Rez‘cl2.

135 1609 192 1651 cl.
214 1609 416 1663 Ileum.);
447 1609 545 1650 hinc
567 1605 702 1649 πάλιν
725 1608 896 1648 nonnisi
918 1622 1012 1647 cuin
1038 1620 1078 1648 v,
1104 1603 1167 1653 εἰς
1186 1602 1329 1659 φόβον
1350 1605 1601 1645 consocian-

137 1664 238 1706 dum
262 1679 359 1706 esse
380 1663 616 1721 apparere!
678 1662 831 1718 ltaque
864 1662 963 1706 (ΗΓ.
994 1675 1134 1718 neque
1166 1667 1431 1702 structuram
1460 1675 1602 1716 neque

138 1722 399 1763 sententiam
414 1720 664 1789 perspexit!
690 1718 813 1760 Nihil
827 1720 976 1770 refert,
998 1719 1121 1774 cujus
1136 1717 1250 1758 modi
1265 1717 1403 1758 fuisse
1423 1723 1467 1758 et
1489 1716 1602 1758 unde

140 1778 368 1818 exstitisse
389 1794 439 1819 το
461 1783 633 1828 πνεῦμα
656 1778 731 1830 τῆς
763 1773 990 1825 δουλείας,
1034 1789 1118 1830 quo
1152 1773 1310 1817 ,iudaei
1342 1773 1461 1814 ducti
1487 1778 1605 1825 sunt,

139 1835 191 1876 de
209 1833 386 1875 Wettins
406 1840 545 1890 putet,
567 1832 642 1874 sed
658 1832 862 1888 quidnam
881 1832 1003 1874 Paul.
1017 1832 1069 1872 de
1083 1830 1131 1871 ea
1155 1845 1200 1871 re
1219 1830 1448 1887 placuerit,
1469 1844 1602 1886 quae-

142 1891 272 1933 ritur.
333 1890 433 1945 Quo
449 1890 598 1948 judice
622 1890 691 1930 lex
717 1903 826 1930 mos.
843 1889 1123 1929 inolestorum
1147 1892 1475 1943 praeceptorum
1496 1900 1607 1928 onus

144 1954 352 2002 tanquam
384 1946 564 2003 aliquod
597 1945 826 1986 servitutis
861 1946 1006 1998 iugum
1035 1944 1282 1985 hominibus
1310 1943 1520 1999 imposuit
1543 1947 1604 1995 (ν.

146 2004 250 2046 Gal.
269 2003 311 2054 5,
336 2004 445 2047 Lcl.
468 2006 572 2046 Act.
588 2002 655 2052 15,
675 2003 739 2044 10.
754 2002 846 2055 28.)
870 2016 1009 2057 neque
1030 2001 1115 2041 nisi
1138 2015 1287 2042 servos
1308 2000 1418 2040 aluit
1440 2005 1484 2040 et
1502 1998 1608 2040 edu-

145 2061 261 2101 cavit
291 2060 415 2109 (Gal.
436 2060 480 2113 4,
508 2060 580 2101 24.
599 2059 720 2111 25.);
758 2067 905 2099 contra
941 2058 1187 2113 ubicunque
1212 2057 1299 2098 div.
1322 2056 1506 2112 spiritus
1535 2055 1610 2107 sit,

147 2116 207 2157 ibi
230 2116 415 2157 libertas
441 2117 634 2168 habitat,
672 2116 700 2155 2
721 2114 824 2158 Cor.
847 2116 889 2167 3,
913 2116 1004 2166 l7.;
1045 2113 1250 2156 Christus
1273 2112 1385 2153 enim
1412 2111 1609 2153 homines

146 2173 189 2214 in
211 2173 461 2214 libertatem
496 2172 733 2213 vindicavit
763 2171 863 2213 Gal.
885 2171 935 2223 5,
957 2173 996 2213 1.
1016 2170 1071 2222 4,
1089 2170 1178 2212 26..
1237 2167 1346 2209 Item
1370 2167 1507 2210 Musis
1537 2168 1610 2209 lex

149 2235 308 2270 metum
335 2229 582 2271 hominibus
606 2228 757 2285 injecit
783 2228 913 2268 minis
936 2232 978 2268 et
998 2240 1235 2283 poenarum
1257 2225 1486 2266 atrocitate
1507 2224 1611 2267 Gal.

148 2286 190 2337 3,
225 2287 293 2328 10.
324 2300 393 2341 sq.
432 2286 459 2326 2
492 2285 595 2328 Cor.
624 2286 667 2333 3,
696 2286 739 2326 6.
782 2284 1034 2338 [Satanam‚
1085 2282 1177 2323 orci
1208 2281 1499 2338 praefectum,
1536 2279 1612 2336 qui

151 2343 304 2382 mortis
327 2347 483 2383 metum
507 2343 695 2393 faceret,
726 2340 972 2381 homiuibus
995 2338 1300 2395 praeponendo
1321 2338 1460 2380 Hebr.
1479 2339 1521 2389 2,
1544 2336 1613 2380 15.

149 2404 193 2438 et
213 2412 287 2449 eo,
321 2399 433 2439 (uod
457 2401 498 2439 in
523 2398 615 2455 ipsa
636 2397 746 2451 legis
768 2411 875 2437 mos.
898 2395 1244 2452 promulgatione
1273 2394 1415 2435 omnia
1437 2393 1491 2434 ad
1524 2398 1613 2434 ter-

151 2468 293 2495 rorem
326 2414 510 2497 i‘udaeis
545 2453 815 2496 inserendum
847 2452 1085 2508 composita
1115 2456 1241 2491 erant
1270 2451 1409 2494 Hebr.
1436 2451 1513 2501 12,
1544 2448 1614 2493 18.

152 2513 262 2565 sq.].
321 2510 418 2553 Jam
454 2513 490 2551 si
513 2512 580 2553 lex
607 2526 630 2550 a
652 2509 747 2551 Deo
770 2509 961 2565 prosecta
985 2514 1076 2559 est,
1109 2522 1219 2563 quae
1240 2512 1284 2549 et
1306 2520 1456 2549 servos
1478 2505 1615 2547 homi-

154 2581 230 2608 nes
253 2567 415 2607 saceret
436 2575 478 2607 et
507 2582 582 2608 eos
605 2568 644 2607 in
668 2574 861 2607 terrores
881 2563 1129 2621 conjiceret,
1160 2566 1405 2607 daemonem
1429 2576 1618 2618 quoque,

156 2637 286 2678 quum
315 2621 443 2664 Pauli
476 2623 792 2679 prosopopoeia
818 2622 881 2662 uti
909 2621 1149 2677 placuerit,
1189 2620 1326 2676 (sutelis
1355 2633 1496 2661 servos
1524 2619 1618 2672 aqi-

155 2683 286 2730 turet,
307 2684 350 2720 ut
373 2681 432 2733 (s.
458 2680 516 2719 ita
542 2682 638 2731 aut)
657 2685 863 2720 terrorem
888 2678 1081 2733 afferret,
1102 2692 1128 2718 a
1146 2677 1236 2718 Deo
1250 2676 1295 2717 in
1313 2675 1500 2717 homine-⁹
1516 2687 1617 2730 pro-

155 2735 317 2791 fectum
354 2749 445 2776 esse
490 2736 741 2788 intelligere
772 2749 854 2775 nou
889 2734 1034 2786 magui
1065 2732 1277 2774 acuminis
1304 2738 1388 2774 est.
1438 2725 1498 2773 οὔ
1536 2725 1620 2785 γοέρ

158 2790 393 2843 ἐλάβετε
426 2815 479 2821 -
508 2788 624 2832 ἀλλ’
654 2787 912 2846 ἐλάβετε]
956 2790 1162 2831 Licuerat
1191 2787 1329 2830 Paulo
1361 2788 1422 2829 sic
1452 2786 1621 2828 dicere:

157 2843 212 2888 οὐ
242 2846 323 2902 γὰρ
352 2843 537 2899 ἐλάβατε
570 2861 638 2888 πν.
663 2847 700 2888 ὁ.
733 2861 776 2887 π.
801 2862 837 2890 ε.
863 2860 932 2900 cp„
975 2843 1112 2887 ἀλλὰ
1144 2843 1360 2898 πνεῦμα
1391 2839 1623 2891 υἱοθεσίας
