1715 3115
99 148 156 187 92
352 144 726 190 EPISTOLA
760 145 860 188 AD
890 145 1251 190 ROMANOS

103 250 227 307 δίκῃ
261 252 429 304 λαβεῖν,
467 245 492 291 ’ὃ
524 245 584 304 ἦν
608 249 659 291 τὸ
688 246 944 303 κεφάλαιον.
1002 251 1140 296 Hebr.
1168 252 1211 303 8,
1242 254 1280 294 l.
1312 248 1555 308 κεφάλαιον

100 304 177 349 οὖν
201 306 274 349 ἐπὶ
297 311 389 357 τοῖς
409 305 680 361 λεγομένοις,
710 306 912 348 τοιοῦῑον
932 305 1063 360 ἕχομ
1079 325 1130 349 εν
1151 308 1375 363 ἀρχιερέα,
1407 303 1456 356 ‘rig
1472 333 1526 338 -—
1541 340 1550 348 .

99 362 168 407 Cf.
198 363 430 418 Pstuylcium
463 362 516 403 ad
549 363 655 405 Eur.
684 361 801 405 Med.
828 363 927 408 550.
957 370 1000 405 et
1024 365 1078 405 ad
1100 365 1207 408 Hec.
1235 366 1358 407 1168.
1419 364 1553 405 Recte

97 420 341 476 appositio,
383 424 431 460 ut
458 432 567 474 quae
595 418 895 471 cogitationem
928 435 1030 475 prae
1060 422 1220 461 ceteris
1245 420 1550 463 enuntiandam

97 477 339 527 contineat,
380 474 603 531 periodum
633 474 768 518 ducit.
838 475 950 517 Nam
985 477 1023 516 si
1051 477 1194 517 diviua
1227 478 1293 519 lex
1327 476 1552 518 Peccatum

97 531 382 574 condemnare
418 531 657 587 potuisset,
703 531 796 572 sine
837 532 989 573 idonea
1021 534 1148 574 causa
1178 533 1302 574 Deus
1329 532 1553 575 Christum

99 589 309 638 misisset,
341 588 415 643 qui
438 586 665 630 Peccatum
688 585 925 631 damnaret.
986 586 1145 630 Parum
1168 597 1313 644 aptum
1337 603 1434 630 esse
1459 603 1552 630 ver-

98 645 248 686 borum
279 644 473 684 ordinem
491 675 502 694 ,
541 644 641 698 quia
661 643 851 686 dubitari
873 645 1036 700 possit,
1066 652 1209 686 utrum
1233 659 1347 686 vocc.
1368 641 1420 685 τό
1440 642 1553 686 ἀδύ-

96 716 224 742 ναῑον
251 698 328 742 τοῦ
358 698 491 752 νόμου
521 700 574 741 ad
605 714 644 741 v.
673 694 719 755 (ὃ
747 697 875 754 θεός)
904 699 1202 754 καιέκρινε
1230 699 1325 755 τὴν
1346 695 1551 755 ‘Anap—

96 759 240 811 τίαν,
272 776 325 802 an
346 760 400 801 ad
421 755 525 815 v.(‹‘›
556 757 683 816 θεός)
711 760 1002 816 κατέκρινε
1049 760 1143 818 τὴν
1166 756 1462 816 Ἀμαρτίαν
1493 761 1553 806 ἐν

94 834 161 889 τῇ
191 823 377 887 σαρκί
409 827 632 871 reserenda
674 829 762 871 siut
800 830 910 870 male
938 830 1084 873 Resch.
1123 829 1371 882 contendit,
1421 843 1551 884 quum

92 892 201 936 illud
224 905 368 932 verum
391 903 488 931 esse
508 903 611 931 sana
633 891 746 932 ratio
767 889 934 934 doceat.
994 890 1056 932 Ut
1079 890 1272 932 homiues
1293 906 1314 931 a
1344 889 1553 931 Peccatus

94 955 139 991 et
173 948 327 989 Mortis
364 947 462 1000 lege
498 946 817 998 liberarentur,
867 953 1085 1002 utcunque
1125 946 1416 989 conficiendus
1456 950 1554 988 erat

100 1006 332 1055 Peccatus,
379 1017 465 1043 non
500 1017 584 1058 quo
624 1003 747 1044 modo
785 1017 881 1044 eum
911 1002 1114 1046 Christus
1148 1009 1297 1061 postea
1330 1003 1554 1044 interemit

94 1061 328 1105 necandus.
387 1059 443 1100 Et
464 1059 532 1100 lex
557 1059 729 1114 quidem
754 1073 887 1111 mos.‚
918 1060 955 1100 si
975 1065 1138 1101 tantam
1158 1075 1246 1101 rem
1270 1060 1448 1115 exsequi
1474 1074 1552 1116 po-

95 1119 277 1168 tuisset,
316 1116 376 1156 ita
404 1115 527 1156 illum
548 1115 829 1163 confecisset,
861 1121 908 1156 ut
932 1117 1146 1168 homines,
1176 1131 1228 1158 ne
1251 1115 1454 1158 Peccatui
1475 1116 1552 1156 ob-

97 1180 414 1230 sequerentur,
463 1173 709 1228 praeceptis
739 1176 783 1212 et
811 1171 1056 1215 interdictis
1085 1173 1353 1229 perpulisset
1382 1174 1553 1226 (7,7.).

95 1230 183 1273 Sed
216 1243 346 1286 quum
378 1227 492 1281 legis
524 1242 632 1271 mos.
663 1227 890 1269 interdicta
923 1232 1109 1282 corporis
1135 1230 1257 1282 vitio,
1288 1230 1331 1270 in
1361 1243 1446 1284 quo
1471 1229 1552 1270 im-

95 1302 231 1345 purus
259 1285 438 1326 daemon
465 1283 553 1326 div.
575 1284 820 1340 praeceptis
842 1286 1002 1325 abusus
1026 1299 1181 1340 pravas
1201 1284 1465 1342 cupiditates
1486 1285 1552 1326 in-

95 1346 384 1391 flammasset,
421 1339 628 1381 Peccatus
657 1355 762 1396 opes
790 1341 920 1382 etiam
943 1342 1193 1393 auxissent,
1222 1356 1306 1383 non
1325 1342 1477 1393 aliter,
1507 1346 1553 1384 ut

95 1416 165 1443 res
191 1413 267 1453 per
295 1399 425 1452 Ieyem
453 1411 557 1443 mos.
589 1398 633 1437 in
654 1395 799 1451 majus
815 1397 1039 1439 discrimen
1057 1399 1239 1439 adducta
1260 1399 1548 1451 expediretur,

95 1457 209 1513 quod
241 1453 449 1495 Peccatus
482 1467 504 1494 e
534 1453 629 1507 lege
652 1468 759 1495 utos.
781 1453 913 1493 robur
933 1459 1085 1494 nactus
1106 1460 1248 1505 esset,
1278 1455 1374 1495 tolli
1394 1454 1553 1510 potuit,

93 1514 179 1555 nisi
203 1511 424 1568 improbus
446 1509 624 1551 daemon
647 1524 725 1565 per
737 1509 959 1551 Christum
980 1510 1023 1550 in
1045 1524 1213 1563 corpore
1235 1516 1438 1566 tanquam
1459 1511 1552 1552 neci

92 1570 295 1619 daretur,
333 1581 384 1608 ne
412 1566 532 1622 turpi
563 1566 759 1622 corporis
789 1565 953 1615 incola,
996 1567 1068 1620 qui
1089 1565 1130 1606 id
1155 1566 1195 1606 in
1218 1566 1302 1610 div.
1324 1570 1462 1619 legem
1480 1581 1553 1607 ar-

93 1631 278 1675 masset,
317 1623 532 1664 exstincto
562 1636 720 1676 corpus
753 1636 883 1677 porro
911 1628 953 1663 et
978 1621 1070 1662 Deo
1104 1621 1376 1663 obniteretur
1403 1629 1447 1663 et
1478 1625 1553 1664 ho-

94 1682 282 1724 miuibus
308 1679 461 1721 christ.
482 1684 657 1720 noceret
678 1683 738 1732 (v.
761 1678 907 1730 infra).
954 1679 998 1719 A
1019 1678 1294 1733 »positionem
1319 1679 1373 1719 iis
1393 1680 1555 1731 verbis,

93 1739 148 1780 ad
177 1751 285 1794 quae
316 1735 581 1790 pertineret,
621 1736 711 1790 Ap.
739 1735 932 1790 proxime
958 1693 1246 1787 admovisset,
1283 1735 1320 1776 si
1355 1736 1432 1776 boc
1457 1742 1552 1777 tan-

94 1793 314 1838 tummodo
344 1792 487 1832 dicere
519 1791 750 1832 voluisset:
790 1804 916 1845 quam
942 1805 1027 1831 rem
1053 1792 1120 1831 lex
1145 1805 1254 1833 mos.
1277 1792 1449 1832 erficere
1470 1806 1553 1833 non

94 1851 337 1908 potuisset,
376 1863 466 1888 eam
504 1847 642 1888 Deum
673 1846 841 1889 Christi
874 1848 1115 1888 interventu
1149 1847 1373 1890 effecisse:
1401 1846 1452 1888 τὸ
1472 1848 1556 1903 γὰρ

93 1905 307 1950 ἀδύνατον
323 1903 403 1944 τοῦ
422 1901 556 1953 νόμου
577 1902 824 1955 κατέκρινεν
845 1899 867 1943 ὃ
891 1901 998 1949 θεὸς
1015 1899 1338 1956 τιζνἉμαρτιάν
1351 1901 1427 1944 τὸν
1447 1900 1555 1946 ἑαυ-

93 1964 172 2005 τι)ῦ
194 1960 288 2004 υἱὸν
307 1959 493 2011 πέμψας
512 1962 569 2013 (s,
593 1953 616 2000 ὁ
636 1957 744 2007 θεὸς
761 1959 865 2013 γὰρ,
895 1955 946 1999 τὸ
964 1957 1177 2000 &deracau
1198 1960 1276 1999 τοῦ
1296 1955 1447 2011 νόμου,
1468 1976 1551 2001 κα-

93 2020 261 2073 τέκρινε
280 2015 357 2070 τὴν
371 2011 608 2069 Ἀμαρτίαν
634 2014 709 2054 τὸν
737 2010 898 2055 ἑαυτοῦ
925 2011 1018 2055 υἱὸν
1039 2013 1281 2069 stempas-J!
1314 2014 1401 2056 Sed
1423 2031 1554 2071 quum

93 2076 237 2118 Deum
270 2072 436 2115 Christi
470 2070 601 2127 opera
634 2069 863 2112 Peccatum
900 2070 959 2111 ita
989 2072 1247 2122 sustulisse,
1295 2076 1343 2111 ut
1370 2086 1418 2112 ea
1457 2072 1555 2128 ipsa

95 2128 168 2174 res
207 2129 482 2179 aboleretur,
521 2142 647 2183 quam
678 2125 888 2168 Peccatus
925 2127 1039 2168 vires
1076 2127 1181 2167 mire
1212 2133 1439 2180 augentem
1480 2129 1551 2170 lex

95 2203 204 2230 mOS.
237 2184 494 2241 perdomare
524 2198 606 2225 non
635 2183 872 2239 potuisset,
903 2184 996 2238 Ap.
1028 2183 1069 2225 b.
1092 2183 1124 2225 l.
1146 2182 1312 2223 referre
1336 2183 1554 2227 decrevis-

96 2252 178 2295 set,
198 2257 250 2284 ne
272 2241 415 2298 potuit
435 2239 607 2295 quidem
627 2239 756 2280 aliter
774 2238 900 2279 verba
922 2237 1139 2289 ordinare,
1171 2253 1300 2293 quam
1319 2240 1556 2298 disposuit.

96 2301 170 2342 Sic
199 2299 310 2340 enim
332 2297 472 2353 primo
494 2310 604 2351 quae
632 2309 704 2336 res
727 2295 864 2336 Mosis
890 2295 1026 2347 legem
1057 2293 1317 2338 imbecillam
1341 2298 1557 2339 reddidis-

95 2360 165 2399 set
203 2355 363 2395 esserre
394 2352 546 2394 debuit
571 2355 728 2407 (quare
754 2350 900 2392 verbis
927 2351 968 2391 in
998 2350 1167 2405 periodi
1204 2353 1328 2395 initio
1356 2354 1553 2396 locandis

95 2410 147 2454 τὸ
181 2409 262 2463 γὰρ
281 2406 494 2450 ἀδύνατον
510 2407 590 2449 τοῦ
610 2407 746 2459 νόμου
769 2406 874 2447 haec
895 2405 1082 2463 subjecit
1111 2405 1155 2449 ἐν
1186 2400 1220 2462 ᾧ
1251 2408 1430 2465 ἠσθένει
1460 2408 1554 2450 διὰ

95 2467 191 2523 τῆς
212 2480 309 2520 σας)
326 2463 460 2515 κός),·
492 2463 647 2505 deinde
669 2477 746 2518 quo
768 2462 890 2503 Deus
911 2462 999 2504 leco
1023 2462 1249 2506 Peccatum
1273 2464 1555 2506 condemnas-

96 2531 166 2566 set
194 2521 512 2562 memorandum
541 2525 637 2559 erat
663 2517 795 2572 (unde
831 2517 875 2562 ἐν
896 2517 950 2573 τῇ
971 2519 1101 2573 σαρκί
1119 2528 1218 2576 post
1235 2521 1458 2575 κατέκρινε
1477 2519 1557 2575 τὴν

87 2576 327 2633 (Αμαρτιάν
337 2574 465 2630 adjici
481 2574 670 2625 debuit)3
699 2578 915 2631 postremo
928 2577 987 2615 ita
1002 2576 1222 2617 Christum
1234 2576 1441 2617 divinitus
1456 2579 1557 2618 mis-

97 2650 191 2678 sum
222 2646 318 2674 esse
346 2630 571 2671 dicendum
601 2635 719 2681 erat,
748 2636 796 2672 ut
815 2643 892 2686 per
920 2645 1014 2671 eum
1041 2633 1264 2673 Peccatum
1284 2630 1327 2672 ἐν
1346 2631 1402 2686 τῇ
1425 2632 1558 2686 σαρκί

98 2695 294 2733 necatum
326 2700 422 2728 esse
454 2687 647 2726 homines
674 2686 804 2727 fateri
831 2692 1091 2738 cogerentur
1122 2689 1291 2743 (itaque
1315 2701 1397 2728 non
1420 2690 1557 2730 suffe-

99 2751 249 2788 cerant
280 2758 319 2785 v.
340 2742 415 2783 τὸν
441 2738 600 2782 ἑαυτοῦ
620 2738 712 2782 υἱὸν
733 2742 938 2794 πέμψας,
971 2742 1046 2783 sed
1070 2743 1172 2784 ba'ec
1192 2742 1387 2784 addenda
1409 2751 1557 2787 eraut:

98 2803 144 2847 ἐν
175 2798 425 2855 ὁμοιώματι
456 2796 619 2852 σαρκὸς
642 2793 879 2855 Ἄμαριίας
907 2800 980 2842 καὶ
1009 2795 1397 2856 περὶᾊμαρίίας).
1455 2801 1556 2843 Non
