1715 3115
146 172 205 217 78
273 169 511 216 EPIST.
545 167 649 212 AD
678 166 848 214 Rom.
907 165 1064 212 CAP.
1094 165 1224 212 vn.
1264 165 1358 213 Vs.
1386 166 1487 212 23..

239 279 326 324 legis
351 278 640 318 detestarentur,
678 287 696 308 a
722 270 790 318 quss
813 278 975 308 sanctum
1000 273 1070 308 Dei
1093 273 1323 308 interdictum
1352 273 1391 308 in
1416 271 1613 318 perniciem

241 325 308 359 sibi
328 334 544 358 conversum
563 333 638 354 esse
655 319 842 364 vidissent,
865 318 999 354 nullam
1019 320 1122 353 habet
1142 319 1402 353 difficultatem.
1446 320 1497 352 lta
1517 319 1616 354 enim

241 375 471 416 peccatorum
498 367 544 400 ab
572 365 715 398 Judaeis
741 371 962 408 patratorum
996 373 1180 399 auctorem
1207 364 1323 397 Deum
1350 363 1434 398 fecit
1459 365 1526 409 Ap.
1550 363 1615 408 (cs.

243 417 276 454 5,
289 415 376 457 20.).
426 413 600 456 Quorum
619 411 646 444 si
666 410 763 443 Deus
781 416 907 443 auctor
925 410 1012 454 suit,
1040 423 1113 444 non
1135 416 1230 443 recte
1248 409 1449 443 institutum
1473 416 1543 453 est,
1576 416 1615 443 ut

242 472 367 494 eorum
387 460 566 492 scelerum
588 456 807 489 conscientia
821 455 945 490 Judaei
966 460 1201 490 onerarentur
1217 456 1344 499 quibus
1367 462 1404 488 ut
1431 467 1468 489 se
1486 454 1615 489 ,ludaei

244 504 470 539 dex-incitent
488 501 770 535 extraordinario
790 502 1046 547 omnipotentis
1069 499 1137 534 Dei
1157 501 1309 534 consitio
1329 501 1490 535 effectum
1513 507 1616 536 esset.

245 551 412 585 Ceterum
434 561 498 594 per
516 553 678 581 sunctum
701 545 929 581 interdictum
949 546 1110 581 homines
1131 545 1171 578 ad
1185 546 1402 597 peccandum
1414 545 1617 591 viadigere,

243 604 284 630 ut
303 601 448 629 taetram
464 591 604 626 Peccati
625 591 756 637 quippe
775 590 894 626 sancta
915 605 952 626 re
971 591 1144 626 abutentis
1164 603 1235 623 vum
1256 597 1487 636 cognoscant,
1507 591 1618 636 quid-

245 653 328 675 nam
353 646 403 673 est
428 638 550 683 aliud,
582 637 648 671 nisi
669 637 871 681 hominem,
902 646 961 681 ut,
993 650 1038 670 ne
1065 649 1100 669 se
1127 635 1216 669 mari
1243 643 1376 670 temere
1404 636 1616 677 committat,

243 692 437 721 moneatur
459 683 495 717 in
523 696 619 717 mare
639 682 842 726 conjectum
864 683 1066 717 suffocare?
1101 680 1172 714 Sed
1198 680 1370 715 nimirum
1390 681 1432 715 P.
1451 682 1568 715 Deum
1595 694 1616 715 a

243 730 372 766 mundi
395 727 599 775 primordiis
617 728 703 762 nihil
723 740 837 771 neque
856 729 1062 773 cogitavisse
1082 738 1196 771 neque
1221 725 1345 761 fecisse
1371 727 1511 770 statuit,
1547 726 1617 761 nisi

240 785 285 811 ·ut
308 775 429 821 generi
449 775 610 808 humano
634 786 672 806 ea
689 786 753 818 per
770 773 951 808 christum
976 774 1068 807 satus
1094 771 1286 817 aliquando
1316 771 1478 816 daretur,
1507 785 1616 818 quam

246 822 465 858 Christianus
482 819 594 855 sactus
614 819 816 853 hominibus
837 818 967 854 Christi
990 818 1190 852 interventu
1207 828 1414 851 concessam
1440 830 1514 852 esse
1540 817 1616 864 ipse

243 868 392 902 laetatus
411 873 460 900 est
481 869 527 907 (v.
551 864 697 909 1,S53.)·
724 883 769 892 --
815 863 889 907 Qui
908 862 1058 898 Paulum
1077 863 1269 896 homfnum
1298 870 1482 897 naturam
1509 875 1617 909 pror-

244 926 305 947 sus
328 912 549 957 depravatam
576 911 612 944 in
640 910 725 946 vitia
753 910 982 963 praecipitem
1010 908 1099 942 ferri
1122 908 1154 942 h.
1187 906 1212 943 l.
1246 907 1376 942 docere
1413 909 1618 955 opinantur,-

243 958 414 1004 Apostoli
434 964 590 990 mentem
610 968 684 989 non
702 962 880 1000 assequuti
898 963 992 990 suut.
1048 954 1171 999 Neque
1201 953 1298 988 enim
1323 955 1370 987 de
1392 955 1617 1000 hominibus,

245 1005 308 1039 sed
328 1007 374 1037 de
389 1002 544 1036 Judaeis
564 1001 621 1036 hic
638 1002 766 1047 agitur.
816 1001 985 1045 Quorum
1005 1010 1184 1034 naturam
1208 1011 1348 1043 pravam
1375 1013 1450 1035 esse
1474 1000 1517 1036 P.
1544 1000 1618 1033 mi-

247 1050 346 1084 nime
375 1049 471 1082 dicit.
519 1048 608 1081 Nam
635 1058 762 1080 eorum
784 1059 884 1081 mens
913 1058 996 1080 sana
1022 1052 1074 1080 est
1099 1046 1149 1089 (v.
1176 1045 1231 1080 16.
1258 1044 1310 1079 18.
1336 1045 1391 1080 19.
1417 1046 1618 1088 21—23.)‚

247 1107 383 1140 corpus
399 1093 576 1134 insanum,
595 1093 631 1126 in
653 1104 723 1137 quo
742 1092 842 1127 Deus
859 1092 953 1138 ipse,
978 1097 1206 1137 peccatorum
1226 1090 1383 1125 taedium
1401 1091 1542 1125 Judaeis
1561 1091 1617 1126 al-

247 1141 407 1182 laturus,
432 1146 570 1184 praeter
594 1144 738 1172 naturae
765 1136 930 1171 ordinem
957 1136 1166 1182 cupiditates
1191 1148 1281 1182 quae
1306 1143 1464 1170 mentem
1491 1138 1617 1172 consi-

244 1187 407 1231 liumque
426 1186 632 1229 vincerent,
655 1183 930 1218 inflammaverit
950 1184 996 1224 (v.
1019 1180 1100 1224 13.).
1148 1181 1272 1227 Neque
1289 1182 1358 1228 Ap.
1379 1187 1617 1225 peccatorum

240 1233 391 1277 sontem
410 1231 627 1264 indicaturus
642 1241 711 1272 per
724 1230 978 1263 reinaturam
1001 1228 1080 1262 fieri
1109 1239 1184 1261 non
1210 1228 1386 1273 potuisse,
1418 1227 1506 1274 quin
1532 1241 1617 1262 san-

248 1277 314 1312 ctis
334 1277 406 1313 Dei
433 1276 569 1320 legibus
595 1273 832 1320 promulgatis
862 1287 988 1320 pravae
1017 1273 1205 1307 hominum
1226 1271 1434 1320 cupiditates
1453 1272 1489 1307 in
1508 1274 1618 1310 vetita

246 1325 348 1358 nixae
374 1327 530 1356 sanctam
550 1321 617 1355 Dei
643 1320 863 1356 voluntatem
889 1326 1136 1365 oppugnarent
1155 1318 1189 1352 h.
1210 1318 1234 1352 l.
1254 1320 1412 1363 exposuit
1430 1320 1479 1366 (v.
1504 1318 1618 1353 Uste-

247 1370 299 1402 rii
315 1368 472 1405 Qntmid.
493 1380 527 1412 p.
544 1367 601 1401 46.
622 1378 674 1412 sq.
701 1371 733 1400 et
753 1366 919 1399 Thnlucc.
948 1377 981 1409 p.
1001 1365 1108 1409 242).
1155 1364 1213 1399 De
1231 1364 1376 1399 Judaeis
1402 1363 1497 1398 enim
1520 1371 1555 1399 et
1572 1364 1616 1400 de

243 1414 360 1448 Musis
378 1412 528 1458 tege2htc
546 1412 637 1458 egit,
662 1425 734 1445 non
753 1411 795 1445 de
811 1410 1017 1445 hominibus
1035 1418 1095 1444 aut
1114 1409 1157 1444 de
1176 1410 1247 1445 Dei
1265 1411 1460 1457 praeceptis
1476 1410 1512 1444 in
1532 1411 1616 1444 uui-

246 1472 401 1494 versum.
466 1458 622 1492 Judaeos
646 1463 764 1491 autem
797 1456 944 1491 libidine
977 1456 1288 1493 vehementissime
1319 1455 1502 1499 exarsisse,
1542 1468 1618 1490 non

248 1505 345 1551 quod
375 1501 442 1538 lata
465 1503 580 1537 Mosis
604 1504 680 1549 lege
708 1503 808 1536 aliter
830 1503 980 1536 omnino
1007 1501 1083 1536 fieri
1112 1514 1185 1535 non
1213 1500 1407 1548 potuisset,
1447 1502 1506 1536 sed
1532 1503 1619 1545 quia

247 1554 332 1587 Deo
353 1557 432 1584 tum
457 1551 511 1582 ita
532 1551 728 1591 placuisset
755 1554 800 1591 (v.
830 1548 897 1591 13.)
928 1546 1134 1582 enuntiavit.
1188 1547 1375 1581 Praeterea
1402 1553 1441 1580 ut
1470 1547 1618 1581 ultimus

250 1603 480 1643 peccatorum
498 1594 580 1628 fons
598 1594 700 1628 nobis
719 1600 999 1636 monstraretur,
1024 1605 1099 1626 non
1119 1592 1201 1626 satis
1219 1592 1362 1636 suisset,
1386 1591 1618 1627 hoet‘autum

249 1644 389 1685 dicere,
414 1641 479 1674 Dei
503 1639 701 1674 interdictis
719 1640 950 1685 promulgatis
968 1639 1082 1673 solere
1103 1638 1264 1672 homines
1291 1650 1358 1683 pro
1381 1637 1442 1671 suti
1466 1650 1620 1683 perver-

250 1689 348 1722 sitate
368 1687 404 1720 iu
423 1687 529 1721 vetita
549 1686 635 1726 niti,
661 1686 723 1718 nisi
745 1684 851 1718 simul
870 1685 1098 1729 ostendisset,
1123 1683 1184 1728 qni
1201 1690 1317 1717 tantus
1336 1684 1371 1717 in
1391 1684 1539 1717 vetitum
1560 1683 1619 1716 ni-

251 1746 308 1768 sus
329 1733 459 1767 sanctis
480 1731 547 1766 Dei
566 1729 760 1777 praeceptis
780 1730 815 1764 in
833 1731 1039 1764 hominihus
1059 1730 1258 1765 necessario
1280 1730 1502 1764 excitaretur.
