1715 3115
463 148 625 196 cAP.
655 148 754 196 XI.
786 149 879 196 Vs.
911 150 989 194 13.
1017 150 1071 193 ot
1100 148 1200 195 14..
1481 149 1572 192 477

97 255 194 303 lmo
226 256 483 316 adjecerunt
512 252 613 311 οὖν,
653 257 729 315 qui
761 271 800 300 v.
830 253 932 310 ὑμῖν
957 255 1041 312 γὰρ
1064 254 1177 311 λέγω
1196 269 1234 296 τ.
1257 252 1292 297 ἕ.
1314 252 1370 295 ad
1389 267 1570 311 praeee-

96 316 244 357 dentia
281 329 396 358 voce.
429 328 466 357 v,
490 316 553 356 12.
583 316 889 366 rettulissent,
931 319 981 355 ut
1011 313 1293 355 intolerabile
1323 313 1570 367 asyndeton

95 373 329 414 tollerent:
371 371 511 413 Vobis
540 373 654 413 enim
682 375 818 427 (quae
840 385 880 413 v.
904 372 972 412 12.
992 369 1276 422 antecedunt)
1305 369 1404 410 dico
1424 371 1571 424 genti-

95 429 232 473 libus.
291 427 521 484 Quatenus
548 428 680 484 iqitnr
703 442 798 469 snm
830 441 911 480 ego
938 426 1168 481 gentilium
1192 426 1443 482 apostolus,
1474 441 1569 468 mu-

97 500 180 527 nus
208 500 350 527 meum
383 485 566 526 nobilito
594 491 678 527 etc.
753 486 884 539 (Act.
911 485 949 536 l,
967 485 1011 527 6.
1061 486 1127 535 19,
1148 483 1220 526 38.
1258 483 1329 532 28,
1351 482 1394 526 5.
1446 482 1569 528 Phil.

94 543 139 594 2,
156 542 250 596 23.)
318 543 384 585 At
412 556 451 585 v.
481 538 580 593 ῧμῖν
607 540 689 595 γὰρ
719 540 756 582 λ.
783 555 821 582 τ.
849 539 883 582 ἔ.
913 540 968 582 ad
994 544 1096 581 ante
1118 540 1235 581 dicta
1257 540 1417 581 referri
1438 541 1569 597 plane

96 604 318 656 nequeunt
348 606 438 639 tum
469 598 572 639 aliis
601 597 655 638 de
684 597 854 649 causis,
893 603 984 639 tum
1015 601 1275 654 propterea,
1315 596 1432 652 quod
1454 611 1568 639 nunc

95 656 284 713 primum
305 661 364 709 (v.
390 655 624 708 13.-3·.’..)
644 656 738 712 Ap.
758 654 811 695 ad
834 669 910 695 eos
933 654 1153 697 Romanos
1172 654 1460 707 convertitur,
1490 654 1568 710 qni

95 711 333 769 aliquando
354 712 514 768 pagani
533 711 738 753 fuissent.
782 710 908 766 Quae
931 726 970 754 v.
987 714 1092 755 l.—
1107 710 1176 754 12.
1196 710 1405 765 leguntur
1425 712 1569 753 omni-

94 769 178 811 bus
200 769 445 826 promiscue
468 768 710 809 lectoribus
732 766 846 809 dicta
872 775 976 810 suut
1002 768 1081 824 (ef.
1104 782 1144 811 v.
1163 769 1244 823 2.).
1303 766 1450 822 Quum
1483 769 1568 821 igi-

93 831 169 867 tur
196 839 235 869 v,
268 822 366 878 ὑμῖν
390 823 473 881 γὰρ
501 823 613 878 λέγω
642 839 681 867 τ.
709 821 746 866 ἔ.
777 825 890 866 male
912 825 966 866 ad
986 823 1292 883 praecedentia
1313 839 1430 869 voce.
1452 826 1567 866 rele-

92 888 271 934 rantur,
302 875 379 924 οὖν
404 881 639 936 genuinum
667 895 767 923 esse
795 883 973 938 nequit,
1013 881 1130 938 quod
1160 887 1208 922 ut
1237 881 1304 922 illi
1328 881 1567 940 juncturae

93 940 219 981 locus
239 942 359 980 esset
380 937 575 980 additum
599 938 676 981 sit.
733 936 823 980 Sed
852 946 1084 996 postquam
1117 939 1325 996 suscepta
1353 953 1455 981 voce
1487 933 1567 981 οὖν

92 995 289 1037 dubitari
318 995 482 1051 potuit,
521 999 669 1036 utrum
693 993 744 1038 P.
767 994 848 1049 μέν
876 1010 929 1037 au
957 997 1037 1047 μὲν
1065 990 1141 1038 οὖν
1170 997 1419 1052 posuisset,
1454 1010 1565 1037 non-

91 1053 203 1095 nulli
224 1052 415 1103 librarii,
444 1056 493 1093 ut
514 1051 578 1105 fit,
606 1057 803 1093 neutram
824 1054 1021 1095 voculam
1044 1053 1320 1109 scripserunt
1339 1054 1400 1109 (v.
1421 1054 1444 1094 l
1460 1052 1564 1097 Cor.

87 1110 136 1161 9,
153 1109 225 1153 25.
249 1122 365 1151 varr.
387 1109 527 1160 leon).
586 1108 872 1151 Correctores
893 1108 997 1162 μέν,
1031 1109 1235 1166 quoniam
1260 1123 1346 1164 quo
1368 1111 1565 1166 pertine-

90 1170 162 1206 ret
188 1179 271 1206 non
301 1165 653 1217 intellexissent,
684 1166 922 1208 sustulisse
950 1180 1033 1208 non
1061 1164 1208 1209 credo.
1265 1166 1423 1222 Neque
1447 1167 1564 1208 enim

93 1221 175 1263 boc
202 1221 423 1262 similibus
454 1221 497 1262 in
523 1221 556 1263 1.
585 1235 718 1277 supra
742 1223 938 1264 fecerunt
956 1224 998 1273 7,
1018 1224 1086 1265 12.
1120 1223 1188 1273 10,
1209 1223 1267 1266 l..
1327 1222 1399 1264 Ne
1419 1222 1563 1269 Hebr.

86 1280 134 1330 6,
156 1279 224 1321 16.
256 1276 430 1333 quidem
460 1282 718 1320 correctores
743 1276 822 1330 μέν
847 1279 1064 1321 delevisse
1087 1279 1233 1335 posito
1256 1280 1439 1335 pignore
1460 1294 1565 1321 con—-
1595 1283 1598 1286 ⁴

88 1334 322 1376 tenderim.
383 1331 475 1385 εἰμί
505 1331 607 1388 ἐγώ]
643 1332 726 1386 ἐγὼ
755 1332 847 1387 εἰμὶ
869 1336 920 1377 F.
943 1336 999 1378 G.
1036 1336 1042 1392 Ι
1079 1336 1305 1378 Omittunt
1324 1335 1408 1391 ἐγώ
1428 1338 1495 1379 Α.
1517 1337 1563 1380 3.

84 1392 160 1434 30.
183 1392 254 1434 33.
278 1389 348 1433 35.
370 1391 440 1431 73.
460 1390 531 1432 80.
564 1389 645 1432 Mt.
670 1391 701 1433 f.
724 1391 766 1433 h.
795 1394 925 1434 Arm.
950 1392 1221 1435 Theodoret.
1249 1407 1346 1436 ms..
1414 1392 1562 1435 Mimo

86 1447 302 1503 probante
328 1446 501 1500 Proleg.
524 1448 566 1499 §.
588 1448 739 1499 1376„
769 1449 837 1489 cui
860 1445 944 1504 ἐγώ
965 1450 1248 1503 „emphaseos
1263 1448 1448 1504 yrate'cff
1466 1451 1561 1491 for-

85 1513 206 1546 tasse
232 1518 288 1547 ex
320 1506 342 1545 l
370 1503 490 1546 Tim.
517 1506 558 1555 2,
581 1505 622 1546 7.
652 1504 865 1546 insertum
898 1506 1088 1549 videtur.
1164 1506 1243 1547 Est
1284 1507 1432 1563 potius
1471 1503 1556 1560 ἐγώ

84 1562 229 1618 primo
261 1575 340 1617 per
370 1574 565 1601 errorem
591 1561 645 1600 ab
672 1561 843 1616 aliquot
864 1563 1023 1603 scribis
1045 1563 1311 1615 neglectum,
1352 1563 1557 1618 quoniam

84 1618 209 1660 salva
241 1618 458 1659 sententia
486 1617 639 1659 abesse
673 1619 914 1674 potuisset,
955 1619 1114 1660 deinde
1143 1635 1165 1660 a
1202 1620 1447 1673 nonnullis,
1480 1621 1557 1678 qui

84 1675 319 1730 fugitivum
350 1673 605 1715 vocabulum
640 1675 939 1727 retraherent,
986 1678 1130 1719 alieno
1165 1678 1260 1719 loco
1293 1678 1555 1720 collocatum

85 1729 172 1785 ἐγώ
201 1729 308 1782 εἶμί.
364 1730 587 1772 Nimirum
616 1729 686 1786 ἐφ’
715 1729 820 1774 ὅσον
851 1728 952 1786 ἐγώ
981 1732 1076 1787 εἰμί
1105 1731 1142 1775 ὲ.
1174 1732 1251 1775 ἇπ.
1283 1735 1356 1789 (F.
1379 1735 1456 1790 G.)
1484 1736 1557 1777 id-

85 1788 203 1829 circo
234 1787 343 1827 terri
373 1787 550 1843 nequit,
589 1787 704 1843 quod
736 1787 786 1831 P.
820 1804 866 1830 se
897 1803 980 1830 non
1015 1791 1117 1831 aliis
1148 1792 1353 1847 opponit,
1395 1791 1473 1833 sed
1507 1807 1556 1834 se

83 1844 374 1900 yenm‘Hum
405 1843 640 1894 cwostolum
672 1845 727 1883 ab
756 1859 802 1885 se
834 1848 1081 1900 apostolo
1109 1847 1338 1892 discernit.
1398 1848 1553 1905 Oppo-

84 1901 191 1941 sitio
222 1913 324 1941 voce
350 1900 430 1950 μέν
455 1899 646 1940 indicata
677 1902 891 1951 membro,
927 1916 1012 1958 quo
1043 1901 1092 1944 (δέ
1117 1905 1361 1960 particulae
1381 1905 1461 1957 μέν
1486 1921 1555 1946 rt·-

84 1955 337 2014 sponderet,
367 1970 448 1996 non
470 1957 697 1997 enunciata
722 1966 805 2000 est.
860 1958 1003 2001 Docet
1021 1965 1164 2001 tamen
1186 1975 1274 2013 res,
1304 1962 1413 2003 hanc
1436 1961 1554 2004 Pan-

81 2015 173 2056 lum
203 2013 464 2055 sententiam
498 2013 592 2068 ipsa
627 2015 777 2055 vocula
804 2014 883 2065 μέν
911 2017 1209 2070 significasse:
1257 2015 1324 2074 ἐφ’
1356 2013 1462 2061 ὅσον
1492 2020 1552 2062 δὲ

84 2067 180 2112 οὐκ
221 2067 312 2121 εἰμί
351 2067 436 2120 ἐγώ
475 2068 619 2112 ἐθνῶν
646 2067 898 2121 ἀπόστολος
924 2071 1003 2129 τὴν
1030 2072 1256 2115 διακηιίἀν
1283 2090 1370 2127 μου
1399 2072 1477 2117 οὐκ
1507 2076 1552 2118 ἐν

81 2126 226 2182 τούτῳ
269 2125 439 2176 δοξάζω
481 2122 551 2167 ὅτι
587 2124 666 2180 τὴν
696 2126 838 2183 σάρκα
864 2144 951 2181 μου
979 2129 1224 2186 παραζηλῶ
1252 2132 1325 2173 καὶ
1353 2130 1476 2182 τινὰς
1505 2133 1553 2181 ἐξ

83 2180 226 2224 αὐτῶν
253 2180 378 2233 σώζω
407 2183 482 2235 (cf.
510 2184 552 2234 7,
576 2183 642 2225 12.
690 2186 752 2236 lt),
778 2187 815 2226 l.
869 2184 965 2228 Col.
990 2188 1032 2237 2,
1049 2188 1120 2230 23.
1171 2188 1314 2232 Hebr.
1340 2192 1382 2239 6,
1404 2191 1470 2231 16.
1505 2198 1551 2232 vt

79 2240 316 2293 Ilm-tunqii
337 2242 445 2288 &bre
463 2253 538 2282 von
559 2244 626 2282 ben
649 2242 760 2291 wart.
782 2247 843 2284 bct
863 2255 919 2297 gr.
939 2245 1042 2297 ἔρι’.
1064 2243 1242 2294 11,411.
1263 2247 1369 2302 sq.).
1427 2246 1550 2302 Qua-

79 2304 209 2338 tenus
232 2295 281 2337 P.
299 2297 519 2350 yentae'lae'um
540 2299 767 2352 apostolus
792 2307 888 2340 erat
912 2315 1066 2341 munus
1090 2301 1342 2355 flagitabat,
1381 2308 1429 2344 ut
1447 2318 1550 2356 qen-

75 2353 224 2395 tilibns
253 2354 518 2394 consuleret.
592 2352 720 2407 Quod
754 2368 883 2410 quum
914 2357 1090 2398 Judaeis
1119 2358 1171 2398 ad
1205 2358 1333 2399 tidem
1367 2350 1547 2402 Christo

74 2409 397 2466 adjungendam
429 2410 726 2465 perpellendis
762 2412 890 2454 tieret
924 2415 984 2468 (v.
1010 2414 1125 2467 15.),
1175 2414 1357 2457 Paulum
1391 2432 1546 2459 munus

79 2481 228 2518 suum,
280 2481 364 2522 quo
402 2467 582 2520 yentiles
616 2473 838 2520 tueretur,
887 2483 938 2510 eo
968 2472 1248 2527 coru-zpicuum
1281 2473 1546 2525 reddidisse,

79 2522 194 2578 quod
225 2524 405 2565 Jmlaeos
445 2532 491 2563 ut
522 2523 700 2564 Christo
741 2524 867 2566 tidem
902 2527 1112 2569 habereut
1145 2544 1315 2571 movere
1347 2531 1546 2572 studeret:

77 2580 236 2622 elucet.
296 2579 456 2622 Contra
482 2588 696 2634 quatenus
723 2579 770 2624 Ρ.
801 2597 882 2623 non
914 2589 1010 2624 erat
1040 2586 1268 2637 gentilium
1298 2590 1543 2644 apostolus,

76 2635 153 2676 sed
177 2641 265 2676 tum
288 2636 553 2680 Indaeorum
579 2644 665 2677 tuin
688 2639 918 2690 gentilium
943 2642 1170 2696 apostolus
1200 2649 1276 2684 aut
1301 2646 1543 2695 generatim

75 2694 327 2748 apostolus,
370 2701 416 2733 ut
446 2692 629 2736 ,ludaeis
662 2710 743 2736 non
782 2696 948 2747 minus,
998 2711 1124 2752 quam
1158 2702 1340 2756 paganis
1371 2703 1542 2758 prospi-

73 2754 195 2790 ceret
226 2751 418 2806 suscepti
453 2751 645 2791 uuum-is
675 2753 869 2792 rationes
900 2755 1183 2808 postulabant
1218 2759 1345 2810 (Act.
1366 2762 1408 2809 l),
1437 2761 1541 2811 15.).

71 2805 271 2861 Apostoli
300 2807 436 2861 igitur
465 2822 620 2848 munus
648 2823 698 2849 eo
724 2809 998 2863 nobilitavit,
1035 2812 1150 2868 quod
1173 2828 1300 2870 (fliam
1324 2816 1539 2872 plurimos
