1715 3115
502 137 597 182 CA
611 135 664 182 P.
693 135 791 181 lx.
844 137 880 181 V
899 153 938 183 S.
970 139 1042 184 14.
1066 163 1121 171 -
1144 141 1232 184 10..
1525 144 1612 188 315

131 245 310 291 ἐλεεῖν
338 248 383 286 et
415 241 736 298 οἰκτείρειν
765 239 864 284 τινά
896 243 1073 286 notione
1101 243 1385 300 (benignitas
1413 247 1611 301 gratiosa

130 309 198 346 est
218 315 356 358 neque
376 301 473 354 lege
493 299 574 342 tihi
596 304 672 341 aut
693 299 796 358 jure
814 305 1125 356 extorquetur:
1166 301 1342 344 attende
1362 302 1416 344 ad
1439 302 1613 348 ἐλεοῦν-

130 373 206 408 τος
226 373 265 402 v.
292 360 380 412 16.)
410 363 500 399 tum
535 372 557 397 e
589 358 833 409 sententia,
873 372 1000 412 quam
1032 372 1118 399 nou
1150 357 1317 400 diserte
1341 362 1611 404 enuntiatam

165 431 210 456 ro
230 415 348 456 certa
370 415 424 455 ab
448 414 486 456 A
498 428 538 470 p.
569 414 684 456 sumi
705 419 899 456 attentus
922 415 1062 455 lector
1085 414 1213 456 facile
1237 415 1483 472 intelligat:
1512 433 1614 461 esse

130 431 387 514 felicitatmn
419 470 680 512 messianum
713 485 797 513 non
827 484 916 512 rem
944 486 1055 527 quae
1076 471 1158 513 tibi
1179 470 1416 527 debeatur,
1445 473 1527 517 sed
1556 476 1615 519 li-

130 529 384 572 beralitatis
421 527 593 570 divinae
629 527 815 580 donum,
866 534 955 568 tum
995 542 1018 568 e
1046 527 1214 570 Futuro
1242 527 1429 583 ἐλεήσω.
1497 532 1614 575 Nam

134 600 265 651 quum
290 585 413 627 Deus
443 599 566 626 suam
597 584 911 626 liberalitatem
938 585 1049 627 nulii
1078 584 1336 628 necessitati
1356 588 1614 632 adstrictam

133 645 231 701 sore
266 641 620 694 denuntiaverit,
660 655 745 684 non
775 641 932 683 mirum
974 656 1074 683 esse
1102 641 1155 688 P.
1187 641 1321 696 dicit,
1358 645 1474 701 qnod
1503 661 1616 689 nuno

132 699 260 742 Deus
298 698 395 741 sine
431 698 688 756 cujusquam
731 697 894 757 injuria
933 698 1082 741 favore
1118 701 1411 769 amplectatur
1452 709 1498 746 et
1537 719 1618 761 per

135 756 361 800 Christum
394 755 491 797 beet
517 770 627 811 quos
656 754 763 798 velit
790 760 851 809 (v,
874 755 942 797 18.
960 748 1010 798 ὃν
1029 754 1154 798 θέλει
1179 757 1346 808 ezeeh).
1404 759 1476 801 De
1497 768 1617 802 stru-

137 814 261 854 cturf·
292 811 428 856 ἐλεεῖν
455 818 501 853 et
532 809 766 865 οἰκτείρειν
794 809 923 853 τινά
953 812 1009 854 cf.
1039 812 1262 855 Matthiae
1305 817 1421 866 ἳῖὶιῧῗ.
1453 830 1508 872 gr.
1541 820 1615 864 (Sir.

138 873 180 924 ξ.
200 870 304 914 414.
336 873 381 911 et
407 867 462 910 de
482 869 637 911 formis
658 866 924 924 οἰκτειρήσω
954 873 999 910 et
1021 866 1269 924 ᾠκτείρησα
1288 871 1541 916 Lubet-Itium
1561 875 1618 916 ad

137 926 312 982 Phi-yn.
341 941 384 983 p.
403 926 523 970 741..
594 925 872 968 Tittmamms
909 922 962 966 de
991 939 1090 982 syn.
1121 925 1166 967 in
1200 925 1260 970 N.
1288 927 1348 970 T.
1377 928 1416 982 1,
1444 933 1514 974 69.
1545 946 1616 988 sq.

136 983 240 1041 plus
272 983 419 1024 valere
449 980 524 1024 τὸν
551 977 676 1024 ἔλεον
708 986 752 1023 et
779 979 830 1021 τὸ
863 979 1021 1031 ἐλεεῖν,
1071 997 1199 1039 quam
1229 983 1305 1025 τὸν
1328 984 1556 1043 οἵκτιρμόν
1575 995 1620 1031 et

138 1038 194 1082 τό
223 1036 457 1092 οἰκτείρειν
486 1039 707 1097 perhibet.
771 1036 888 1081 Nam
920 1038 1015 1080 illis
1033 1039 1258 1081 vocabulis
1287 1041 1427 1096 ipsam
1450 1048 1621 1088 unctum

141 1096 481 1138 misericordiam
524 1110 564 1140 s.
610 1109 786 1137 sensum
833 1095 1004 1137 doloris
1049 1110 1101 1138 ex
1121 1097 1252 1139 malis
1288 1099 1501 1155 aliorum,
1551 1102 1622 1145 his

140 1153 280 1207 ipsum
320 1151 488 1194 miseris
525 1152 800 1195 succurrendi
834 1153 1048 1203 similam,
1094 1157 1143 1194 ut
1181 1153 1366 1207 auxilii,
1409 1156 1465 1199 ad
1504 1159 1622 1215 quod

140 1207 373 1251 ferendum
403 1214 602 1265 promtus
630 1209 689 1250 sit
715 1204 738 1249 ὃ
761 1206 919 1258 ἐλεῶν,
948 1209 1069 1251 notio
1090 1209 1294 1268 adjuncta
1320 1212 1403 1265 sit,
1432 1217 1623 1272 exprimi

140 1270 283 1324 putat.
343 1264 652 1308 Commentitia
674 1265 779 1308 haec
796 1265 1024 1308 distinctio
1043 1271 1133 1319 est,
1165 1282 1291 1323 quam
1312 1283 1421 1311 usus
1441 1271 1625 1329 loquen-

142 1321 189 1364 di
227 1321 465 1375 redarguat
501 1327 545 1364 et
587 1322 700 1364 male
740 1322 1015 1365 Tittmamms
1050 1329 1306 1377 argumento
1338 1327 1378 1367 vi
1411 1325 1624 1373 destituto

145 1380 405 1431 firmaverit,
435 1385 588 1421 notare
610 1374 689 1435 τήν
714 1376 1013 1435 ἐλεημοσύιᾞν
1039 1380 1192 1435 stipem
1212 1383 1320 1425 Act.
1339 1384 1451 1436 3‚2..
1508 1386 1626 1431 Nam

146 1437 300 1491 stipem
336 1434 631 1491 ἐλεημοσύνην
658 1436 834 1488 vocari,
885 1435 1091 1491 quoniam
1131 1437 1180 1478 ea
1210 1440 1428 1493 eroganda
1452 1445 1626 1487 miseri-

145 1493 319 1536 cordem
339 1499 383 1535 te
406 1507 506 1535 esse
526 1490 762 1542 ostendas,
791 1495 931 1550 patet.
988 1490 1086 1534 Imo
1109 1494 1210 1550 plus
1235 1496 1478 1550 significari
1504 1515 1629 1544 voca-

146 1550 266 1594 bulis
308 1545 331 1592 ὃ
367 1547 597 1604 οἰκτιρμός
634 1554 680 1591 et
717 1546 974 1604 οἰκτείρειν,
1021 1564 1152 1606 quam
1191 1554 1338 1594 verbis
1368 1552 1390 1596 ὁ
1423 1553 1549 1608 ἔλεος
1582 1565 1628 1602 et

147 1606 284 1650 ἐλεεῖν
302 1612 420 1649 recte
443 1606 814 1660 VV.DD.vulgo
837 1612 1053 1651 statuunt.
1110 1606 1214 1650 luis
1236 1611 1348 1652 enim
1370 1626 1464 1654 cum
1487 1611 1627 1666 ἵλαος,

149 1662 334 1714 ὶλάομαι
363 1670 406 1705 et
435 1660 700 1715 ἱλάσκομαι,
750 1663 821 1705 his
856 1677 953 1705 cum
983 1660 1034 1705 οἴ
1061 1668 1108 1706 et
1135 1659 1280 1716 οἶκτος
1309 1671 1513 1722 cognatio
1544 1680 1628 1716 est,

141 1715 195 1760 ‘O
220 1718 344 1769 ἔλεος
362 1719 686 1775 aegritudinem
718 1719 927 1762 benevole
949 1735 1001 1762 ex
1020 1721 1196 1763 miseriti
1218 1724 1406 1767 alterius
1428 1727 1630 1771 haustam

151 1775 331 1818 denotat
365 1781 411 1818 et
449 1790 674 1819 commune
704 1777 960 1819 vocabulum
997 1783 1068 1820 est
1098 1778 1160 1821 ihi
1190 1781 1516 1836 collocandum,
1557 1787 1633 1830 nbi

152 1832 482 1874 misericordiae
511 1833 631 1875 notio
663 1833 708 1874 in
737 1848 896 1887 genere
927 1835 1192 1878 enuntianda
1220 1844 1308 1880 est:
1348 1836 1372 1879 ὃ
1403 1837 1634 1895 οἰκτιρμός

152 1889 473 1942 aegritudinem
512 1903 564 1930 ex
595 1889 784 1931 alterius
824 1891 1001 1933 miseria
1035 1898 1304 1950 susceptam,
1342 1910 1454 1950 quae
1484 1899 1632 1941 netum

156 1947 238 1988 tibi
268 1952 311 1987 et
340 1945 550 2002 ejulatum
579 1945 739 1988 excitet
775 1947 816 1988 h.
848 1962 888 1991 e.
920 1962 1120 2001 magnam
1148 1963 1199 1990 ex
1238 1952 1424 1994 alterius
1453 1956 1634 2000 miseria

155 2001 500 2057 aegritudinem,
550 2002 874 2044 miserationem
916 2002 1129 2047 declarat.
1198 2006 1400 2050 Ceterum
1440 2010 1634 2057 semitae

155 2075 236 2118 pro
276 2060 430 2114 magnai
472 2059 550 2101 suti
583 2059 828 2101 animorum
858 2060 1150 2103 concitatione
1168 2063 1468 2109 misericordia
1491 2076 1534 2111 et
1557 2073 1635 2114 mi-

156 2117 379 2160 seratione
406 2131 483 2158 eos
516 2121 754 2158 commotos
786 2131 884 2158 esse
907 2118 1186 2174 praedicant,
1223 2136 1333 2176 quos
1360 2138 1463 2178 nos,
1494 2128 1638 2182 quiin

157 2173 417 2216 occidentali
442 2173 569 2231 plaga
593 2173 829 2225 frigemus,
866 2173 1078 2227 benignos
1103 2189 1201 2218 esse
1225 2179 1427 2222 dicimus.
1492 2183 1513 2222 W
1534 2215 1545 2227 .
1567 2187 1637 2231 16,

157 2230 288 2274 Nunc
310 2231 423 2272 ratio
443 2229 740 2273 concluditur:
769 2229 920 2286 itaque
938 2245 1045 2286 ergo
1065 2247 1147 2274 non
1172 2234 1214 2274 in
1236 2235 1421 2278 hominis
1442 2243 1639 2295 optantis

157 2293 234 2330 aut
250 2287 576 2339 contendentis,
617 2286 696 2328 sed
729 2286 774 2328 in
806 2289 1061 2330 miserantis
1088 2290 1175 2331 Dei
1208 2298 1426 2346 potestate
1452 2297 1536 2338 Dei
1560 2300 1639 2341 mi-

161 2343 401 2388 sericordia
435 2348 496 2399 (s.
524 2343 681 2387 beandi
707 2344 961 2399 consilium)
991 2350 1082 2399 est,
1123 2345 1165 2388 h.
1185 2362 1224 2389 e.
1246 2363 1329 2390 non
1369 2352 1530 2407 pendet
1552 2355 1639 2398 Dei

160 2400 462 2444 misericordia
495 2402 549 2442 ab
577 2401 766 2442 hominis
801 2406 950 2458 optato
980 2407 1056 2444 aut
1088 2402 1258 2458 studio,
1303 2410 1379 2450 sed
1402 2423 1424 2450 a
1452 2410 1534 2454 Dei
1565 2412 1638 2455 be-

104 2456 108 2459 ’
161 2459 394 2513 nignitate.
463 2458 657 2510 Koelln„
712 2457 818 2499 n’in.
852 2472 918 2511 gr.
947 2473 990 2515 p.
1011 2459 1110 2504 530.
1139 2461 1199 2503 al.
1234 2469 1334 2519 post
1364 2467 1477 2508 θεοῦ
1507 2483 1639 2512 uuum

163 2514 261 2558 ἐστι’
281 2521 422 2558 mente
442 2515 634 2566 addunt,
666 2519 713 2556 ut
731 2514 948 2556 sententia
980 2515 1040 2557 sit
1068 2516 1403 2574 impersonalis:
1443 2534 1489 2567 es
1521 2527 1641 2583 bdngt

163 2573 260 2625 nicht
290 2575 336 2617 ab
367 2584 442 2615 von
470 2595 551 2614 —-.
610 2570 697 2613 Sed
737 2585 867 2627 quum
908 2572 950 2613 in
994 2570 1045 2616 P.
1082 2575 1361 2618 conclusione
1399 2587 1518 2623 certa
1554 2600 1642 2635 res,

199 2643 278 2671 uae
307 2644 330 2670 a
356 2628 442 2670 Dei
466 2626 770 2671 misericordia
791 2642 1003 2685 suspensa
1027 2628 1109 2681 sit,
1146 2633 1331 2685 cogitari
1353 2635 1533 2691 debeat,
1563 2643 1640 2683 hoe

166 2644 253 2728 iiici
274 2689 483 2742 nequeat,
513 2685 622 2726 nilee'l
642 2699 722 2726 non
744 2699 765 2725 a
793 2684 874 2727 Dei
900 2686 1200 2729 misericordia
1228 2691 1468 2746 proficisci,
1505 2711 1559 2754 ap
1595 2714 1641 2738 ιι,

168 2747 263 2794 ret,
306 2750 381 2783 aut
409 2740 458 2782 τι)
493 2739 616 2790 ἔλεος
636 2743 714 2783 τοῦ
735 2741 845 2783 θεοῦ
865 2742 956 2783 ἐστι
988 2757 1010 2784 e
1036 2758 1072 2784 v.
1102 2745 1165 2786 15.
1196 2747 1365 2803 (itaque
1387 2765 1470 2792 non
1491 2714 1590 2796 ab?

1582 2772 1639 2796 io-

171 2799 283 2842 inine
323 2803 500 2857 optante
542 2804 616 2840 aut
649 2797 957 2852 contendente,
995 2801 1072 2842 sed
1101 2816 1123 2843 a
1160 2804 1395 2847 miserante
1428 2807 1525 2853 Deo
1560 2812 1644 2855 Dei
