1715 3115
164 156 253 200 ⁴78
448 154 824 199 EPISTOLA
854 155 958 200 AD
994 154 1351 201 ROMANOS

166 267 257 305 tum
278 261 460 303 Judaeos
485 264 576 302 {um
601 273 793 316 paqanos
813 259 868 301 ad
889 258 1058 304 Christi
1080 273 1204 303 sacra
1224 259 1439 303 adducere
1458 259 1630 304 studuit

171 323 191 361 l
214 319 316 361 Cor.
336 319 378 367 9,
401 318 468 359 19.
492 331 609 373 sqq..
684 315 808 371 Quae
837 331 968 372 quum
998 317 1059 358 ita
1092 317 1183 359 sint
1214 318 1320 360 haec
1346 316 1476 361 Pauli
1507 331 1629 359 mens

168 383 259 417 est:
301 378 513 429 qnatenus
543 387 637 414 sum
669 387 750 426 ego
773 373 995 428 yentilium
1022 374 1250 430 apostolus
1278 377 1382 429 (non
1413 380 1630 430 quatenus

168 444 434 488 paganorum
455 430 683 485 apostolus
704 444 785 470 non
807 443 917 481 sum,
942 428 1018 470 sed
1037 429 1184 486 potius
1204 431 1431 487 apostolus
1444 429 1629 474 Iudaeis

167 502 250 529 non
273 488 414 527 minus
437 500 563 541 quam
583 486 823 541 gentilibus
846 487 1147 543 praepositus)
1174 500 1330 528 munus
1355 500 1442 543 quo
1470 487 1631 541 fungor

167 560 217 585 en
239 544 412 583 illustre
434 541 583 594 reddo,
613 541 727 598 quod
750 543 952 600 experior
972 543 1011 584 si
1032 543 1144 584 sorte
1164 542 1498 598 consanguineis
1519 543 1630 585 meis

167 614 315 641 curam
349 599 538 656 injiciam
569 605 701 655 atque
731 599 792 641 ita
819 613 971 640 eorum
1000 599 1232 640 nonnullos
1261 598 1413 640 beatos
1433 597 1631 644 reddam.

166 656 273 699 Fuit
295 655 345 698 P.
363 655 584 710 yeniilium
607 656 858 711 apostolus,
885 654 999 711 quod
1021 669 1124 706 non,
1151 660 1201 696 ut
1222 651 1384 697 Petrus
1404 654 1631 707 Judaeum,

168 713 244 754 sed
274 713 465 766 gentiles
502 712 769 768 provinciam
801 718 1050 769 acceperat,
1097 712 1140 755 h.
1164 725 1204 755 e.
1233 710 1289 752 ad
1315 716 1494 754 exteros
1523 712 1632 754 mis-

167 784 246 811 sus
267 773 386 819 erat,
417 782 598 824 quorum
621 768 819 826 plerique
839 774 968 811 erant
994 768 1206 823 gentiles,
1240 767 1343 812 Gal.
1362 767 1405 821 2,
1421 768 1466 812 9.
1499 765 1630 814 Rom.

170 828 239 878 15,
263 828 330 869 16.
369 824 482 881 Eph.
501 825 543 877 3,
562 825 621 869 8..
688 825 764 867 Sic
794 825 894 867 fieri
924 839 1008 866 non
1037 824 1206 881 potuit,
1244 824 1349 880 quin
1375 824 1428 866 de
1454 823 1632 878 gentili-

166 883 249 924 bus
286 881 561 938 potissimum
592 881 699 923 hene
731 886 971 923 mereretur
1009 883 1072 936 (v.
1099 880 1321 937 Grotium,
1359 879 1558 923 Rosenm.
1584 884 1631 922 et

166 941 310 993 Κυρρ.
334 937 388 979 ad
411 939 454 981 h.
473 938 505 982 l.
524 945 569 980 et
590 952 702 993 quae
723 939 765 979 in
788 937 1125 981 Eritzschiorum
1154 936 1380 993 opusculis
1406 936 1631 993 disputavi

166 1011 211 1052 p.
232 997 333 1037 220.
362 996 468 1050 sq.).
552 994 632 1049 τὴν
659 993 883 1036 διακονίαν
911 996 1016 1048 μου]
1056 1007 1208 1034 munus
1238 1006 1394 1038 meum.
1468 993 1630 1034 Munus

167 1052 357 1108 apostoli
382 1052 489 1091 dicit
509 1051 562 1090 ad
585 1052 774 1105 gentiles
792 1051 943 1104 legati,
973 1058 1019 1091 ut
1039 1050 1095 1092 iis
1115 1049 1382 1092 consuleret.
1436 1048 1515 1105 τὴν
1534 1049 1631 1090 δια-

168 1109 318 1149 κονίαν
337 1122 424 1158 μου
445 1104 639 1158 δοξάζω,
679 1104 855 1162 εἴπως]
889 1107 918 1149 i.
939 1121 978 1150 e.
998 1121 1035 1147 τ.
1057 1106 1094 1147 δ.
1115 1121 1160 1158 μ,
1186 1105 1356 1157 δοξάζω
1387 1104 1632 1155 σκοπῶν,

168 1162 538 1216 πειρώμενος,
574 1160 619 1204 εἴ
633 1178 728 1211 πως
758 1188 812 1195 —-
842 1177 994 1204 munus
1021 1176 1158 1203 meum
1185 1161 1357 1203 nobilita
1385 1165 1633 1211 tentans,

166 1221 205 1261 si
241 1218 357 1276 forle
396 1232 545 1260 curam
581 1218 780 1272 injiciam
819 1217 1138 1272 conscenyue‘neis
1176 1217 1297 1259 meis.
1374 1215 1560 1258 Constat
1588 1212 1632 1258 εἰ

167 1276 296 1328 (Act.
316 1275 359 1327 8,
377 1275 492 1326 223),
534 1273 586 1329 ἢν
615 1273 842 1331 (Xenoph.
877 1273 982 1329 Cyr.
1003 1274 1045 1325 2,
1064 1273 1107 1325 4,
1129 1274 1243 1324 16.),
1292 1265 1340 1313 εἶ’
1359 1285 1456 1320 πως
1482 1271 1631 1326 (Rom.

169 1333 211 1383 l,
237 1333 302 1374 10.
337 1331 445 1373 Act.
463 1332 533 1382 27,
557 1331 623 1373 12.
667 1330 783 1374 Phil.
803 1331 845 1385 3,
867 1331 934 1372 ll.
975 1329 1178 1385 Thucyd.
1200 1330 1239 1379 1,
1258 1327 1330 1371 58.
1359 1328 1402 1380 7,
1421 1328 1538 1381 79.),
1579 1325 1632 1382 ἤν

168 1402 267 1436 πως
303 1387 432 1440 (Eur.
463 1387 566 1430 Hel.
593 1387 716 1440 428.)
750 1401 845 1428 cum
877 1385 1023 1429 verbis
1051 1386 1264 1428 actionem
1292 1383 1632 1435 declarantibus,

170 1444 256 1500 qua
285 1442 454 1499 aliquid
483 1443 682 1485 effectum
712 1443 894 1485 reddere
921 1448 1090 1494 tentes,
1127 1443 1188 1483 ita
1209 1439 1437 1498 conjungi,
1467 1444 1514 1480 ut
1534 1445 1631 1480 ten-

169 1499 292 1541 tandi
323 1500 442 1541 notio
471 1500 602 1541 verbo
631 1514 713 1541 non
742 1500 996 1541 enuntietur
1026 1506 1086 1548 (v.
1107 1497 1332 1539 Kuelmeri
1355 1497 1471 1548 ἳίιιέῖ.
1495 1495 1568 1541 Θϊ.
1593 1499 1630 1540 b.

169 1569 224 1610 gr.
256 1558 359 1608 ἔρι’.
387 1555 593 1611 ΙΙ,584.)
625 1570 762 1611 neque
792 1556 924 1596 aliter
953 1554 1177 1596 Romanos
1204 1553 1410 1607 loquutos
1441 1565 1540 1593 esse
1567 1551 1632 1606 (V.

169 1613 390 1666 llartuny.
412 1613 443 1654 l.
463 1627 500 1655 c.
522 1611 585 1664 ΙΙ,
605 1613 744 1665 207.).
804 1610 1062 1652 Modestiam
1094 1623 1217 1650 suam
1244 1608 1294 1652 P.
1321 1622 1373 1649 eo
1400 1607 1634 1664 expromit,

171 1667 286 1723 quod
316 1668 507 1721 experiri
534 1682 581 1709 se
609 1669 695 1718 ait,
730 1666 768 1708 si
792 1666 905 1723 forte
932 1666 986 1707 ad
1015 1665 1141 1708 fidem
1162 1664 1507 1718 consanguineos
1526 1678 1633 1705 suos

170 1725 400 1765 stimulare
430 1724 588 1781 possit.
661 1722 774 1765 Item
813 1721 1005 1764 modeste
1043 1722 1193 1779 paullo
1231 1728 1331 1778 post
1361 1721 1468 1762 (licit
1493 1718 1632 1769 τινάς.

169 1780 258 1821 Vir
289 1796 369 1821 non
405 1781 463 1821 ita
495 1779 717 1821 modestus
744 1779 1000 1835 scripsisset
1022 1775 1233 1825 πολλούς.
1295 1773 1387 1830 Τὴν
1407 1774 1633 1818 διακονίαν

168 1851 255 1889 μου
283 1835 453 1887 δοξάζω
481 1838 597 1878 valet
627 1851 777 1878 munus
803 1850 939 1877 meum
967 1834 1163 1889 anhelito,
1206 1833 1471 1886 conspicuum
1497 1830 1631 1888 filcia-

169 1893 296 1934 Facit
316 1908 469 1935 munus
489 1893 768 1950 conspicuum
788 1892 863 1948 qui
884 1891 1043 1942 eflicit,
1081 1896 1129 1931 ut
1149 1889 1293 1943 magni
1312 1889 1569 1930 aestimetur
1587 1893 1633 1930 et

169 1950 428 1992 celebretur.
485 1949 558 1991 Fit
586 1963 689 1991 sane
717 1963 872 1990 munus
899 1947 1104 2001 diligenti
1133 1952 1176 1987 et
1203 1945 1413 1999 religiosa
1436 1945 1531 2003 ejus
1555 1942 1633 1984 ad-

169 2007 489 2047 ministratione
527 2007 726 2056 illustre3
773 2005 850 2047 sed
888 2004 1052 2045 idcirco
1090 2016 1241 2044 munus
1277 2001 1505 2044 nobilitare
1547 2014 1632 2041 non

172 2063 285 2104 idem
310 2063 424 2119 quod
446 2077 596 2104 munus
613 2060 799 2115 fideliter
818 2061 932 2103 obire
954 2059 1174 2114 significat
1194 2056 1456 2113 (Meyerus).
1511 2055 1635 2111 Quo-
1698 2107 1705 2119 Ι

169 2120 285 2159 circa
311 2124 402 2175 Ap.
423 2133 473 2160 eo
494 2133 541 2160 se
562 2118 730 2159 muneri
751 2132 830 2159 suo
853 2118 1081 2171 gentilium
1104 2115 1238 2156 saluti
1257 2114 1402 2154 dicato
1425 2115 1632 2156 honorem

170 2182 215 2216 et
241 2176 560 2216 venerationem
590 2174 825 2215 conciliare
854 2174 1068 2224 affirmat,
1115 2171 1230 2227 quod
1262 2169 1540 2226 experiatur,
1592 2168 1633 2211 si

171 2233 285 2274 forte
316 2233 552 2288 populares
581 2246 684 2272 suos
711 2231 765 2271 ad
793 2230 1126 2271 aemulationem
1160 2233 1364 2283 provocet
1401 2229 1532 2281 atque
1571 2225 1632 2266 ita
1695 2251 1697 2253 -

171 2293 272 2345 (pro
293 2288 448 2342 exiguo
468 2288 623 2329 virium
646 2287 841 2340 modulo)
867 2300 951 2327 non
971 2285 1183 2326 nemiuem
1203 2297 1350 2324 eorum
1374 2282 1427 2323 ad
1450 2282 1633 2323 messia-

170 2359 269 2386 nam
307 2345 492 2386 salutem
531 2345 758 2400 perducat.
835 2341 948 2384 Nam
979 2356 1107 2397 quum
1136 2340 1325 2381 omnium
1352 2337 1634 2390 Judaeorum,
1688 2364 1690 2366 v

174 2415 283 2456 quos
319 2402 441 2442 Deus
470 2402 692 2456 hucusque
723 2400 767 2441 in
795 2398 1066 2440 contumacia
1091 2397 1401 2446 continuisset,
1450 2394 1559 2435 lides
1587 2400 1633 2436 et
1684 2391 1694 2414 ²

173 2459 314 2513 pietas
335 2471 498 2497 summa
520 2455 760 2511 gentilibus
779 2460 1030 2496 ornamenta
1053 2453 1267 2494 allaturae
1287 2456 1433 2492 essent
1451 2451 1512 2504 (v.
1526 2450 1633 2504 15.),

167 2519 271 2571 Jure
305 2514 548 2568 meritoque
576 2513 762 2564 gentiles
784 2512 879 2568 ejus
899 2510 1088 2567 apostoli
1111 2510 1195 2550 sibi
1218 2506 1455 2564 praepositi
1477 2520 1632 2547 munus
1672 2514 1674 2518 ’

174 2569 406 2624 splendere
436 2569 723 2619 crediderint,
762 2570 836 2624 qui
865 2568 968 2608 licet
994 2580 1155 2622 paucos
1178 2564 1368 2608 Judaeos
1389 2561 1443 2603 ad
1463 2561 1633 2606 Christi

174 2640 297 2666 sacra
319 2625 555 2666 adduceret
578 2627 654 2666 hoc
674 2625 771 2680 ipso
793 2630 934 2665 tamen
958 2622 1195 2677 gentilibus
1218 2619 1469 2675 prodesset,
1501 2633 1632 2674 quum
1698 2652 1702 2655 .

174 2683 361 2733 faceret,
399 2686 446 2721 ut
466 2697 515 2721 eo
539 2683 668 2722 citius
695 2681 906 2721 felicitate
933 2679 1147 2720 messianzi
1175 2677 1436 2734 potirentur.
1507 2675 1632 2730 Quae

176 2752 214 2779 ν.
238 2737 304 2780 13.
333 2739 398 2780 14.
421 2740 626 2790 leguntur
648 2752 796 2793 parum
819 2751 913 2777 cum
935 2751 973 2779 v.
993 2737 1036 2778 7.
1054 2736 1097 2778 8.
1117 2734 1186 2776 25.
1204 2733 1275 2774 26.
1299 2745 1536 2785 congruere
1559 2745 1652 2778 sur

177 2807 256 2849 pra
277 2794 330 2835 ad
357 2808 393 2838 v·
419 2796 486 2837 ll.
511 2796 771 2838 monuimus.
839 2792 954 2836 Nam
979 2790 1171 2836 ,ludaeos
1191 2803 1214 2830 a
1233 2788 1332 2831 Deo
1352 2789 1396 2830 iu
1415 2793 1636 2831 contuma-
