1715 3115
135 176 215 218 130
416 171 798 217 EPISTOLA
830 171 932 216 AD
964 171 1331 218 ROMANOS

131 283 341 332 bnassus,
384 278 522 321 Paulo
549 278 868 321 concedendum
897 284 982 323 est.
1040 278 1154 321 Nam
1187 293 1449 336 quamquam
1471 278 1603 323 Chri-

129 346 241 381 stum
267 343 313 378 nt
335 338 509 379 oracula
530 336 582 377 ‹le
608 336 768 377 Messian
795 337 836 377 in
856 336 987 378 vitam
1009 337 1251 378 revocando
1275 337 1317 377 in
1347 336 1400 380 V.
1418 336 1477 379 T.
1500 351 1602 394 pro-

130 395 322 449 mulgata
345 394 398 435 ad
421 400 618 435 eventum
641 392 961 434 adducerentur
985 394 1090 436 Act.
1112 393 1237 445 2,24.
1258 408 1326 449 sq.
1351 394 1498 445 l3‚34.
1513 426 1525 445 ‚
1557 395 1601 438 h.

129 468 168 495 e.
191 458 238 492 ut
258 467 335 492 suo
364 452 485 493 Dens
511 451 728 506 promisso
756 450 1056 501 satisfaceret,
1088 450 1129 490 in
1159 451 1290 491 vitam
1316 449 1437 492 Deus
1469 451 1602 492 resti-

130 510 238 558 tnit,
268 516 410 549 tznnen
435 508 568 550 Jesus
591 521 673 547 non
697 507 857 548 suisset
879 506 1092 557 Messias,
1132 506 1218 547 nisi
1241 506 1427 562 spiritus
1446 506 1535 551 div.
1559 507 1601 548 ei

130 566 379 620 impertitus
408 565 565 605 fnisset
592 567 653 617 (v.
677 562 834 614 l,11.).
900 562 1000 604 Non
1032 570 1175 603 tamen
1213 561 1340 604 Pauli
1369 577 1603 617 argumen-

129 624 238 663 tatio
260 621 473 678 ejusmodi
498 627 590 671 est,
633 634 744 675 (piae
776 621 842 660 vel
872 620 1008 660 invito
1036 619 1334 660 assensionem
1368 620 1601 677 exprimat.

128 679 234 720 Alia
256 679 368 719 enim
387 677 524 718 «livini
545 678 732 732 spiritus
755 677 866 717 ratio
890 677 931 716 in
957 677 1135 718 Christo
1157 676 1268 727 snit,
1307 676 1394 716 alia
1426 676 1522 734 ejus
1555 677 1599 718 in

127 735 375 777 hominibus
398 734 552 776 christ.
577 733 692 774 ratio
723 739 805 775 est.
876 732 989 775 Nam
1013 733 1192 774 Christo
1223 739 1270 773 ut
1302 730 1493 773 Messiae
1524 732 1601 774 da-

127 798 199 833 tus
221 790 512 835 nstmmneris
540 790 676 844 igitur
707 789 918 831 divinitus
950 790 991 830 in
1026 789 1251 831 Christum
1280 789 1432 830 collati
1465 790 1599 831 ratio-

129 863 204 890 nes
230 847 527 901 postularunt,
566 852 612 887 ut
633 847 721 889 div.
752 847 942 902 spiritns
979 844 1157 887 dotibus
1194 846 1517 897 instrueretur3
1557 860 1598 890 v,

128 906 308 961 supra);
355 903 553 945 homines
591 903 745 946 christ.
780 903 867 946 div.
897 903 1082 958 spiritns
1110 907 1364 943 ornamenta
1395 902 1480 944 sibi
1509 902 1597 959 ipsi

126 964 380 1018 comparant
398 960 528 1014 fidem
554 958 767 1011 habendo,
807 974 936 1015 quum
967 960 1052 1016 piis
1084 957 1380 1000 tantummodo
1412 960 1598 1000 homini-

128 1019 207 1059 hus
228 1017 379 1068 detur,
421 1016 463 1056 11.
494 1030 533 1059 e.
558 1014 698 1057 Panlo
730 1015 968 1071 interprete
1001 1016 1079 1066 iis,
1120 1029 1301 1071 quornm
1330 1015 1455 1056 firma
1490 1016 1597 1057 lides

126 1076 258 1116 suerit
277 1075 373 1121 5,5.
398 1073 495 1124 8,2.
515 1072 559 1114 4.
585 1087 672 1127 sq..
732 1070 966 1113 Praeterea
992 1072 1170 1114 Christo
1195 1071 1382 1128 spiritns
1407 1086 1444 1114 s.
1470 1072 1595 1113 dotes

124 1132 215 1173 sine
233 1131 352 1172 modo
369 1132 652 1184 mensuraque
678 1127 824 1183 (Suet.
848 1129 974 1172 Caes.
997 1130 1089 1182 26.)
1119 1128 1238 1169 Deus
1267 1128 1471 1185 praebuit
1494 1128 1596 1173 Joh.

124 1187 274 1239 3‚34.‚
305 1186 555 1227 hominibus
585 1185 738 1226 christ.
769 1186 942 1226 easdem
976 1185 1234 1228 adnletitur.
1299 1183 1595 1240 Quamobrem

125 1243 240 1285 haud
261 1243 374 1292 scio,
415 1256 468 1282 an
502 1243 605 1283 haec
632 1243 954 1295 argumentatio
988 1242 1128 1295 magis
1158 1241 1213 1282 ad
1245 1240 1594 1298 persuadendum

124 1300 324 1357 apposita
365 1299 549 1340 fuisset:
589 1298 628 1339 si
664 1306 809 1340 autem
843 1299 930 1340 Dei
963 1299 1149 1355 spiritus
1182 1298 1223 1339 in
1255 1298 1377 1340 vobis
1410 1298 1596 1351 habitat,

122 1371 303 1414 corpora
327 1362 499 1412 qnoque
522 1360 664 1396 vestra
693 1355 815 1397 Deus
840 1356 881 1396 in
906 1356 1035 1396 vitam
1069 1355 1305 1398 revocabit.
1365 1354 1479 1397 Nam
1505 1355 1595 1400 div.

123 1414 285 1471 spiritu
307 1412 534 1469 praeditus
555 1412 638 1453 Dee·
656 1409 774 1465 filius
794 1417 861 1453 est
881 1412 1071 1467 (8,15.):
1111 1411 1199 1453 Dei
1224 1412 1343 1455 lilius
1371 1412 1596 1465 sempiter-

120 1485 202 1512 nae
223 1471 332 1511 vitae
349 1469 568 1523 particeps
597 1468 772 1521 futurus
804 1474 872 1509 est
899 1469 1044 1523 (8,17.
1079 1470 1107 1509 2
1137 1468 1240 1512 Cor.
1266 1470 1384 1521 1,22.
1412 1467 1526 1525 Eph.
1556 1471 1594 1522 l,

123 1527 235 1580 14.):
265 1525 557 1581 sempiternae
585 1524 700 1565 vitae
728 1526 950 1581 particeps
982 1527 1156 1566 futurus
1178 1525 1232 1567 ab
1254 1525 1408 1580 inferis
1426 1525 1591 1567 excite-

119 1588 192 1625 tur
211 1596 377 1624 neeesse
397 1586 476 1621 est.
508 1605 562 1612 —-
621 1580 904 1622 Translatam
929 1582 1013 1622 vim
1036 1583 1181 1622 verbis
1214 1576 1490 1636 ζωοποιήσει
1516 1583 1592 1623 καὶ

119 1637 175 1680 τὰ
199 1635 342 1694 θνητὰ
365 1633 547 1688 σώματα
579 1631 697 1686 ὑμῶν
725 1637 1007 1694 subjecerunt
1032 1638 1250 1689 Piscator,
1289 1637 1461 1689 Estius,
1502 1636 1589 1679 Lo-

119 1695 254 1750 chias,
282 1694 459 1744 Hermu,
494 1692 690 1743 Boelam„
724 1694 948 1746 Ammon„
983 1693 1150 1737 Koelln.
1173 1694 1260 1736 al.:
1285 1718 1341 1723 —
1371 1693 1588 1749 quiChri-

119 1756 232 1793 stum
263 1765 284 1791 a
319 1748 502 1790 mortuis
530 1749 740 1789 excitavit
775 1750 904 1791 vitam
936 1751 1184 1804 (virtutem)
1213 1749 1428 1804 largietur
1454 1749 1587 1791 etiam

118 1806 379 1849 mortalibus
398 1805 558 1846 vestris
577 1807 836 1862 corporibus
858 1807 908 1860 (i.
929 1822 967 1849 e.
996 1807 1142 1858 vobis,
1174 1806 1247 1862 qui
1281 1807 1392 1847 estis
1425 1811 1587 1848 morta-

116 1864 205 1906 les!
237 1864 415 1905 lienem:
446 1862 475 1903 i.
495 1876 534 1904 e.
557 1863 741 1914 vestris,
784 1878 894 1918 quae
924 1863 1129 1917 peccandi
1160 1862 1354 1919 periculo
1382 1869 1425 1904 et
1458 1863 1588 1905 mise-

116 1921 209 1962 riae
242 1919 438 1975 exposita
468 1926 569 1959 sunt
600 1920 859 1976 corporibus
890 1920 1083 1972 Koelln.)
1106 1945 1173 1962 —.
1244 1918 1417 1974 Quibus
1449 1934 1581 1987 quum

116 1978 252 2018 multa
274 1976 465 2016 officiant
486 1979 546 2029 (v.
577 1984 665 2018 not.
702 1975 755 2016 ad
789 1991 827 2017 v.
870 1977 978 2028 10.),
1017 1984 1107 2017 tum
1142 1973 1415 2031 ζωοποιήσει
1444 1975 1582 2017 Futu-

115 2048 208 2075 rum
248 2033 393 2074 obstat
422 2037 464 2072 et
494 2029 659 2087 θνητά,
708 2032 823 2088 quod
858 2033 1136 2089 Adjectivum
1172 2032 1463 2088 metaphorice
1496 2045 1580 2072 non

114 2091 307 2147 ponitur.
365 2087 507 2131 2Cor.
519 2089 560 2139 5,
572 2089 616 2132 ⁴.
636 2087 685 2128 τὸ
712 2086 875 2145 θνητόν
895 2084 963 2130 ess-t
986 2091 1165 2130 mortale
1185 2102 1356 2142 corpu-93
1385 2101 1425 2128 v.
1446 2086 1578 2131 lCor.

114 2149 180 2199 15,
193 2147 265 2189 53.
285 2145 374 2187 54..
437 2143 477 2185 [l
509 2144 610 2187 Cor.
632 2146 755 2196 4,11.
778 2171 834 2176 ——-
855 2144 898 2187 ἐν
927 2147 980 2202 ιῖ]
1008 2145 1148 2201 θνητῇ
1181 2144 1310 2197 σαρκὶ
1339 2136 1457 2198 ἡμῶν
1485 2144 1579 2201 epi-

111 2204 261 2245 theton
284 2201 425 2256 ὓνητῇ
446 2201 722 2257 aptissimum
743 2208 811 2243 est
834 2207 878 2243 et
897 2207 1078 2259 propter
1102 2215 1138 2243 v.
1171 2214 1281 2255 quae
1310 2199 1578 2254 praecedunt

110 2255 234 2315 ἡμεῖς
263 2255 314 2299 οἱ
347 2256 544 2308 ζῶνῑες
573 2265 616 2298 et
646 2259 744 2313 qnia
779 2273 889 2314 quae
919 2259 979 2298 sit
1012 2257 1123 2298 vitae
1154 2256 1258 2299 Jesu
1290 2255 1402 2296 ratio
1432 2269 1481 2296 ac
1513 2257 1579 2298 vis

110 2330 191 2357 non
225 2315 309 2356 nisi
350 2315 393 2354 in
420 2314 593 2355 mortali
619 2320 663 2354 et
699 2313 851 2369 fruyili
885 2327 1066 2368 corpore
1097 2312 1390 2363 cognoscitur.
1459 2313 1578 2357 DW'.

107 2372 271 2415 Calvia&
306 2370 568 2411 auctoritate
608 2371 747 2411 fretus
787 2372 866 2411 hoc
905 2368 1284 2424 interpretationis
1325 2374 1575 2424 portentum

105 2427 266 2469 edidit:
290 2453 336 2457 ——
371 2428 445 2481 qui
466 2425 690 2468 Christum
713 2426 767 2466 ab
788 2426 942 2466 inseris
962 2426 1169 2467 excitavit
1201 2425 1335 2466 vitam
1366 2424 1581 2479 Iuryz‘etur.

106 2486 136 2528 i.
169 2498 208 2526 e.
236 2488 278 2524 et
308 2482 515 2539 pietatem
548 2488 592 2523 et
622 2483 752 2524 vitam
784 2481 905 2523 dabit
936 2483 1067 2523 etiam
1109 2481 1368 2522 mortalibus
1409 2481 1572 2524 vestris

103 2538 363 2597 corporibus
383 2553 461 2592 per
480 2538 600 2594 ejus,
641 2539 716 2594 qui
739 2539 781 2580 in
804 2539 926 2580 vobis
946 2539 1138 2589 habitat,
1177 2537 1383 2594 spiritum
1414 2537 1569 2587 (lieni-

101 2597 236 2639 tivum
256 2595 426 2652 probat,
448 2609 572 2649 quem
592 2595 762 2637 sirecte
783 2596 921 2636 locum
946 2594 1212 2650 explicueris
1233 2593 1449 2649 aptiorem
1471 2608 1571 2636 esse

134 2668 229 2695 uam
262 2652 576 2694 Accusativum
618 2652 750 2692 facile
787 2650 1077 2703 intelligasl),
1107 2665 1179 2706 np.
1221 2664 1350 2706 quum
1384 2650 1570 2707 spiritus

101 2669 191 2753 :lim
230 2707 391 2750 sensim
434 2707 685 2762 sensimque
726 2708 882 2749 amotis
919 2708 1195 2764 peccatorum
1245 2705 1451 2748 sordibus
1490 2720 1568 2763 po-

98 2773 260 2808 stremo
283 2776 464 2819 corpora
488 2768 631 2804 vestra
656 2765 856 2805 mortalia
876 2764 920 2805 in
940 2763 1202 2805 immortalia
1227 2777 1409 2818 corpora
1423 2769 1567 2805 trans-

96 2822 302 2866 formabit
321 2822 367 2875 (l
389 2817 490 2863 Cor.
511 2819 577 2871 15,
594 2820 704 2873 51.).
762 2819 865 2862 Non
892 2819 944 2862 de
973 2834 1043 2874 re,
1088 2833 1199 2876 quae
1230 2819 1341 2863 foris
1368 2820 1447 2863 fiat
1483 2818 1565 2862 sub
