1715 3115
163 183 250 228 486
444 179 826 224 EPISTOLA
854 181 956 224 AD
988 180 1350 226 ROMANOS

169 287 309 347 majus
339 287 565 341 gentilium
592 291 915 340 ornamentum,
951 300 1078 343 quam
1100 288 1215 344 quod
1237 288 1445 331 vocabulo
1466 289 1626 331 καταλ-

168 344 278 400 λαγή
297 345 572 385 enunciatum
594 352 685 396 est,
713 343 960 385 declaretur
980 351 1169 399 oportet.
1233 346 1379 402 Atqui
1397 346 1511 388 vitae
1533 346 1627 403 pie-

166 408 236 442 tas
265 401 619 442 reconciliatione
651 402 914 442 continetur.
986 401 1141 457 Neque
1168 402 1279 442 enim
1308 403 1404 444 Deo
1433 402 1628 444 reconci-

169 459 304 499 liatus
332 463 422 510 est,
459 457 545 498 nisi
565 457 639 512 qui
663 458 951 512 inteyre’tatem
971 456 1156 514 adeptus
1177 457 1337 511 luerit,
1378 473 1506 514 quam
1531 459 1627 500 sine

171 514 339 556 sincera
368 520 411 555 et
439 514 619 570 pietatis
646 514 773 570 plena
804 514 887 554 tide
916 514 1123 570 consequi
1143 528 1266 555 nemo
1285 520 1430 572 potest
1452 518 1514 570 (v,
1536 519 1627 559 not.

170 570 224 611 ad
246 572 285 623 1,
307 573 374 613 17.
404 570 446 623 5,
464 571 506 612 9.
530 571 635 621 10.).
696 569 880 611 Frustra
901 570 1099 612 Calvinus
1118 570 1290 626 objicit,
1321 571 1498 625 gravius
1521 585 1625 612 ean-

170 626 265 668 dem
296 641 385 668 rem
417 626 562 669 verbis
594 620 681 679 ζωή
703 624 750 668 ἐκ
770 628 954 682 νεκρῶν,
995 641 1121 682 quam
1143 626 1351 669 vocabulo
1376 627 1626 683 καταλλαγή

170 684 374 740 exprimi.
441 683 554 726 Nam
577 682 778 737 gradatio
797 696 939 725 rerum
959 682 1257 724 diversitatem
1283 683 1376 727 h.1.
1398 684 1628 739 complecti

171 739 301 782 debet
320 743 380 795 (v.
400 754 440 784 v.
464 740 568 794 12.).
629 736 729 780 Huc
749 739 939 790 accedit,
971 739 1085 795 quod
1105 739 1368 783 Iudaeorum
1391 739 1434 780 in
1455 738 1542 781 Dei
1561 741 1628 781 fa-

169 811 316 838 vorem
340 796 530 853 receptio
553 795 742 850 gentiles
761 794 814 836 ad
835 796 1038 852 pietatem
1059 796 1273 838 adducere
1296 795 1461 851 nequit,
1492 810 1629 852 quan-

172 853 402 909 doquidem
423 853 547 909 prius
565 853 753 906 gentiles
773 866 898 907 quam
921 852 1080 896 sudaei
1100 853 1303 908 pietatem
1324 853 1466 893 colent
1484 867 1628 894 exem-

172 910 333 967 ploque
354 910 420 950 illi
444 909 511 950 his
526 941 537 961 ,
569 923 650 949 non
677 908 720 949 hi
742 909 833 949 illis
851 913 979 950 erunt
997 913 1057 964 (V.
1075 910 1146 953 25.
1168 909 1276 962 25.).
1346 907 1472 950 Vitio
1499 923 1629 951 auxe-

172 974 277 1008 runt
307 966 468 1007 Calrim'
497 965 850 1022 explicationem,
891 966 965 1021 qui
991 966 1172 1020 (Be119.‚
1201 965 1302 1009 Gler.
1324 965 1397 1008 Fr.
1420 964 1630 1019 Schmid„

171 1022 369 1075 Boehm..)
391 1023 500 1063 hunc
520 1023 550 1064 l.
573 1022 635 1062 sic
654 1028 970 1078 exposuerunt:
1007 1046 1060 1053 —
1079 1021 1284 1078 quidnam
1303 1020 1564 1065 Iudaeorum
1584 1023 1629 1063 in

173 1079 261 1121 Dei
289 1079 473 1133 gratiam
505 1078 696 1135 receptio
723 1077 927 1119 effectura
952 1083 1042 1131 est,
1078 1079 1166 1120 nisi
1188 1082 1235 1118 ut
1254 1082 1389 1120 totum
1405 1091 1536 1132 yeme-s·
1552 1078 1629 1120 lm-

173 1150 345 1177 mannm
375 1149 426 1176 ex
454 1134 679 1192 impietate
707 1135 938 1176 reviviscat
965 1141 1009 1176 et
1038 1135 1152 1192 piam
1173 1134 1303 1177 vitam
1323 1130 1469 1177 vivat?
1527 1133 1630 1176 Nou

173 1197 305 1233 totum
325 1205 454 1247 yemis
473 1191 702 1234 hamanum
725 1191 766 1235 h.
786 1192 817 1234 l.
833 1191 1059 1247 yena‘libus
1079 1192 1339 1249 opponitur,
1377 1189 1455 1232 sed
1484 1189 1631 1246 majus

175 1248 333 1300 decus,
364 1247 477 1303 quod
502 1248 587 1303 ζων)-
610 1247 655 1289 ἐκ
677 1250 837 1304 νεκρῶν
858 1249 1042 1304 paganis
1062 1249 1298 1289 allaturum
1320 1247 1392 1299 sit,
1424 1261 1446 1288 a
1469 1247 1630 1289 minore

173 1304 765 1358 ornamentofflstinguitur,
802 1307 926 1364 cujus
954 1305 1120 1362 copiam
1150 1305 1206 1347 iis
1237 1304 1534 1346 reconciliatio
1564 1303 1629 1345 fe-

174 1362 299 1405 cerit.
376 1362 526 1403 Alium
569 1375 759 1403 errorem
799 1362 952 1405 Heum.
991 1362 1152 1420 adjecit
1188 1361 1250 1403 sic
1290 1361 1627 1418 interpretatus:

175 1431 403 1473 quamnam
434 1419 516 1459 vim
537 1418 800 1462 Judaeorum
829 1420 871 1460 in
898 1419 983 1461 Dei
1009 1420 1198 1460 favorem
1224 1418 1415 1474 receptio
1435 1415 1629 1469 habebit,

174 1475 263 1515 nisi
304 1481 350 1515 ut.
387 1475 469 1528 ipsi
506 1490 559 1517 ex
600 1476 823 1532 impietate
861 1475 1124 1518 reviviscant
1151 1481 1194 1517 et
1223 1475 1296 1530 pie
1325 1470 1502 1516 vivant?
1571 1471 1627 1514 In

174 1538 346 1588 promtu
384 1537 452 1572 est
488 1532 599 1573 enim
633 1531 896 1575 Judaeorum
935 1533 977 1573 in
1011 1532 1097 1573 Dei
1125 1533 1312 1586 gratiam
1337 1530 1628 1586 receptionem

171 1588 397 1641 yentae‘le'bus
418 1588 568 1629 utilem
590 1588 683 1629 fore
707 1587 843 1629 Paulo
865 1589 933 1628 hic
954 1586 1334 1629 demonstrandum
1356 1601 1470 1629 csse.
1522 1585 1628 1627 Per-

174 1644 301 1684 multi
328 1641 438 1697 ζωὴν
457 1642 504 1685 ἐκ
523 1646 680 1697 νεκρῶν
697 1658 903 1685 summam
926 1644 1180 1700 felicitatem
1205 1642 1411 1684 denotare
1433 1641 1628 1684 credide·

173 1705 278 1741 runt
307 1699 495 1741 diversis
523 1699 724 1741 formulis
756 1700 824 1740 usi
857 1699 1191 1753 Theopleylacms
1219 1699 1297 1753 (cl.
1331 1699 1545 1753 Photiam)
1574 1723 1628 1730 —-

177 1755 264 1811 ζωὴ
288 1755 368 1810 γὰρ
393 1754 439 1797 ἐκ
460 1758 622 1809 νεκρῶν
646 1755 745 1797 τότε
775 1753 921 1804 ἔσται,
957 1755 1158 1797 τουτέστι
1189 1754 1401 1811 ἄπειρα
1433 1751 1626 1809 ἀγαθά.

173 1813 323 1856 Beza:
361 1813 622 1853 cumulatum
651 1813 794 1854 mundi
821 1812 1017 1866 (generis
1047 1811 1245 1863 humani,
1282 1811 1359 1854 sic.
1397 1810 1453 1853 cf.
1475 1813 1628 1868 supra)

170 1869 386 1924 yaudo'am.
474 1869 615 1911 Grot.:
662 1882 871 1910 summum
897 1868 1118 1921 glaudium.
1204 1865 1370 1919 Kopp„
1416 1865 1629 1920 Rosenm„

173 1924 355 1976 Rueck,
385 1923 556 1967 Koelln.
579 1926 660 1968 aL:
698 1939 863 1966 summa
883 1924 1090 1980 felicitas.
1148 1921 1261 1964 Sunt
1289 1923 1334 1963 hi
1361 1922 1530 1978 aliquid
1559 1937 1629 1965 se-

173 1981 315 2037 quuti.
374 1979 489 2023 Nam
521 1982 721 2036 quoniam
752 1981 910 2022 misera
943 1981 1029 2021 vita
1062 1993 1178 2020 mors
1205 1979 1356 2037 potius
1384 1993 1511 2035 quam
1537 1979 1628 2022 vita

173 2051 312 2092 neque
341 2038 427 2079 nisi
456 2037 579 2078 beata
610 2038 695 2079 vita
728 2038 842 2078 vitae
874 2037 1044 2078 nomine
1073 2036 1203 2090 digna
1231 2036 1477 2077 hominibus
1499 2035 1628 2091 vulgo

172 2093 366 2143 videtur,
415 2099 503 2134 tum
536 2108 582 2135 se
610 2095 753 2136 vivere
783 2093 956 2144 dicunt,
1003 2107 1133 2148 quum
1166 2092 1317 2133 beatos
1351 2106 1398 2134 se
1433 2093 1629 2134 sentiunt

172 2155 351 2205 tumque
382 2163 433 2191 ex
462 2163 563 2191 orco
593 2152 724 2191 vitam
756 2164 802 2191 se
831 2149 1050 2203 recepisse
1078 2148 1366 2201 contendunt,
1414 2161 1543 2203 quum
1574 2162 1627 2190 ex

173 2206 327 2259 magna
356 2207 560 2247 aerumna
590 2212 876 2249 emerserunt.
933 2205 1001 2248 Cf.
1024 2208 1044 2245 1
1065 2205 1225 2246 Thess.
1248 2204 1290 2255 3,
1309 2204 1353 2246 8.
1406 2203 1502 2247 Liv.
1523 2206 1564 2256 9,
1582 2205 1626 2248 6.

173 2261 318 2316 Quum
352 2275 375 2302 e
405 2262 519 2303 saltu
551 2264 794 2304 evasissent
826 2262 909 2303 etsi
940 2261 1053 2302 velat
1077 2261 1131 2303 ab
1155 2260 1307 2317 inferis
1327 2260 1516 2301 extracti
1534 2265 1627 2302 tum

171 2319 358 2373 primum
389 2318 522 2359 lucem
550 2320 767 2374 adspicere
795 2319 876 2359 visi
905 2322 1030 2368 sunt,
1069 2323 1212 2358 tamen
1245 2316 1341 2371 ipsa
1369 2316 1443 2356 lux
1470 2316 1530 2356 ita
1550 2316 1626 2357 de-

170 2376 308 2416 forme
332 2374 600 2415 intuentihus
623 2389 773 2429 agmen
798 2374 914 2416 omni
934 2378 1070 2414 morte
1091 2373 1263 2414 tristior
1285 2372 1383 2415 suit.
1442 2371 1625 2417 Terent.

170 2430 291 2474 Hecs.
303 2429 344 2480 5,
362 2429 404 2480 4,
426 2431 493 2473 12.
547 2429 825 2488 Pamphilus:
864 2430 1001 2484 Egon'
1022 2433 1088 2481 te,
1119 2429 1189 2485 qui
1215 2429 1268 2470 ab
1294 2441 1388 2470 orco
1414 2433 1626 2470 morinum

170 2501 237 2528 me
265 2487 457 2527 reducem
486 2486 529 2528 in
559 2487 692 2528 lacem-
717 2486 893 2543 feceriS,
932 2486 1069 2527 sinam
1097 2486 1192 2526 sine
1217 2497 1391 2526 munere
1412 2498 1435 2524 a
1458 2497 1523 2526 mc
1549 2484 1624 2525 ab·

169 2537 270 2583 ire?
300 2543 375 2582 ah!
408 2543 584 2583 nimium
608 2557 672 2584 me
695 2543 912 2596 ingratum
935 2548 1081 2597 putas.
1141 2540 1256 2582 Tum
1279 2539 1520 2592 Parmeno,
1549 2540 1626 2596 qui

170 2597 422 2654 imprudens
453 2599 555 2639 hero
587 2600 814 2654 profuerat
843 2602 906 2652 (V.
927 2598 1041 2653 40),
1087 2600 1260 2650 Egone,
1306 2595 1450 2651 inquit
1478 2609 1518 2639 v.
1537 2595 1626 2648 35„

171 2654 283 2694 hunc
314 2654 368 2693 ab
399 2668 498 2694 orco
531 2650 779 2697 mortuum?
821 2669 905 2710 quo
931 2649 1088 2710 pacto?
1147 2651 1398 2708 Respondet
1419 2651 1624 2708 Pamphi-

171 2710 262 2752 lus:
310 2708 493 2759 Nescis,
528 2709 764 2762 Parmeno,
803 2718 1007 2766 quantum
1041 2709 1167 2750 hodie
1198 2707 1417 2765 profueris
1447 2708 1553 2748 mihi
1580 2712 1624 2749 et

171 2780 237 2805 mc
265 2779 322 2805 em
347 2770 507 2818 queant&
537 2770 743 2820 aerumna
774 2765 1039 2808 extraxeris.
1104 2762 1204 2806 Hac
1226 2768 1314 2804 tum
1336 2763 1445 2805 illud
1468 2764 1622 2805 Alexi-

172 2821 238 2862 dis
263 2823 376 2862 reici·
400 2821 500 2872 {olm
524 2819 563 2863 0¹
588 2824 652 2870 οἱς
674 2821 790 2864 ἔστιν
812 2821 922 2875 βίος,
947 2829 1035 2863 tum
1057 2820 1262 2865 nonnulla
1283 2821 1330 2874 l.,
1353 2834 1460 2876 quae
1479 2819 1622 2863 alieno
