1715 3115
124 209 211 255 120
404 204 779 250 EPISTOLA
813 203 913 247 AD
943 203 1306 250 ROMANOS

129 311 348 367 σώματος.
404 311 645 367 perperam
665 310 946 376 Theophyl.‚
982 310 1107 354 Calv.
1134 312 1196 356 al.
1221 308 1273 353 τὸ
1301 311 1475 365 πνεῦμα
1497 313 1587 368 spi-

128 372 262 413 ritum
289 370 370 412 div.
402 369 722 426 explicuerunt.
793 364 902 423 ζωή]
936 366 986 423 ζῆ
1006 367 1056 410 F.
1077 367 1134 410 G.
1154 371 1285 413 Arm.
1305 368 1444 424 Vulg.
1469 369 1476 426 Ι
1504 368 1588 422 ζῶν

129 426 211 469 Mt.
234 441 289 470 e..
352 427 654 475 Glossemata‚
695 423 852 480 quibus
874 424 1023 465 vocula
1057 421 1143 479 ζωή
1174 432 1317 478 reete,
1353 424 1440 467 nisi
1470 425 1589 482 quod

123 483 248 542 justo
281 482 495 532 debilius,
528 480 777 538 exponitur.
841 479 1012 537 Majore
1041 481 1154 521 enim
1185 481 1225 523 vi
1253 482 1477 523 abstracto
1507 495 1588 524 no-

132 540 244 581 mine
266 540 409 581 locato
431 539 622 594 aliquem
641 552 732 579 rem
752 549 865 589 esse,
895 551 1022 593 quam
1049 537 1249 578 concreta
1274 552 1376 579 voce
1405 538 1477 580 usi
1502 539 1589 581 ali-

130 610 256 652 quem
278 595 341 638 rez'
360 596 556 637 virtutem
577 593 732 636 habere
752 593 936 635 dicimus
958 598 1189 650 propterea
1204 625 1217 646 ‚
1254 593 1370 652 quod
1399 594 1478 636 illo
1507 609 1589 652 pa-

127 658 197 694 cto
214 652 403 707 aliquem
424 665 507 692 non
529 650 593 692 rei
612 648 800 692 indolem
821 649 1019 691 redolere
1033 681 1045 701 ,
1077 648 1153 691 sed
1173 654 1312 692 totum
1332 664 1356 692 e
1381 664 1432 692 re
1458 650 1588 707 quasi

127 710 414 764 compositum
450 713 495 749 et
528 711 776 748 concretum
817 720 914 748 esse
942 706 1256 760 significamus.
1323 705 1401 749 Sic
1426 707 1590 750 fortius

129 765 290 806 dicitur
308 762 358 805 τὸ
381 764 552 816 πνεῖ-’μα
572 758 658 819 ζωή
678 763 869 819 (animus
886 763 976 804 υἱίᾶ
999 762 1232 804 absolvitur
1251 762 1281 805 i.
1302 776 1343 806 e.
1369 761 1477 806 nihil
1501 763 1588 806 nisi

127 822 250 872 vit-1⁶13
299 835 451 877 parum
483 825 683 861 accurate
716 819 899 861 Rueck:
948 819 1117 859 animus
1145 819 1233 859 vitai
1263 819 1426 861 fruitur
1456 818 1589 875 plane

127 881 206 919 sm?
228 882 268 919 et
288 891 396 932 qnae
412 876 521 930 eripi
540 877 764 932 nequeat),
793 889 920 931 quam
940 873 990 915 τὸ
1012 876 1182 926 πνεῦμα
1206 873 1255 930 ζῆ
1274 882 1317 917 ct
1336 878 1358 916 1
1374 874 1474 919 Joh.
1488 876 1530 926 4,
1541 875 1589 920 8.

126 929 150 977 ὃ
172 931 280 982 θεὸς
298 929 447 988 ἀγάπη
470 930 587 975 ἐστίν
606 932 714 987 (Dei
738 937 893 974 natura
914 944 1060 973 amore
1082 931 1326 973 absolvitur
1344 932 1390 976 h.
1408 945 1448 975 e.
1461 931 1587 974 Deus

125 990 256 1044 longe
285 989 613 1030 amantissimus
644 990 757 1043 est),
798 1001 927 1044 quam
961 983 983 1030 ὅ
1019 987 1129 1037 θεὸς
1157 985 1324 1043 ἀγαπᾷ.
1395 987 1588 1030 Eandem

127 1046 182 1087 ob
201 1060 375 1087 causam
398 1046 576 1097 gravius
597 1050 667 1087 est
686 1043 862 1100 λάλημα
882 1043 1028 1086 vocari
1054 1058 1182 1111 quam
1214 1042 1406 1100 λαλητήν
1424 1043 1588 1101 (Soph.

127 1103 286 1156 Antig.
325 1117 366 1145 V.
401 1103 522 1155 320.)
561 1106 604 1142 et
634 1101 902 1142 laudabilius
942 1096 1138 1155 ὦφελιαν
1178 1100 1418 1158 nuncupari
1457 1115 1588 1157 quam

127 1157 352 1214 ὠφέλιμον
381 1157 510 1213 (Eur.
541 1157 758 1201 Androm.
788 1171 828 1199 v.
857 1157 1004 1210 5400.
1035 1155 1083 1208 ᾗς)
1122 1156 1292 1210 Clu-9⁸„
1342 1157 1589 1211 Theophyl„

125 1216 358 1265 Erasmus,
400 1214 541 1265 (laha,
581 1215 704 1256 Grot.
735 1213 794 1257 al.
829 1210 942 1266 ζωήν
968 1212 1081 1255 vitae
1113 1226 1360 1265 causam,
1404 1212 1587 1268 fontem,

125 1284 266 1313 semen
287 1273 347 1324 (v,
368 1278 457 1312 not.
479 1270 532 1310 ad
552 1271 671 1323 7‚7.)
691 1274 967 1313 enarrarunt.
1026 1267 1198 1324 Nempe
1219 1266 1270 1309 τὸ
1302 1272 1472 1321 πνεῦμα
1497 1268 1588 1323 spi-

123 1326 256 1367 ritum
285 1339 322 1370 s.
354 1327 464 1367 male
495 1325 777 1382 interpretati
812 1330 931 1368 sunt.
998 1322 1152 1367 Poscit
1177 1324 1291 1365 enim
1319 1338 1383 1366 vs.
1414 1326 1483 1367 11.
1515 1338 1589 1365 ra-

126 1380 214 1431 tio,
248 1386 296 1422 ut
321 1383 412 1436 Ap.
449 1381 591 1422 animo
619 1380 752 1422 vitam
783 1380 864 1421 hoc
886 1392 953 1422 VS.
984 1378 1269 1435 spoponderit
1296 1382 1367 1434 (ν.
1403 1393 1537 1436 supra
1551 1381 1587 1433 ).

126 1434 200 1477 ὸιά
223 1433 519 1490 δικαιοσύνη]
560 1436 593 1481 i.
625 1451 666 1480 e.
695 1440 873 1491 propter
900 1435 1102 1477 divinitus
1130 1436 1334 1477 donatam
1360 1435 1587 1490 inteqrita-

125 1497 210 1533 iem
230 1492 411 1547 (Beny.‚
436 1472 620 1544 Ilaec-k„
649 1491 797 1536 Reich.
819 1492 924 1546 ah),
966 1504 1053 1532 non
1081 1495 1259 1546 propter
1283 1491 1397 1534 vitae
1424 1492 1588 1534 sancti-

123 1553 259 1590 tatem
278 1549 405 1602 (Ena,
435 1549 584 1600 Grot.‚
614 1549 712 1591 Chr.
734 1549 809 1591 Fr.
833 1547 1046 1600 Schmid„
1074 1547 1175 1591 dW.
1205 1547 1304 1600 aL).
1363 1546 1587 1602 Quemad-

125 1603 296 1645 modum
317 1605 427 1645 enim
448 1610 625 1661 peccata
645 1611 824 1646 mortem
845 1603 1023 1660 pariunt
1044 1602 1193 1655 5,12.‚
1223 1603 1287 1645 sic
1314 1602 1585 1658 flagitiorum

126 1674 236 1716 quae
259 1660 428 1703 Christi
451 1675 574 1701 sacra
596 1659 784 1702 nondum
803 1660 1030 1715 amplexus
1053 1659 1213 1701 feceris
1243 1660 1368 1702 venia
1397 1660 1586 1714 benigne

125 1731 148 1756 a
183 1716 279 1758 Deo
320 1716 419 1758 data
461 1717 592 1758 vitam
630 1720 834 1783 procreat
870 1716 1096 1768 5,17‚21..
1158 1715 1241 1756 Est
1278 1729 1382 1757 sane
1420 1715 1587 1759 homini

125 1773 306 1825 christ.,
353 1779 401 1814 ut
429 1773 518 1814 vita
553 1778 771 1830 potiatur,
808 1772 879 1829 pie
908 1771 1139 1813 vivendum
1172 1773 1215 1824 8,
1229 1771 1296 1816 13.
1328 1772 1441 1829 Eph.
1469 1772 1586 1825 5,5..

126 1828 213 1870 Sed
236 1829 313 1870 ille
334 1843 475 1885 neque
495 1829 581 1871 Dei
602 1830 709 1870 iram
735 1833 904 1870 avertat
924 1842 1063 1885 neque
1083 1833 1358 1885 peccatorum
1379 1828 1483 1870 olim
1506 1843 1587 1885 pa-

125 1892 340 1928 tratorum
370 1886 538 1927 veniam
561 1885 659 1928 Deo
689 1888 948 1942 extorqueat
977 1898 1143 1926 morum
1169 1885 1412 1941 probitate,
1451 1899 1585 1942 quum

122 1942 248 1984 Deus
260 1942 556 1984 benevolentia
569 1942 782 1984 adductus
795 1956 878 1983 non
902 1940 989 1982 nisi
1009 1955 1160 1983 eorum
1179 1942 1347 1984 scelera
1366 1941 1585 1984 oblivione

123 1998 305 2050 obruat,
355 1999 430 2054 qui
456 1998 583 2040 fidem
613 1999 846 2040 habuerint
877 1997 979 2041 Gal.
1009 1999 1151 2050 3‚11..
1223 1998 1320 2041 lmo
1350 1998 1423 2055 pia
1450 2003 1586 2054 atque

122 2055 305 2096 honesta
335 2056 422 2096 vita
450 2055 700 2098 hominibus
731 2055 886 2098 christ.
918 2054 1086 2108 agenda
1112 2059 1206 2107 est,
1248 2060 1298 2097 ut
1325 2053 1430 2097 fidei
1461 2068 1587 2107 suae,

122 2125 202 2167 per
232 2125 359 2167 quam
388 2111 477 2155 div.
509 2126 666 2154 munus
694 2116 1043 2168 consequantur,
1091 2111 1328 2153 bonitatem
1358 2110 1586 2153 declarent

122 2171 195 2222 (v.
224 2166 393 2220 l‚46.).
461 2167 612 2210 Manet
638 2169 798 2223 igitur,
837 2167 1027 2209 divinam
1053 2168 1324 2209 clementiam
1350 2165 1586 2221 integrita-

122 2229 295 2280 temque
317 2238 339 2264 a
362 2223 458 2266 Deo
480 2224 666 2280 benigne
685 2224 934 2267 hominihus
957 2223 1032 2279 qui
1048 2223 1177 2266 fidem
1196 2223 1429 2265 habuerint
1449 2223 1586 2266 dona-

121 2285 237 2332 tam,
272 2294 357 2322 non
380 2280 586 2336 pietatem
614 2281 973 2337 honestatemque
1001 2285 1087 2321 τῶν
1113 2279 1286 2321 πιστῶν
1314 2280 1431 2322 vitae
1456 2280 1513 2322 iis
1538 2284 1586 2323 et

122 2335 348 2378 beatitatis
368 2351 542 2380 causam
564 2352 680 2383 esse.
736 2337 896 2394 Neque
916 2335 1047 2379 verba
1067 2332 1109 2378 εὶ
1129 2335 1178 2378 δὲ
1201 2335 1401 2391 Χριστὸς
1418 2334 1464 2379 ἐν
1483 2331 1585 2390 ὑμῖν

123 2397 200 2433 aut
232 2393 471 2448 rationem,
512 2395 598 2452 quai
629 2409 668 2439 v.
692 2395 762 2439 10.
790 2408 886 2435 cum
910 2406 951 2437 v.
971 2393 1014 2436 9.
1034 2392 1266 2451 copulatus
1295 2397 1392 2447 est,
1428 2398 1585 2451 postu-

166 2489 206 2532 *)
236 2488 455 2530 Carpznvius
484 2491 520 2524 in
542 2492 718 2525 strici-nis
744 2504 777 2537 p.
808 2490 905 2535 177.‚
935 2497 974 2525 ut
1002 2490 1098 2526 hunc
1125 2490 1149 2525 l.
1176 2489 1389 2537 illustraret,
1419 2490 1583 2527 Philonis

212 2534 322 2566 verba
340 2535 381 2567 de
401 2536 544 2581 profug.
578 2550 612 2578 p.
629 2538 707 2571 459.
729 2539 768 2571 Α.
799 2536 874 2578 (ed.
892 2536 1016 2580 Mang.
1036 2536 1170 2580 1,554.)
1197 2537 1320 2571 citavit
1349 2536 1457 2572 haee:
1489 2535 1507 2572 ὅ
1531 2536 1584 2572 δὲ

211 2576 390 2631 ἀγαθός
407 2581 505 2616 ἐστιν
524 2579 543 2625 ἦ
564 2582 670 2627 ἀρετὴ
687 2583 748 2617 καὶ
765 2579 783 2626 ἧ
801 2581 890 2627 ζωή,
921 2580 940 2615 ὅ
969 2581 1017 2616 δὲ
1044 2580 1184 2620 nands·
1206 2580 1225 2616 ὁ
1248 2579 1418 2620 θάνατος.
1463 2582 1515 2618 At
1531 2583 1583 2618 ibi

211 2623 297 2658 haec
312 2634 441 2666 scrnpta
462 2626 647 2669 leguntur:
681 2630 843 2674 Οὐκοῦν,
875 2622 904 2662 ὦ
921 2625 1114 2674 πάνσοφε,
1137 2626 1188 2664 τὸ
1213 2628 1300 2673 μὲν
1321 2627 1503 2673 ἀγωθδν
1520 2629 1583 2664 καὶ

209 2667 228 2713 ἡ
246 2668 352 2715 ἀρετή
369 2671 469 2705 ἐστιν
488 2671 505 2713 ἦ
525 2671 614 2716 ζωή,
635 2673 682 2709 τό
710 2674 758 2711 δὲ
785 2688 804 2709 κ
817 2674 931 2709 ακὸν
959 2675 1020 2709 καὶ
1046 2675 1064 2717 ἦ
1082 2680 1190 2708 κακία
1206 2675 1225 2707 o‘
1242 2673 1414 2713 θάνατος.
1462 2677 1582 2719 Argu-

209 2723 388 2749 mentatur
408 2723 524 2750 autem
547 2719 647 2753 Philo
670 2733 708 2753 ex
728 2721 839 2754 Lxx.
860 2720 968 2754 Deut.
991 2722 1044 2760 30,
1061 2722 1109 2755 15.
1127 2720 1207 2754 ἰδού
1223 2721 1362 2756 δέδωκα
1379 2717 1451 2763 πρό
1468 2732 1583 2763 προς-

211 2759 314 2814 cinon
343 2773 411 2796 σου
435 2761 502 2804 τήν
530 2763 619 2805 ζωήν
645 2767 705 2800 καὶ
729 2767 794 2802 τὸν
819 2765 1007 2811 θάνατον,
1045 2766 1086 2801 τὸ
1113 2766 1257 2813 ἀγαθόν
1285 2767 1345 2800 καὶ
1375 2767 1418 2803 τό
1454 2764 1582 2802 κακόν.

209 2807 415 2841 Oscutanler
445 2808 640 2851 Carpzouii
663 2824 826 2848 erlorem
858 2813 1118 2858 exscripserunt
1145 2812 1331 2857 Kopsu'us,
1365 2812 1582 2848 Tholuacius

214 2849 233 2887 ὁ
249 2852 474 2900 βαθύφρων,
496 2860 533 2890 et
550 2855 623 2891 alii.
