1715 3115
151 200 239 244 416
430 200 809 248 EPISTOLA
839 203 941 247 AD
972 203 1334 249 ROMANOS

153 306 314 366 objicio
342 312 494 366 (quum
523 313 572 353 ut
599 310 779 355 nuntius
809 311 1060 368 perferatur
1087 310 1175 354 Dei
1205 311 1452 356 mandatum
1480 311 1614 354 faciat

154 379 195 408 v.
221 366 332 431 175):
363 381 463 408 num
484 366 672 419 gentiles
691 381 775 410 non
793 367 1150 426 acceperuntDei
1169 368 1372 412 mandatu
1388 365 1614 412 nuntium?

151 420 284 475 Ἀλλα
307 423 558 482 objicientis
578 428 647 465 est
666 426 733 479 (at
750 423 874 479 dico,
903 423 1091 466 obtendo
1122 439 1161 469 v,
1192 427 1308 480 19.),
1344 440 1385 470 v.
1404 427 1611 469 Hanun-

153 478 270 535 9ium
298 481 333 525 l.
358 494 397 523 c.
431 478 578 536 11,36.
609 494 696 536 sq..
762 478 844 538 Μή
874 480 1158 538 percontandi
1187 483 1271 525 vim
1301 483 1430 526 habet
1458 487 1503 524 et
1532 478 1613 523 οὐκ

156 548 252 577 cum
276 537 406 580 verbo
428 536 580 579 intime
596 537 820 581 cohaeret:
858 552 958 580 num
987 539 1216 593 (gentiles)
1245 553 1326 582 mm
1353 534 1613 582 audierunt?

157 596 278 652 (Qua
302 594 647 648 interrogatione
666 592 721 638 P.
742 595 820 636 hoc
843 593 1073 638 indicavit:
1105 609 1189 636 non
1210 595 1398 650 gentiles
1422 608 1504 637 non
1534 608 1614 635 au·

157 653 278 695 disse
300 652 344 696 h.
361 666 402 696 e.
422 650 574 706 utique
593 663 668 692 eos
688 650 904 701 audisse.)
962 650 1032 695 Cf.
1053 665 1093 694 v.
1114 653 1201 696 19..
1258 651 1372 694 Loca
1403 651 1613 694 nonnulla

167 709 358 752 Winerns
392 705 647 764 suppeditat
674 721 742 763 gr.
775 721 820 765 p.
848 708 968 751 477..
1031 705 1091 763 μὴ
1122 705 1202 750 οὐκ
1232 700 1472 763 ἤκουσανς]
1512 707 1614 751 scil.

157 764 208 808 τὸ
227 763 480 820 εὐαγγέλιον
501 777 542 807 v,
565 764 651 807 16..
705 763 980 820 Quamquam
1002 778 1055 805 ne
1079 778 1189 821 opus
1208 765 1379 820 quidem
1398 773 1462 807 est
1490 770 1540 806 ut
1561 764 1613 804 τὸ

160 820 412 877 εὐαγγέλιον
432 824 509 861 aut
526 818 671 862 simile
695 821 950 864 vocabulum
981 821 1208 877 suppleas.
1265 820 1378 864 Nam
1409 819 1614 877 quemad-

161 879 334 920 modum
356 878 400 920 in
420 877 500 920 hac
520 873 574 920 P.
593 875 890 934 disputatione
910 872 935 931 ἦ
955 876 1104 928 πίστις
1119 875 1248 931 fidem
1267 877 1508 920 Messiae
1525 875 1613 918 Ιια-

163 937 343 979 bendum
362 933 582 989 significat
608 938 652 975 et
681 929 705 990 ἦ
735 930 842 989 ἀκοή
870 934 964 975 sine
992 933 1084 976 ullo
1112 931 1407 977 additamento
1436 945 1614 976 rerum

164 991 399 1035 messian
412 1005 470 1034 ar
482 1003 560 1032 um
581 991 850 1046 coynitionem
868 989 1073 1044 denotat,
1102 990 1162 1032 ita
1187 990 1333 1048 ipsum
1363 1005 1404 1035 v.
1438 985 1616 1032 ἀκούειν

162 1049 389 1091 declarare
440 1052 587 1104 potest
623 1062 711 1091 res
749 1047 1050 1089 messianus
1087 1044 1369 1103 cayno-scere(
1411 1043 1494 1102 Μὴ
1535 1042 1613 1086 οὒκ

160 1105 354 1161 ἤκουσαν
366 1105 402 1158 3]
444 1103 541 1146 scil.
571 1099 612 1144 οἱ
630 1100 834 1159 ΓΈλληνες
868 1103 947 1155 (ita
977 1103 1096 1158 Oriy.
1123 1105 1225 1158 [non
1253 1104 1445 1158 Chrys.]‚
1483 1100 1615 1153 Galen,

169 1160 395 1211 Vatablus,
415 1175 496 1202 van
514 1160 728 1215 Ilenyelus
747 1175 791 1217 p.
814 1160 948 1213 141.)‚
969 1173 1053 1202 non
1076 1156 1118 1202 οὶ
1136 1158 1342 1202 Ἰουδαῖοι
1354 1161 1437 1214 (sic
1450 1158 1613 1211 Chrys„

164 1220 260 1262 Uec.
281 1224 326 1259 et
346 1218 475 1270 longe
497 1217 697 1274 plerique
724 1217 1013 1273 interpretes,
1052 1229 1193 1274 nuper
1224 1216 1424 1269 Boehm„
1465 1216 1614 1264 Flam,

167 1275 317 1326 Thou,
355 1273 538 1328 Rueck„
575 1272 766 1323 KoeIIn.,
805 1272 975 1324 Reich„
1016 1272 1218 1327 filimer.)
1279 1273 1339 1317 V.
1370 1276 1458 1315 not.
1487 1269 1541 1312 ad
1573 1285 1612 1313 v.

162 1332 220 1374 14
236 1355 291 1361 —
312 1332 399 1373 16..
455 1328 544 1384 Qui
561 1329 614 1371 de
635 1328 818 1373 Judaeis
839 1344 1078 1371 sermonem
1100 1328 1272 1372 institui
1302 1334 1536 1386 putarunt,
1569 1332 1616 1366 ut.

163 1388 333 1430 Psalmi
371 1387 492 1429 locus
520 1401 610 1427 rein
638 1384 890 1428 firmandam
923 1386 1246 1442 comprobaret,
1285 1384 1615 1427 conclusiuncu-

163 1446 251 1487 lam
270 1459 292 1485 e
314 1443 460 1486 citatis
482 1458 520 1486 v.
542 1441 782 1485 derivatam
797 1443 885 1500 ipsi
902 1443 1051 1498 paullo
1071 1442 1300 1484 liberalius
1323 1441 1512 1500 adjicere
1540 1440 1614 1479 ‹lu-

166 1503 392 1544 buerunt..
432 1498 500 1542 Cf.
521 1513 562 1541 v.
587 1514 624 1542 c.
654 1499 800 1552 Chrys.
825 1498 871 1541 τί
896 1497 1057 1553 λέγεις,
1097 1497 1253 1554 φησίν;
1292 1496 1369 1539 οὔκ
1401 1492 1615 1554 ἥκουσαι-ς

162 1556 190 1614 ἡ
222 1553 453 1611 οἰκουμένη
481 1555 555 1598 καὶ
579 1555 633 1597 τὰ
658 1553 832 1611 πέρατα
859 1554 939 1610 τῆς
964 1554 1043 1611 γῆς
1073 1552 1288 1610 ἤκουσαν,
1336 1555 1429 1597 καὶ
1455 1549 1550 1606 ὖμε
1567 1556 1615 1621 Ῑιξ

1493 1624 1605 1664 παρ

255 1728 353 1756 totus
372 1730 545 1754 terrarum
577 1718 672 1754 orbis
702 1720 888 1754 coelorum
918 1725 1097 1754 concentu
1124 1717 1309 1765 personuit
1337 1718 1361 1755 i.
1387 1731 1418 1753 e.
1446 1717 1526 1764 plns
1551 1717 1615 1750 titi

258 1768 419 1803 cuneo-do
448 1780 552 1811 qnam
586 1767 693 1810 petis:
730 1779 803 1799 non
835 1777 895 1799 eae
919 1765 1035 1799 solum
1061 1771 1199 1810 gentes,
1233 1764 1361 1810 quibus
1390 1764 1524 1798 Christi
1548 1765 1615 1796 ‹ln-

259 1815 369 1848 ctrina
390 1825 484 1846 nunc
503 1812 628 1845 tradita
648 1818 721 1852 est,
745 1811 813 1846 Dei
831 1823 958 1847 vocem
976 1811 1047 1856 jam
1067 1817 1167 1846 antea
1185 1811 1413 1848 audiverunt,
1444 1809 1502 1843 sed
1521 1809 1617 1842 nulla

258 1860 409 1892 omnino
427 1871 511 1903 gens
533 1856 596 1891 haic
620 1858 733 1892 caruit
751 1856 995 1899 institutione,
1028 1854 1096 1900 qud
1114 1856 1157 1891 ad
1176 1855 1296 1890 Deum
1314 1854 1508 1889 colendum
1537 1867 1617 1886 exo-

262 1912 402 1938 can-elur
422 1910 468 1945 (v.
492 1904 574 1944 18.).
622 1904 671 1936 At
686 1903 835 1937 vicissim
857 1910 891 1937 te
908 1903 983 1946 ipse
1007 1914 1116 1947 rogo:
1150 1914 1271 1936 nonne
1290 1900 1468 1935 Israelitae
1495 1911 1617 1933 voci-m

257 1951 326 1985 Dei
347 1948 626 1982 extraordinario
649 1948 812 1983 instituto
827 1960 897 1991 per
913 1949 1043 1982 Mosen
1061 1953 1096 1981 et
1111 1949 1314 1991 prophetas
1330 1947 1472 1979 edicam
1495 1946 1620 1990 cogni·

258 2003 329 2030 tam
349 1995 548 2028 habuerunt
567 2006 676 2039 eaque
696 2001 829 2029 temere
847 1997 968 2040 spreta
987 1994 1113 2038 dignos
1136 2006 1172 2026 se
1197 1992 1380 2034 fecerunt,
1405 1991 1618 2030 quibuscum

259 2040 389 2077 Christi
410 2040 570 2074 doctrina
590 2052 662 2073 non
682 2039 1033 2075 communicaretur?
1059 2038 1243 2073 Profecto.
1288 2036 1380 2071 Nam
1399 2035 1497 2070 Deus
1513 2035 1618 2068 Mose

260 2093 295 2120 et
326 2086 438 2129 Jesaja
463 2085 712 2130 interpretibus
743 2098 823 2118 usus
848 2085 1017 2120 israelitas
1045 2096 1173 2118 vocem
1201 2096 1301 2117 suam
1326 2081 1520 2122 audivisse,
1555 2081 1618 2114 sud

262 2133 389 2178 dignos
407 2144 480 2165 esse
499 2132 557 2175 qui
577 2143 640 2164 suo
658 2131 780 2165 favore
798 2131 1024 2174 privarentur
1039 2130 1147 2164 fassus
1165 2136 1216 2163 est
1233 2142 1270 2166 v.
1287 2129 1463 2163 19-21..
1500 2125 1618 2161 Multa

260 2177 306 2214 V.
323 2178 368 2210 l).
388 2184 527 2222 peccata
547 2176 738 2211 commisit.
782 2177 819 2211 Si
839 2177 909 2221 Ap.
928 2189 963 2210 v.
986 2177 1039 2210 18.
1060 2173 1305 2210 adversarium
1327 2173 1532 2218 loquentem
1557 2171 1620 2204 in-

261 2222 436 2265 duxisset,
460 2222 504 2256 ita
525 2221 554 2255 ei
572 2222 800 2256 scribendum
820 2221 962 2255 suisset:
987 2221 1081 2265 ἐρεῖς
1099 2215 1184 2256 οὖν·
1216 2218 1308 2256 ἀλλά
1329 2219 1441 2265 λέγω·
1473 2216 1524 2263 μή
1554 2216 1619 2251 οὐκ

260 2268 441 2311 ἦκουσαν;
474 2267 569 2301 Male
590 2273 668 2310 post
694 2281 724 2300 v.
753 2265 804 2312 μή
833 2266 899 2302 οὐκ
923 2265 1106 2310 ἧκουσαν;
1137 2279 1212 2301 van
1238 2267 1427 2308 Hengetus
1451 2262 1493 2298 'to'
1521 2260 1618 2309 ῥῆμα

259 2318 327 2350 τοῦ
354 2315 443 2350 θεοῦ
470 2313 658 2357 cogitando
689 2313 816 2357 adjecit
842 2326 989 2357 eamque
1018 2312 1212 2347 formulam
1228 2311 1299 2347 Dei
1325 2322 1473 2349 vocem,
1507 2321 1619 2353 quam

264 2373 389 2394 rerum
422 2365 562 2392 natura
598 2360 685 2391 edat
707 2357 887 2403 exposuit,
931 2360 1019 2392 inire
1047 2360 1240 2392 observans
1268 2356 1465 2392 cavillatori
1495 2354 1617 2389 locum

262 2406 321 2440 Ps.
346 2406 398 2448 19,
414 2407 443 2438 5.
464 2404 687 2437 obversatum
707 2416 803 2446 esse,
828 2417 899 2448 quo
917 2417 989 2438 non
1014 2403 1086 2449 ipse
1111 2403 1295 2439 cavillator
1317 2412 1352 2434 υ.
1372 2401 1536 2443 Hengelo
1557 2400 1618 2443 jn-

262 2453 340 2486 dice
360 2458 479 2496 postea
507 2461 589 2482 usus
618 2455 690 2488 est,
722 2450 780 2482 sed
801 2450 949 2492 Paulus,
985 2458 1022 2484 ut
1047 2449 1287 2484 cavillatorem
1310 2446 1497 2480 refutaret!
1529 2445 1619 2477 Per-

262 2510 383 2542 peram
410 2498 450 2530 V.
472 2495 516 2531 Ι).
544 2491 640 2539 ῥῆμα
662 2495 752 2530 θεοῦ
779 2496 853 2529 Dei
875 2508 998 2529 vocem
1025 2509 1057 2529 v.
1084 2494 1141 2530 17.
1166 2493 1343 2538 explicuit.
1388 2490 1498 2528 ,Ἀλλοὲ
1526 2491 1618 2537 λέγω

265 2556 300 2577 v.
324 2542 379 2576 19.
399 2548 439 2575 ot
459 2542 535 2581 ipse
561 2547 596 2572 te
625 2541 781 2574 vicissim
807 2552 897 2583 rogo
922 2542 1040 2576 valere
1066 2540 1203 2585 nequit.
1250 2537 1337 2571 Post
1362 2549 1400 2574 v.
1430 2551 1462 2573 v,
1491 2537 1543 2571 19.
1567 2535 1617 2582 μή

259 2586 402 2632 Ἰσραήλ
422 2586 486 2621 οὐκ
501 2588 615 2632 ἐ’γνω;
639 2585 729 2619 salso
746 2587 921 2632 supplevit
939 2585 980 2620 ro*
1001 2584 1097 2633 ῥῆμα
1112 2585 1179 2620 ’τοῦ
1192 2583 1282 2618 θεοῦ
1309 2582 1417 2628 idque
1437 2582 1472 2618 h.
1495 2582 1518 2616 l.
1546 2594 1617 2615 ex-

265 2634 561 2667 traordinariam
587 2632 661 2665 Det
692 2642 815 2665 vocem
839 2644 907 2673 per
932 2633 1096 2666 Mosen
1122 2638 1158 2664 et
1187 2630 1449 2673 prophetas
1476 2629 1616 2661 edicam

265 2680 435 2714 denotare
459 2678 569 2711 tinxit.
616 2676 825 2721 Postremo,
861 2690 904 2710 ne
931 2678 1030 2720 plura
1058 2675 1246 2720 adjiciam,
1280 2673 1395 2707 Mosis
1419 2680 1454 2708 et
1480 2672 1618 2716 Jesajuae

262 2736 366 2758 voces
395 2736 426 2757 v.
459 2723 512 2756 19.
533 2741 576 2749 —
592 2722 650 2755 21.
676 2721 800 2756 citatae
826 2723 997 2756 israelitas
1021 2722 1189 2755 divinam
1211 2720 1480 2753 institutionem
1508 2721 1617 2752 amli-

264 2772 361 2804 visse
377 2771 442 2803 sed
460 2770 503 2801 eci
517 2780 556 2801 se
581 2768 756 2808 indignos
772 2771 946 2809 praebere
974 2767 1123 2801 minime
1147 2764 1362 2800 confirmant
1387 2767 1438 2807 (v.
1466 2776 1554 2810 quae
1580 2764 1615 2796 in

263 2813 526 2850 commentariis
545 2813 722 2854 diximus).
767 2813 916 2846 Temere
938 2814 1032 2846 enim
1053 2812 1096 2846 V.
1116 2812 1162 2846 D.
1189 2822 1335 2844 versum
1360 2810 1420 2845 21.
1444 2822 1484 2843 ca
1508 2810 1616 2844 verba

265 2861 474 2902 continere,
495 2859 531 2894 in
548 2858 677 2903 quibus
696 2857 940 2902 disputationis
959 2858 1068 2895 cardo
1085 2861 1258 2900 vertatur,
1277 2854 1462 2893 contendit
1480 2866 1515 2901 p.
1537 2856 1623 2894 24³2,
