<?xml version="1.0" encoding="UTF-8"?>
<!DOCTYPE html PUBLIC "-//W3C//DTD XHTML 1.0 Transitional//EN"
    "http://www.w3.org/TR/xhtml1/DTD/xhtml1-transitional.dtd">
<html xmlns="http://www.w3.org/1999/xhtml" xml:lang="en" lang="en">
 <head>
  <title>
</title>
<meta http-equiv="Content-Type" content="text/html;charset=utf-8" />
  <meta name='ocr-system' content='tesseract 3.04.00' />
  <meta name='ocr-capabilities' content='ocr_page ocr_carea ocr_par ocr_line ocrx_word'/>
</head>
<body>
  <div class='ocr_page' id='page_1' title='image "./pauliadromanosep02frituoft/pauliadromanosep02frituoft_0428.png"; bbox 0 0 1715 3115; ppageno 0'>
   <div class='ocr_carea' id='block_1_1' title="bbox 134 150 1326 198">
    <p class='ocr_par' dir='ltr' id='par_1_1' title="bbox 134 150 1326 198">
     <span class='ocr_line' id='line_1_1' title="bbox 134 150 1326 198; baseline -0.002 0"><span class='ocrx_word' id='word_1_1' title='bbox 134 156 222 198; x_wconf 71' lang='lat'><strong>414</strong></span> <span class='ocrx_word' id='word_1_2' title='bbox 419 152 796 198; x_wconf 81' lang='lat' dir='ltr'><strong>EPISTOLA</strong></span> <span class='ocrx_word' id='word_1_3' title='bbox 827 152 930 196; x_wconf 89' lang='lat' dir='ltr'><strong>AD</strong></span> <span class='ocrx_word' id='word_1_4' title='bbox 961 150 1326 196; x_wconf 80' lang='lat' dir='ltr'><strong>ROMANOS</strong></span> 
     </span>
    </p>
   </div>
   <div class='ocr_carea' id='block_1_2' title="bbox 126 256 1593 2846">
    <p class='ocr_par' dir='ltr' id='par_1_2' title="bbox 126 256 1593 2846">
     <span class='ocr_line' id='line_1_2' title="bbox 132 256 1591 318; baseline -0.001 -16"><span class='ocrx_word' id='word_1_5' title='bbox 132 260 255 303; x_wconf 88' lang='lat' dir='ltr'><strong>ditur</strong></span> <span class='ocrx_word' id='word_1_6' title='bbox 271 273 350 318; x_wconf 85' lang='lat' dir='ltr'><strong>per</strong></span> <span class='ocrx_word' id='word_1_7' title='bbox 372 260 458 302; x_wconf 84' lang='lat' dir='ltr'><strong>Dei</strong></span> <span class='ocrx_word' id='word_1_8' title='bbox 478 258 725 301; x_wconf 86' lang='lat' dir='ltr'><strong>mandatum</strong></span> <span class='ocrx_word' id='word_1_9' title='bbox 748 259 792 301; x_wconf 81' lang='grc' dir='ltr'><strong>Ιι.</strong></span> <span class='ocrx_word' id='word_1_10' title='bbox 814 272 855 301; x_wconf 91' lang='lat' dir='ltr'><strong>e.</strong></span> <span class='ocrx_word' id='word_1_11' title='bbox 877 262 925 301; x_wconf 88' lang='lat' dir='ltr'><strong>ut</strong></span> <span class='ocrx_word' id='word_1_12' title='bbox 953 258 1132 300; x_wconf 83' lang='lat' dir='ltr'><strong>nuntius</strong></span> <span class='ocrx_word' id='word_1_13' title='bbox 1162 259 1332 301; x_wconf 77' lang='lat' dir='ltr'><strong>feratur</strong></span> <span class='ocrx_word' id='word_1_14' title='bbox 1351 256 1440 301; x_wconf 88' lang='lat' dir='ltr'><strong>Dei</strong></span> <span class='ocrx_word' id='word_1_15' title='bbox 1472 271 1591 301; x_wconf 87' lang='lat' dir='ltr'><strong>man-</strong></span> 
     </span>
     <span class='ocr_line' id='line_1_3' title="bbox 132 313 1592 374; baseline -0.001 -15"><span class='ocrx_word' id='word_1_16' title='bbox 132 318 280 359; x_wconf 88' lang='lat' dir='ltr'><strong>datum</strong></span> <span class='ocrx_word' id='word_1_17' title='bbox 315 317 497 368; x_wconf 78' lang='lat' dir='ltr'><strong>efficit),</strong></span> <span class='ocrx_word' id='word_1_18' title='bbox 536 322 584 357; x_wconf 89' lang='lat' dir='ltr'><strong>ut</strong></span> <span class='ocrx_word' id='word_1_19' title='bbox 613 317 724 358; x_wconf 78' lang='lat' dir='ltr'><strong>viam</strong></span> <span class='ocrx_word' id='word_1_20' title='bbox 745 315 832 358; x_wconf 86' lang='lat' dir='ltr'><strong>sibi</strong></span> <span class='ocrx_word' id='word_1_21' title='bbox 860 315 1031 372; x_wconf 87' lang='lat' dir='ltr'><strong>aperiat</strong></span> <span class='ocrx_word' id='word_1_22' title='bbox 1057 313 1114 357; x_wconf 84' lang='lat' dir='ltr'><strong>ad</strong></span> <span class='ocrx_word' id='word_1_23' title='bbox 1143 315 1429 374; x_wconf 83' lang='lat' dir='ltr'><strong>objectionem</strong></span> <span class='ocrx_word' id='word_1_24' title='bbox 1456 320 1501 357; x_wconf 89' lang='lat' dir='ltr'><strong>et</strong></span> <span class='ocrx_word' id='word_1_25' title='bbox 1526 315 1592 357; x_wconf 77' lang='lat' dir='ltr'><strong>fa-</strong></span> 
     </span>
     <span class='ocr_line' id='line_1_4' title="bbox 131 371 1589 425; baseline -0.002 -9"><span class='ocrx_word' id='word_1_26' title='bbox 131 374 326 416; x_wconf 77' lang='lat' dir='ltr'><strong>ciendam</strong></span> <span class='ocrx_word' id='word_1_27' title='bbox 367 379 411 415; x_wconf 87' lang='lat' dir='ltr'><strong>et</strong></span> <span class='ocrx_word' id='word_1_28' title='bbox 439 372 713 416; x_wconf 82' lang='lat' dir='ltr'>diluendam:</span> <span class='ocrx_word' id='word_1_29' title='bbox 753 386 837 414; x_wconf 91' lang='lat' dir='ltr'><strong>non</strong></span> <span class='ocrx_word' id='word_1_30' title='bbox 868 371 1089 414; x_wconf 78' lang='lat' dir='ltr'><strong>audivisse</strong></span> <span class='ocrx_word' id='word_1_31' title='bbox 1123 373 1312 425; x_wconf 84' lang='lat' dir='ltr'><strong>gentiles</strong></span> <span class='ocrx_word' id='word_1_32' title='bbox 1346 371 1589 414; x_wconf 76' lang='lat' dir='ltr'><strong>doctrinam</strong></span> 
     </span>
     <span class='ocr_line' id='line_1_5' title="bbox 132 427 1591 486; baseline -0.002 -14"><span class='ocrx_word' id='word_1_33' title='bbox 132 431 321 473; x_wconf 80' lang='lat' dir='ltr'><strong>divinam</strong></span> <span class='ocrx_word' id='word_1_34' title='bbox 343 435 420 471; x_wconf 89' lang='lat' dir='ltr'><strong>aut</strong></span> <span class='ocrx_word' id='word_1_35' title='bbox 452 429 650 471; x_wconf 89' lang='lat' dir='ltr'><strong>nuntium</strong></span> <span class='ocrx_word' id='word_1_36' title='bbox 671 429 759 471; x_wconf 88' lang='lat' dir='ltr'><strong>Dei</strong></span> <span class='ocrx_word' id='word_1_37' title='bbox 788 428 991 470; x_wconf 85' lang='lat' dir='ltr'><strong>mandatu</strong></span> <span class='ocrx_word' id='word_1_38' title='bbox 1019 427 1074 469; x_wconf 88' lang='lat' dir='ltr'><strong>ad</strong></span> <span class='ocrx_word' id='word_1_39' title='bbox 1102 441 1176 469; x_wconf 88' lang='lat' dir='ltr'><strong>eos</strong></span> <span class='ocrx_word' id='word_1_40' title='bbox 1204 442 1290 470; x_wconf 87' lang='lat' dir='ltr'><strong>non</strong></span> <span class='ocrx_word' id='word_1_41' title='bbox 1320 442 1419 471; x_wconf 85' lang='lat' dir='ltr'><strong>esse</strong></span> <span class='ocrx_word' id='word_1_42' title='bbox 1444 428 1591 486; x_wconf 83' lang='lat' dir='ltr'><strong>perla-</strong></span> 
     </span>
     <span class='ocr_line' id='line_1_6' title="bbox 133 484 1593 541; baseline -0.001 -13"><span class='ocrx_word' id='word_1_43' title='bbox 133 495 223 528; x_wconf 81' lang='lat' dir='ltr'><strong>tum</strong></span> <span class='ocrx_word' id='word_1_44' title='bbox 247 501 286 529; x_wconf 81' lang='lat' dir='ltr'><strong>v.</strong></span> <span class='ocrx_word' id='word_1_45' title='bbox 309 486 395 531; x_wconf 89' lang='lat'>18..</span> <span class='ocrx_word' id='word_1_46' title='bbox 453 485 553 528; x_wconf 91' lang='lat' dir='ltr'><strong>Non</strong></span> <span class='ocrx_word' id='word_1_47' title='bbox 575 487 709 541; x_wconf 87' lang='lat' dir='ltr'><strong>igitur</strong></span> <span class='ocrx_word' id='word_1_48' title='bbox 729 485 798 527; x_wconf 90' lang='lat' dir='ltr'><strong>hic</strong></span> <span class='ocrx_word' id='word_1_49' title='bbox 820 500 885 528; x_wconf 70' lang='lat' dir='ltr'><strong>VS.</strong></span> <span class='ocrx_word' id='word_1_50' title='bbox 909 484 963 529; x_wconf 90' lang='lat' dir='ltr'><strong>P.</strong></span> <span class='ocrx_word' id='word_1_51' title='bbox 982 484 1321 541; x_wconf 88' lang='lat' dir='ltr'><strong>disputationem</strong></span> <span class='ocrx_word' id='word_1_52' title='bbox 1376 485 1593 538; x_wconf 60' lang='lat' dir='ltr'><strong>‹en-turbat,</strong></span> 
     </span>
     <span class='ocr_line' id='line_1_7' title="bbox 135 540 1590 599; baseline -0.001 -15"><span class='ocrx_word' id='word_1_53' title='bbox 135 544 219 599; x_wconf 70' lang='lat' dir='ltr'><strong>quzi</strong></span> <span class='ocrx_word' id='word_1_54' title='bbox 252 542 370 584; x_wconf 88' lang='lat' dir='ltr'><strong>ducti</strong></span> <span class='ocrx_word' id='word_1_55' title='bbox 401 543 604 599; x_wconf 90' lang='lat' dir='ltr'><strong>opinione</strong></span> <span class='ocrx_word' id='word_1_56' title='bbox 637 543 746 586; x_wconf 82' lang='lat' dir='ltr'><strong>Tun.</strong></span> <span class='ocrx_word' id='word_1_57' title='bbox 781 542 918 584; x_wconf 81' lang='lat' dir='ltr'><strong>Faber</strong></span> <span class='ocrx_word' id='word_1_58' title='bbox 947 541 1099 599; x_wconf 85' lang='lat' dir='ltr'><strong>(epist.</strong></span> <span class='ocrx_word' id='word_1_59' title='bbox 1130 540 1229 584; x_wconf 87' lang='lat' dir='ltr'><strong>crit.</strong></span> <span class='ocrx_word' id='word_1_60' title='bbox 1261 541 1290 583; x_wconf 87' lang='lat' dir='ltr'><strong>l.</strong></span> <span class='ocrx_word' id='word_1_61' title='bbox 1321 540 1341 583; x_wconf 88' lang='grc' dir='ltr'>Ι</span> <span class='ocrx_word' id='word_1_62' title='bbox 1375 572 1387 586; x_wconf 91' lang='grc'><strong>.</strong></span> <span class='ocrx_word' id='word_1_63' title='bbox 1417 555 1488 598; x_wconf 84' lang='lat' dir='ltr'><strong>cp.</strong></span> <span class='ocrx_word' id='word_1_64' title='bbox 1517 541 1590 586; x_wconf 85' lang='lat'><strong>72.</strong></span> 
     </span>
     <span class='ocr_line' id='line_1_8' title="bbox 150 597 1592 654; baseline -0.001 -14"><span class='ocrx_word' id='word_1_65' title='bbox 150 617 177 643; x_wconf 77' lang='grc' dir='ltr'><strong>ι.</strong></span> <span class='ocrx_word' id='word_1_66' title='bbox 199 600 320 653; x_wconf 76' lang='lat'><strong>347.)</strong></span> <span class='ocrx_word' id='word_1_67' title='bbox 341 606 385 641; x_wconf 89' lang='lat' dir='ltr'><strong>et</strong></span> <span class='ocrx_word' id='word_1_68' title='bbox 406 599 651 652; x_wconf 73' lang='lat' dir='ltr'><em>Stephanus</em></span> <span class='ocrx_word' id='word_1_69' title='bbox 673 600 916 641; x_wconf 81' lang='lat' dir='ltr'><strong>Gaussenus</strong></span> <span class='ocrx_word' id='word_1_70' title='bbox 942 612 1039 640; x_wconf 90' lang='lat' dir='ltr'><strong>eum</strong></span> <span class='ocrx_word' id='word_1_71' title='bbox 1067 610 1179 654; x_wconf 85' lang='lat' dir='ltr'><strong>pone</strong></span> <span class='ocrx_word' id='word_1_72' title='bbox 1209 611 1378 640; x_wconf 86' lang='lat' dir='ltr'><strong>versum</strong></span> <span class='ocrx_word' id='word_1_73' title='bbox 1399 597 1471 642; x_wconf 90' lang='grc'><strong>20.</strong></span> <span class='ocrx_word' id='word_1_74' title='bbox 1500 597 1592 640; x_wconf 86' lang='lat' dir='ltr'><strong>col-</strong></span> 
     </span>
     <span class='ocr_line' id='line_1_9' title="bbox 131 615 1590 714; baseline -0.002 -16"><span class='ocrx_word' id='word_1_75' title='bbox 131 615 361 698; x_wconf 87' lang='lat' dir='ltr'><strong>locandum</strong></span> <span class='ocrx_word' id='word_1_76' title='bbox 383 655 682 714; x_wconf 86' lang='lat' dir='ltr'><strong>conjecerunt,</strong></span> <span class='ocrx_word' id='word_1_77' title='bbox 715 655 1014 697; x_wconf 76' lang='lat' dir='ltr'><strong>Grc&#39;esbache‘us</strong></span> <span class='ocrx_word' id='word_1_78' title='bbox 1032 661 1176 695; x_wconf 78' lang='lat' dir='ltr'><strong>autem</strong></span> <span class='ocrx_word' id='word_1_79' title='bbox 1204 653 1274 697; x_wconf 88' lang='lat' dir='ltr'><strong>ed.</strong></span> <span class='ocrx_word' id='word_1_80' title='bbox 1301 654 1480 696; x_wconf 74' lang='lat' dir='ltr'><strong>minima</strong></span> <span class='ocrx_word' id='word_1_81' title='bbox 1508 668 1590 695; x_wconf 88' lang='lat' dir='ltr'><strong>un·</strong></span> 
     </span>
     <span class='ocr_line' id='line_1_10' title="bbox 136 705 1590 768; baseline -0.001 -14"><span class='ocrx_word' id='word_1_82' title='bbox 136 713 200 755; x_wconf 90' lang='lat' dir='ltr'><strong>cis</strong></span> <span class='ocrx_word' id='word_1_83' title='bbox 227 727 324 754; x_wconf 91' lang='lat' dir='ltr'><strong>eum</strong></span> <span class='ocrx_word' id='word_1_84' title='bbox 363 712 561 756; x_wconf 77' lang='lat' dir='ltr'>inclusit.</span> <span class='ocrx_word' id='word_1_85' title='bbox 620 705 707 766; x_wconf 76' lang='grc' dir='ltr'><strong>ἷὶρα</strong></span> <span class='ocrx_word' id='word_1_86' title='bbox 737 705 762 766; x_wconf 78' lang='grc' dir='ltr'>ἡ</span> <span class='ocrx_word' id='word_1_87' title='bbox 795 709 946 760; x_wconf 79' lang='grc' dir='ltr'><strong><em>πίστις</em></strong></span> <span class='ocrx_word' id='word_1_88' title='bbox 972 707 1022 761; x_wconf 72' lang='grc' dir='ltr'><strong>ἐξ</strong></span> <span class='ocrx_word' id='word_1_89' title='bbox 1048 707 1207 766; x_wconf 70' lang='grc' dir='ltr'><em>ἀκοῆς]</em></span> <span class='ocrx_word' id='word_1_90' title='bbox 1239 709 1467 753; x_wconf 75' lang='lat' dir='ltr'><strong>Sententia</strong></span> <span class='ocrx_word' id='word_1_91' title='bbox 1489 723 1590 768; x_wconf 83' lang='lat' dir='ltr'><strong>per-</strong></span> 
     </span>
     <span class='ocr_line' id='line_1_11' title="bbox 131 765 1589 826; baseline -0.003 -15"><span class='ocrx_word' id='word_1_92' title='bbox 131 770 281 826; x_wconf 85' lang='lat' dir='ltr'><strong>spicua</strong></span> <span class='ocrx_word' id='word_1_93' title='bbox 310 776 399 812; x_wconf 85' lang='lat' dir='ltr'><strong>est:</strong></span> <span class='ocrx_word' id='word_1_94' title='bbox 433 767 561 822; x_wconf 80' lang='lat' dir='ltr'><strong>fidem</strong></span> <span class='ocrx_word' id='word_1_95' title='bbox 587 768 723 823; x_wconf 70' lang='lat' dir='ltr'><strong>yiynit</strong></span> <span class='ocrx_word' id='word_1_96' title='bbox 751 767 977 810; x_wconf 74' lang='lat' dir='ltr'><strong>institutio.</strong></span> <span class='ocrx_word' id='word_1_97' title='bbox 1046 766 1104 808; x_wconf 81' lang='lat' dir='ltr'><strong>Et</strong></span> <span class='ocrx_word' id='word_1_98' title='bbox 1131 773 1247 808; x_wconf 82' lang='lat' dir='ltr'><strong>recte</strong></span> <span class='ocrx_word' id='word_1_99' title='bbox 1275 765 1384 808; x_wconf 85' lang='lat' dir='ltr'><strong>hanc</strong></span> <span class='ocrx_word' id='word_1_100' title='bbox 1414 773 1589 809; x_wconf 86' lang='lat' dir='ltr'><strong>senten-</strong></span> 
     </span>
     <span class='ocr_line' id='line_1_12' title="bbox 129 816 1589 883; baseline -0.002 -16"><span class='ocrx_word' id='word_1_101' title='bbox 129 831 234 867; x_wconf 81' lang='lat' dir='ltr'><strong>tiam</strong></span> <span class='ocrx_word' id='word_1_102' title='bbox 256 841 278 868; x_wconf 90' lang='lat' dir='ltr'><strong>e</strong></span> <span class='ocrx_word' id='word_1_103' title='bbox 299 825 473 883; x_wconf 85' lang='lat' dir='ltr'><strong>Jesajae</strong></span> <span class='ocrx_word' id='word_1_104' title='bbox 495 825 641 866; x_wconf 79' lang='lat' dir='ltr'><strong>verbis</strong></span> <span class='ocrx_word' id='word_1_105' title='bbox 664 838 704 867; x_wconf 86' lang='lat' dir='ltr'><strong>v.</strong></span> <span class='ocrx_word' id='word_1_106' title='bbox 728 824 795 866; x_wconf 89' lang='lat'><strong>16.</strong></span> <span class='ocrx_word' id='word_1_107' title='bbox 815 821 1010 864; x_wconf 78' lang='lat' dir='ltr'><strong>effectam</strong></span> <span class='ocrx_word' id='word_1_108' title='bbox 1029 837 1128 864; x_wconf 87' lang='lat' dir='ltr'><strong>esse</strong></span> <span class='ocrx_word' id='word_1_109' title='bbox 1151 816 1278 878; x_wconf 70' lang='grc' dir='ltr'>(ὅρα)</span> <span class='ocrx_word' id='word_1_110' title='bbox 1307 822 1484 865; x_wconf 84' lang='lat' dir='ltr'><strong>minime</strong></span> <span class='ocrx_word' id='word_1_111' title='bbox 1510 821 1589 864; x_wconf 88' lang='lat' dir='ltr'><strong>ob-</strong></span> 
     </span>
     <span class='ocr_line' id='line_1_13' title="bbox 129 878 1589 938; baseline -0.002 -15"><span class='ocrx_word' id='word_1_112' title='bbox 129 897 304 924; x_wconf 86' lang='lat' dir='ltr'><strong>scurum</strong></span> <span class='ocrx_word' id='word_1_113' title='bbox 336 889 420 924; x_wconf 84' lang='lat' dir='ltr'><strong>est.</strong></span> <span class='ocrx_word' id='word_1_114' title='bbox 478 880 592 923; x_wconf 90' lang='lat' dir='ltr'><strong>Nam</strong></span> <span class='ocrx_word' id='word_1_115' title='bbox 623 878 797 938; x_wconf 84' lang='lat' dir='ltr'><strong>Jesajae</strong></span> <span class='ocrx_word' id='word_1_116' title='bbox 824 879 1120 935; x_wconf 87' lang='lat' dir='ltr'><strong>querimonia:</strong></span> <span class='ocrx_word' id='word_1_117' title='bbox 1159 879 1509 935; x_wconf 73' lang='lat' dir='ltr'><strong>quotusquisque</strong></span> <span class='ocrx_word' id='word_1_118' title='bbox 1537 878 1589 920; x_wconf 84' lang='lat' dir='ltr'><strong>fi-</strong></span> 
     </span>
     <span class='ocr_line' id='line_1_14' title="bbox 129 934 1588 993; baseline -0.003 -13"><span class='ocrx_word' id='word_1_119' title='bbox 129 939 225 980; x_wconf 88' lang='lat' dir='ltr'><strong>dem</strong></span> <span class='ocrx_word' id='word_1_120' title='bbox 255 939 408 980; x_wconf 86' lang='lat' dir='ltr'><strong>habuit</strong></span> <span class='ocrx_word' id='word_1_121' title='bbox 435 938 587 979; x_wconf 84' lang='lat' dir='ltr'><strong>nuntio</strong></span> <span class='ocrx_word' id='word_1_122' title='bbox 617 951 641 979; x_wconf 90' lang='lat' dir='ltr'><strong>a</strong></span> <span class='ocrx_word' id='word_1_123' title='bbox 672 937 798 978; x_wconf 86' lang='lat' dir='ltr'><strong>nobis</strong></span> <span class='ocrx_word' id='word_1_124' title='bbox 830 934 996 978; x_wconf 76' lang='lat' dir='ltr'><strong>allato?</strong></span> <span class='ocrx_word' id='word_1_125' title='bbox 1037 942 1081 978; x_wconf 89' lang='lat' dir='ltr'><strong>et</strong></span> <span class='ocrx_word' id='word_1_126' title='bbox 1109 935 1287 977; x_wconf 85' lang='lat' dir='ltr'><strong>credere</strong></span> <span class='ocrx_word' id='word_1_127' title='bbox 1321 943 1364 978; x_wconf 83' lang='lat' dir='ltr'><strong>te</strong></span> <span class='ocrx_word' id='word_1_128' title='bbox 1391 949 1523 993; x_wconf 86' lang='lat' dir='ltr'><strong>posse</strong></span> <span class='ocrx_word' id='word_1_129' title='bbox 1548 934 1588 976; x_wconf 88' lang='lat' dir='ltr'><strong>si</strong></span> 
     </span>
     <span class='ocr_line' id='line_1_15' title="bbox 128 991 1588 1052; baseline -0.003 -16"><span class='ocrx_word' id='word_1_130' title='bbox 128 996 327 1037; x_wconf 86' lang='lat' dir='ltr'><strong>nuntium</strong></span> <span class='ocrx_word' id='word_1_131' title='bbox 349 995 570 1052; x_wconf 84' lang='lat' dir='ltr'><strong>acceperis</strong></span> <span class='ocrx_word' id='word_1_132' title='bbox 592 999 636 1035; x_wconf 90' lang='lat' dir='ltr'><strong>et</strong></span> <span class='ocrx_word' id='word_1_133' title='bbox 657 1008 741 1035; x_wconf 89' lang='lat' dir='ltr'><strong>non</strong></span> <span class='ocrx_word' id='word_1_134' title='bbox 762 1007 917 1050; x_wconf 85' lang='lat' dir='ltr'><strong>posse,</strong></span> <span class='ocrx_word' id='word_1_135' title='bbox 947 994 986 1035; x_wconf 89' lang='lat' dir='ltr'><strong>si</strong></span> <span class='ocrx_word' id='word_1_136' title='bbox 1010 992 1190 1034; x_wconf 86' lang='lat' dir='ltr'><strong>nuntius</strong></span> <span class='ocrx_word' id='word_1_137' title='bbox 1220 991 1273 1033; x_wconf 85' lang='lat' dir='ltr'><strong>ad</strong></span> <span class='ocrx_word' id='word_1_138' title='bbox 1302 998 1344 1033; x_wconf 83' lang='lat' dir='ltr'><strong>te</strong></span> <span class='ocrx_word' id='word_1_139' title='bbox 1372 1006 1456 1033; x_wconf 93' lang='lat' dir='ltr'><strong>non</strong></span> <span class='ocrx_word' id='word_1_140' title='bbox 1487 1005 1588 1049; x_wconf 85' lang='lat' dir='ltr'><strong>per-</strong></span> 
     </span>
     <span class='ocr_line' id='line_1_16' title="bbox 128 1048 1587 1104; baseline -0.003 -11"><span class='ocrx_word' id='word_1_141' title='bbox 128 1053 248 1093; x_wconf 87' lang='lat' dir='ltr'><strong>latus</strong></span> <span class='ocrx_word' id='word_1_142' title='bbox 277 1052 410 1092; x_wconf 78' lang='lat' dir='ltr'><strong>suerit</strong></span> <span class='ocrx_word' id='word_1_143' title='bbox 438 1050 620 1093; x_wconf 86' lang='lat' dir='ltr'><strong>indicat.</strong></span> <span class='ocrx_word' id='word_1_144' title='bbox 685 1049 934 1092; x_wconf 82' lang='lat' dir='ltr'><strong>Verborum</strong></span> <span class='ocrx_word' id='word_1_145' title='bbox 965 1063 989 1090; x_wconf 88' lang='lat' dir='ltr'><strong>e</strong></span> <span class='ocrx_word' id='word_1_146' title='bbox 1009 1048 1157 1104; x_wconf 85' lang='lat' dir='ltr'><strong>Jesaja</strong></span> <span class='ocrx_word' id='word_1_147' title='bbox 1189 1062 1229 1092; x_wconf 83' lang='lat' dir='ltr'><strong>v.</strong></span> <span class='ocrx_word' id='word_1_148' title='bbox 1259 1050 1326 1092; x_wconf 82' lang='lat'><strong>16.</strong></span> <span class='ocrx_word' id='word_1_149' title='bbox 1353 1049 1587 1090; x_wconf 86' lang='lat' dir='ltr'><strong>citatorum</strong></span> 
     </span>
     <span class='ocr_line' id='line_1_17' title="bbox 129 1101 1589 1164; baseline -0.004 -14"><span class='ocrx_word' id='word_1_150' title='bbox 129 1109 316 1150; x_wconf 78' lang='lat' dir='ltr'><strong>invitatu</strong></span> <span class='ocrx_word' id='word_1_151' title='bbox 337 1106 474 1164; x_wconf 68' lang='grc' dir='ltr'><em>ἀκοήν</em></span> <span class='ocrx_word' id='word_1_152' title='bbox 497 1106 548 1150; x_wconf 89' lang='grc' dir='ltr'><strong>Ρ.</strong></span> <span class='ocrx_word' id='word_1_153' title='bbox 566 1108 756 1157; x_wconf 81' lang='lat' dir='ltr'><strong>vocavit,</strong></span> <span class='ocrx_word' id='word_1_154' title='bbox 797 1106 911 1160; x_wconf 89' lang='lat' dir='ltr'><strong>quod</strong></span> <span class='ocrx_word' id='word_1_155' title='bbox 932 1106 1045 1147; x_wconf 86' lang='lat' dir='ltr'><strong>alias</strong></span> <span class='ocrx_word' id='word_1_156' title='bbox 1073 1105 1102 1145; x_wconf 87' lang='lat'>2</span> <span class='ocrx_word' id='word_1_157' title='bbox 1124 1104 1240 1146; x_wconf 79' lang='lat' dir='ltr'><strong>Tim.</strong></span> <span class='ocrx_word' id='word_1_158' title='bbox 1271 1105 1313 1156; x_wconf 87' lang='lat'><strong>4,</strong></span> <span class='ocrx_word' id='word_1_159' title='bbox 1331 1107 1396 1147; x_wconf 88' lang='lat'><strong>17.</strong></span> <span class='ocrx_word' id='word_1_160' title='bbox 1422 1102 1473 1145; x_wconf 79' lang='grc' dir='ltr'><strong>τὰ</strong></span> <span class='ocrx_word' id='word_1_161' title='bbox 1503 1101 1589 1158; x_wconf 85' lang='grc' dir='ltr'><em>κη’-</em></span> 
     </span>
     <span class='ocr_line' id='line_1_18' title="bbox 128 1159 1585 1220; baseline 0 -16"><span class='ocrx_word' id='word_1_162' title='bbox 128 1179 269 1220; x_wconf 62' lang='grc' dir='ltr'><em>ρυγμα</em></span> <span class='ocrx_word' id='word_1_163' title='bbox 293 1164 420 1206; x_wconf 84' lang='lat' dir='ltr'>dixit.</span> <span class='ocrx_word' id='word_1_164' title='bbox 480 1162 504 1218; x_wconf 77' lang='grc' dir='ltr'>ἡ</span> <span class='ocrx_word' id='word_1_165' title='bbox 534 1163 583 1204; x_wconf 77' lang='grc' dir='ltr'><strong>δὲ</strong></span> <span class='ocrx_word' id='word_1_166' title='bbox 615 1159 720 1217; x_wconf 82' lang='grc' dir='ltr'><em>ἀκοὴ</em></span> <span class='ocrx_word' id='word_1_167' title='bbox 752 1162 824 1203; x_wconf 79' lang='grc' dir='ltr'><strong>διὰ</strong></span> <span class='ocrx_word' id='word_1_168' title='bbox 856 1159 1051 1218; x_wconf 56' lang='grc' dir='ltr'><em>ῥήματος</em></span> <span class='ocrx_word' id='word_1_169' title='bbox 1076 1162 1212 1215; x_wconf 75' lang='grc' dir='ltr'><em>θεοῦ]</em></span> <span class='ocrx_word' id='word_1_170' title='bbox 1245 1160 1365 1202; x_wconf 85' lang='lat' dir='ltr'><strong>Haec</strong></span> <span class='ocrx_word' id='word_1_171' title='bbox 1397 1175 1436 1203; x_wconf 88' lang='lat' dir='ltr'><strong>v.</strong></span> <span class='ocrx_word' id='word_1_172' title='bbox 1467 1160 1511 1201; x_wconf 86' lang='lat' dir='ltr'><strong>in</strong></span> <span class='ocrx_word' id='word_1_173' title='bbox 1534 1159 1585 1204; x_wconf 78' lang='lat' dir='ltr'><strong>P.</strong></span> 
     </span>
     <span class='ocr_line' id='line_1_19' title="bbox 126 1215 1584 1276; baseline -0.001 -15"><span class='ocrx_word' id='word_1_174' title='bbox 126 1219 502 1274; x_wconf 79' lang='lat' dir='ltr'><strong>argumentatione</strong></span> <span class='ocrx_word' id='word_1_175' title='bbox 524 1219 734 1276; x_wconf 87' lang='lat' dir='ltr'><strong>primaria</strong></span> <span class='ocrx_word' id='word_1_176' title='bbox 757 1226 879 1270; x_wconf 85' lang='lat' dir='ltr'><strong>sunt,</strong></span> <span class='ocrx_word' id='word_1_177' title='bbox 919 1232 1050 1273; x_wconf 88' lang='lat' dir='ltr'><strong>quum</strong></span> <span class='ocrx_word' id='word_1_178' title='bbox 1069 1217 1181 1258; x_wconf 84' lang='lat' dir='ltr'><strong>viam</strong></span> <span class='ocrx_word' id='word_1_179' title='bbox 1211 1216 1266 1258; x_wconf 87' lang='lat' dir='ltr'><strong>ad</strong></span> <span class='ocrx_word' id='word_1_180' title='bbox 1295 1215 1584 1275; x_wconf 86' lang='lat' dir='ltr'><strong>objectionem</strong></span> 
     </span>
     <span class='ocr_line' id='line_1_20' title="bbox 128 1270 1586 1330; baseline -0.005 -11"><span class='ocrx_word' id='word_1_181' title='bbox 128 1291 169 1320; x_wconf 73' lang='lat' dir='ltr'><strong>v.</strong></span> <span class='ocrx_word' id='word_1_182' title='bbox 202 1277 269 1319; x_wconf 90' lang='grc'><strong>18.</strong></span> <span class='ocrx_word' id='word_1_183' title='bbox 298 1271 409 1317; x_wconf 69' lang='grc' dir='ltr'><strong>ἀλλὰ</strong></span> <span class='ocrx_word' id='word_1_184' title='bbox 436 1273 570 1330; x_wconf 67' lang='grc' dir='ltr'><em>λέγω,</em></span> <span class='ocrx_word' id='word_1_185' title='bbox 608 1274 667 1330; x_wconf 80' lang='grc' dir='ltr'><strong>μὴ</strong></span> <span class='ocrx_word' id='word_1_186' title='bbox 698 1270 774 1316; x_wconf 76' lang='grc' dir='ltr'><em>οὐκ</em></span> <span class='ocrx_word' id='word_1_187' title='bbox 803 1273 1017 1328; x_wconf 70' lang='grc' dir='ltr'><em>ἤκουσανς</em></span> <span class='ocrx_word' id='word_1_188' title='bbox 1054 1273 1335 1330; x_wconf 79' lang='lat' dir='ltr'><strong>patefaciant.</strong></span> <span class='ocrx_word' id='word_1_189' title='bbox 1414 1271 1586 1314; x_wconf 78' lang='lat' dir='ltr'><strong>Idcirco</strong></span> 
     </span>
     <span class='ocr_line' id='line_1_21' title="bbox 130 1326 1585 1389; baseline -0.004 -15"><span class='ocrx_word' id='word_1_190' title='bbox 130 1334 268 1387; x_wconf 85' lang='lat' dir='ltr'><strong>igitur</strong></span> <span class='ocrx_word' id='word_1_191' title='bbox 288 1334 380 1389; x_wconf 88' lang='lat' dir='ltr'><strong>Ap.</strong></span> <span class='ocrx_word' id='word_1_192' title='bbox 402 1331 488 1386; x_wconf 83' lang='grc' dir='ltr'><strong>ἄρα</strong></span> <span class='ocrx_word' id='word_1_193' title='bbox 508 1326 531 1386; x_wconf 74' lang='grc' dir='ltr'>ἡ</span> <span class='ocrx_word' id='word_1_194' title='bbox 553 1329 704 1379; x_wconf 80' lang='grc' dir='ltr'><em>πίστις</em></span> <span class='ocrx_word' id='word_1_195' title='bbox 721 1329 768 1380; x_wconf 79' lang='grc' dir='ltr'><strong>ἐξ</strong></span> <span class='ocrx_word' id='word_1_196' title='bbox 787 1329 921 1385; x_wconf 72' lang='grc' dir='ltr'><em>ἀκοῆς</em></span> <span class='ocrx_word' id='word_1_197' title='bbox 951 1344 1003 1372; x_wconf 87' lang='lat' dir='ltr'><strong>ex</strong></span> <span class='ocrx_word' id='word_1_198' title='bbox 1025 1329 1118 1373; x_wconf 85' lang='lat' dir='ltr'><strong>Jes.</strong></span> <span class='ocrx_word' id='word_1_199' title='bbox 1147 1330 1272 1381; x_wconf 80' lang='lat'>53,1.</span> <span class='ocrx_word' id='word_1_200' title='bbox 1304 1328 1505 1382; x_wconf 81' lang='lat' dir='ltr'><strong>collegit,</strong></span> <span class='ocrx_word' id='word_1_201' title='bbox 1534 1333 1585 1369; x_wconf 83' lang='lat' dir='ltr'><strong>ut</strong></span> 
     </span>
     <span class='ocr_line' id='line_1_22' title="bbox 128 1383 1584 1446; baseline -0.003 -16"><span class='ocrx_word' id='word_1_202' title='bbox 128 1391 182 1431; x_wconf 90' lang='lat' dir='ltr'><strong>ad</strong></span> <span class='ocrx_word' id='word_1_203' title='bbox 205 1389 488 1446; x_wconf 79' lang='lat' dir='ltr'><strong>principalem</strong></span> <span class='ocrx_word' id='word_1_204' title='bbox 511 1388 770 1429; x_wconf 77' lang='lat' dir='ltr'><strong>sententiam</strong></span> <span class='ocrx_word' id='word_1_205' title='bbox 794 1385 817 1441; x_wconf 71' lang='grc' dir='ltr'>ἡ</span> <span class='ocrx_word' id='word_1_206' title='bbox 837 1388 884 1428; x_wconf 77' lang='grc' dir='ltr'><strong>δὲ</strong></span> <span class='ocrx_word' id='word_1_207' title='bbox 904 1383 1016 1440; x_wconf 69' lang='grc' dir='ltr'><em>ἀκοή</em></span> <span class='ocrx_word' id='word_1_208' title='bbox 1034 1385 1107 1427; x_wconf 77' lang='grc' dir='ltr'><strong>διὰ</strong></span> <span class='ocrx_word' id='word_1_209' title='bbox 1128 1383 1323 1441; x_wconf 69' lang='grc' dir='ltr'><em>ῥήματος</em></span> <span class='ocrx_word' id='word_1_210' title='bbox 1342 1386 1454 1426; x_wconf 67' lang='grc' dir='ltr'><em>θεοῦ</em></span> <span class='ocrx_word' id='word_1_211' title='bbox 1483 1398 1584 1438; x_wconf 85' lang='lat' dir='ltr'><strong>gra-</strong></span> 
     </span>
     <span class='ocr_line' id='line_1_23' title="bbox 128 1443 1582 1503; baseline -0.004 -16"><span class='ocrx_word' id='word_1_212' title='bbox 128 1447 185 1487; x_wconf 92' lang='lat' dir='ltr'><strong>du</strong></span> <span class='ocrx_word' id='word_1_213' title='bbox 211 1446 473 1503; x_wconf 80' lang='lat' dir='ltr'><strong>perveniret.</strong></span> <span class='ocrx_word' id='word_1_214' title='bbox 508 1444 649 1499; x_wconf 77' lang='lat' dir='ltr'><strong>Quam</strong></span> <span class='ocrx_word' id='word_1_215' title='bbox 672 1457 782 1497; x_wconf 86' lang='lat' dir='ltr'><strong>nego</strong></span> <span class='ocrx_word' id='word_1_216' title='bbox 805 1457 855 1483; x_wconf 81' lang='lat' dir='ltr'><strong>ex</strong></span> <span class='ocrx_word' id='word_1_217' title='bbox 877 1443 970 1487; x_wconf 85' lang='lat' dir='ltr'><strong>JeS.</strong></span> <span class='ocrx_word' id='word_1_218' title='bbox 990 1443 1062 1494; x_wconf 82' lang='lat'><strong>53,</strong></span> <span class='ocrx_word' id='word_1_219' title='bbox 1078 1445 1114 1484; x_wconf 88' lang='lat' dir='ltr'><strong>l.</strong></span> <span class='ocrx_word' id='word_1_220' title='bbox 1129 1443 1296 1482; x_wconf 82' lang='lat' dir='ltr'><strong>ductam</strong></span> <span class='ocrx_word' id='word_1_221' title='bbox 1317 1455 1428 1491; x_wconf 84' lang='lat' dir='ltr'><strong>esse,</strong></span> <span class='ocrx_word' id='word_1_222' title='bbox 1451 1455 1582 1496; x_wconf 90' lang='lat' dir='ltr'><strong>quum</strong></span> 
     </span>
     <span class='ocr_line' id='line_1_24' title="bbox 128 1496 1586 1555; baseline -0.004 -11"><span class='ocrx_word' id='word_1_223' title='bbox 128 1517 179 1544; x_wconf 75' lang='lat' dir='ltr'><strong>ex</strong></span> <span class='ocrx_word' id='word_1_224' title='bbox 199 1504 241 1545; x_wconf 83' lang='lat' dir='ltr'><strong>h.</strong></span> <span class='ocrx_word' id='word_1_225' title='bbox 264 1504 294 1546; x_wconf 90' lang='lat' dir='ltr'><strong>l.</strong></span> <span class='ocrx_word' id='word_1_226' title='bbox 319 1516 400 1544; x_wconf 91' lang='lat' dir='ltr'><strong>non</strong></span> <span class='ocrx_word' id='word_1_227' title='bbox 425 1501 551 1542; x_wconf 77' lang='lat' dir='ltr'><strong>facile</strong></span> <span class='ocrx_word' id='word_1_228' title='bbox 571 1505 881 1555; x_wconf 83' lang='lat' dir='ltr'><strong>consequatur.</strong></span> <span class='ocrx_word' id='word_1_229' title='bbox 939 1500 1115 1551; x_wconf 79' lang='lat' dir='ltr'><strong>Arguta</strong></span> <span class='ocrx_word' id='word_1_230' title='bbox 1145 1498 1258 1538; x_wconf 86' lang='lat' dir='ltr'><strong>enim</strong></span> <span class='ocrx_word' id='word_1_231' title='bbox 1288 1498 1393 1538; x_wconf 86' lang='lat' dir='ltr'><strong>mihi</strong></span> <span class='ocrx_word' id='word_1_232' title='bbox 1414 1496 1586 1550; x_wconf 75' lang='lat' dir='ltr'><strong>Meyeri</strong></span> 
     </span>
     <span class='ocr_line' id='line_1_25' title="bbox 129 1553 1586 1612; baseline -0.002 -13"><span class='ocrx_word' id='word_1_233' title='bbox 129 1560 244 1600; x_wconf 88' lang='lat' dir='ltr'><strong>ratio</strong></span> <span class='ocrx_word' id='word_1_234' title='bbox 264 1559 461 1609; x_wconf 75' lang='lat' dir='ltr'><strong>videtur,</strong></span> <span class='ocrx_word' id='word_1_235' title='bbox 492 1556 566 1612; x_wconf 89' lang='lat' dir='ltr'><strong>qui</strong></span> <span class='ocrx_word' id='word_1_236' title='bbox 587 1556 852 1612; x_wconf 85' lang='lat' dir='ltr'><strong>Apostolum</strong></span> <span class='ocrx_word' id='word_1_237' title='bbox 874 1569 898 1597; x_wconf 88' lang='lat' dir='ltr'><strong>e</strong></span> <span class='ocrx_word' id='word_1_238' title='bbox 920 1555 1256 1610; x_wconf 79' lang='lat' dir='ltr'><strong>compellatione</strong></span> <span class='ocrx_word' id='word_1_239' title='bbox 1284 1553 1407 1608; x_wconf 75' lang='grc' dir='ltr'><em>κύριε</em></span> <span class='ocrx_word' id='word_1_240' title='bbox 1435 1568 1475 1595; x_wconf 79' lang='lat' dir='ltr'><strong>v.</strong></span> <span class='ocrx_word' id='word_1_241' title='bbox 1503 1554 1586 1605; x_wconf 89' lang='grc'><strong>16.,</strong></span> 
     </span>
     <span class='ocr_line' id='line_1_26' title="bbox 131 1608 1583 1671; baseline -0.006 -14"><span class='ocrx_word' id='word_1_242' title='bbox 131 1630 240 1671; x_wconf 87' lang='lat' dir='ltr'><strong>quae</strong></span> <span class='ocrx_word' id='word_1_243' title='bbox 264 1613 488 1668; x_wconf 75' lang='lat' dir='ltr'><strong>Deijussu</strong></span> <span class='ocrx_word' id='word_1_244' title='bbox 508 1613 705 1653; x_wconf 84' lang='lat' dir='ltr'><strong>nuntium</strong></span> <span class='ocrx_word' id='word_1_245' title='bbox 727 1611 941 1667; x_wconf 82' lang='lat' dir='ltr'><strong>perlatum</strong></span> <span class='ocrx_word' id='word_1_246' title='bbox 962 1625 1080 1662; x_wconf 86' lang='lat' dir='ltr'><strong>esse,</strong></span> <span class='ocrx_word' id='word_1_247' title='bbox 1124 1611 1192 1651; x_wconf 91' lang='lat' dir='ltr'><strong>cui</strong></span> <span class='ocrx_word' id='word_1_248' title='bbox 1221 1610 1426 1666; x_wconf 85' lang='lat' dir='ltr'><strong>perpauci</strong></span> <span class='ocrx_word' id='word_1_249' title='bbox 1455 1608 1583 1650; x_wconf 87' lang='lat' dir='ltr'><strong>lidem</strong></span> 
     </span>
     <span class='ocr_line' id='line_1_27' title="bbox 128 1662 1584 1721; baseline -0.004 -9"><span class='ocrx_word' id='word_1_250' title='bbox 128 1671 386 1721; x_wconf 87' lang='lat' dir='ltr'><strong>habuerint,</strong></span> <span class='ocrx_word' id='word_1_251' title='bbox 417 1668 567 1709; x_wconf 85' lang='lat' dir='ltr'><strong>doceat</strong></span> <span class='ocrx_word' id='word_1_252' title='bbox 589 1668 849 1708; x_wconf 82' lang='lat' dir='ltr'><strong>senteutiam</strong></span> <span class='ocrx_word' id='word_1_253' title='bbox 875 1662 898 1721; x_wconf 69' lang='grc' dir='ltr'>ἡ</span> <span class='ocrx_word' id='word_1_254' title='bbox 931 1668 978 1707; x_wconf 69' lang='grc' dir='ltr'><strong>δὲ</strong></span> <span class='ocrx_word' id='word_1_255' title='bbox 1008 1665 1119 1720; x_wconf 72' lang='grc' dir='ltr'><em>ἀκοὴ</em></span> <span class='ocrx_word' id='word_1_256' title='bbox 1151 1663 1224 1707; x_wconf 70' lang='grc' dir='ltr'><strong>διὰ</strong></span> <span class='ocrx_word' id='word_1_257' title='bbox 1252 1666 1446 1721; x_wconf 73' lang='grc' dir='ltr'><em>ῥήματος</em></span> <span class='ocrx_word' id='word_1_258' title='bbox 1470 1663 1584 1706; x_wconf 71' lang='grc' dir='ltr'><em>θεοῦ</em></span> 
     </span>
     <span class='ocr_line' id='line_1_28' title="bbox 128 1719 1583 1777; baseline -0.004 -9"><span class='ocrx_word' id='word_1_259' title='bbox 128 1727 326 1769; x_wconf 77' lang='lat' dir='ltr'><strong>effecisse</strong></span> <span class='ocrx_word' id='word_1_260' title='bbox 347 1726 533 1766; x_wconf 86' lang='lat' dir='ltr'><strong>censuit.</strong></span> <span class='ocrx_word' id='word_1_261' title='bbox 590 1724 733 1766; x_wconf 87' lang='lat' dir='ltr'><strong>Citius</strong></span> <span class='ocrx_word' id='word_1_262' title='bbox 755 1737 795 1766; x_wconf 84' lang='lat' dir='ltr'><strong>v.</strong></span> <span class='ocrx_word' id='word_1_263' title='bbox 826 1719 849 1776; x_wconf 81' lang='grc' dir='ltr'>ἡ</span> <span class='ocrx_word' id='word_1_264' title='bbox 880 1723 927 1764; x_wconf 72' lang='grc' dir='ltr'><strong>δὲ</strong></span> <span class='ocrx_word' id='word_1_265' title='bbox 955 1721 1063 1777; x_wconf 75' lang='grc' dir='ltr'><em>ἀκοὴ</em></span> <span class='ocrx_word' id='word_1_266' title='bbox 1093 1720 1168 1763; x_wconf 78' lang='grc' dir='ltr'><strong>διὰ</strong></span> <span class='ocrx_word' id='word_1_267' title='bbox 1199 1719 1393 1776; x_wconf 66' lang='grc' dir='ltr'><em>ῥήματος</em></span> <span class='ocrx_word' id='word_1_268' title='bbox 1418 1722 1530 1763; x_wconf 72' lang='grc' dir='ltr'><em>θεοῦ</em></span> <span class='ocrx_word' id='word_1_269' title='bbox 1558 1734 1583 1762; x_wconf 84' lang='lat' dir='ltr'><strong>e</strong></span> 
     </span>
     <span class='ocr_line' id='line_1_29' title="bbox 131 1774 1581 1832; baseline -0.005 -7"><span class='ocrx_word' id='word_1_270' title='bbox 131 1798 247 1826; x_wconf 77' lang='lat' dir='ltr'><strong>voco.</strong></span> <span class='ocrx_word' id='word_1_271' title='bbox 278 1798 318 1826; x_wconf 75' lang='lat' dir='ltr'><strong>v.</strong></span> <span class='ocrx_word' id='word_1_272' title='bbox 352 1784 420 1825; x_wconf 84' lang='lat'><strong>16.</strong></span> <span class='ocrx_word' id='word_1_273' title='bbox 447 1777 537 1821; x_wconf 74' lang='grc' dir='ltr'><strong>ἀλλ’</strong></span> <span class='ocrx_word' id='word_1_274' title='bbox 572 1778 623 1821; x_wconf 79' lang='grc' dir='ltr'><em>οὗ</em></span> <span class='ocrx_word' id='word_1_275' title='bbox 652 1777 812 1827; x_wconf 69' lang='grc' dir='ltr'><em>πάντες</em></span> <span class='ocrx_word' id='word_1_276' title='bbox 843 1774 1096 1832; x_wconf 70' lang='grc' dir='ltr'>ὑπήκουσαν</span> <span class='ocrx_word' id='word_1_277' title='bbox 1123 1778 1185 1832; x_wconf 75' lang='grc' dir='ltr'><strong>τῷ</strong></span> <span class='ocrx_word' id='word_1_278' title='bbox 1214 1775 1450 1832; x_wconf 73' lang='grc' dir='ltr'><em>εὐαγγελίῳ</em></span> <span class='ocrx_word' id='word_1_279' title='bbox 1483 1776 1581 1830; x_wconf 85' lang='lat' dir='ltr'><strong>(sed</strong></span> 
     </span>
     <span class='ocr_line' id='line_1_30' title="bbox 133 1833 1585 1894; baseline -0.006 -13"><span class='ocrx_word' id='word_1_280' title='bbox 133 1855 216 1882; x_wconf 91' lang='lat' dir='ltr'><strong>non</strong></span> <span class='ocrx_word' id='word_1_281' title='bbox 241 1854 387 1880; x_wconf 85' lang='lat' dir='ltr'><strong>omnes</strong></span> <span class='ocrx_word' id='word_1_282' title='bbox 409 1837 566 1894; x_wconf 77' lang='lat' dir='ltr'><strong>pagani</strong></span> <span class='ocrx_word' id='word_1_283' title='bbox 588 1835 812 1876; x_wconf 84' lang='lat' dir='ltr'><strong>doetrinae</strong></span> <span class='ocrx_word' id='word_1_284' title='bbox 833 1850 858 1876; x_wconf 82' lang='lat' dir='ltr'><strong>n</strong></span> <span class='ocrx_word' id='word_1_285' title='bbox 879 1834 1080 1876; x_wconf 68' lang='lat' dir='ltr'><strong>(livinitus</strong></span> <span class='ocrx_word' id='word_1_286' title='bbox 1099 1834 1238 1874; x_wconf 74' lang='lat' dir='ltr'><strong>missis</strong></span> <span class='ocrx_word' id='word_1_287' title='bbox 1255 1833 1474 1888; x_wconf 71' lang='lat' dir='ltr'><strong>maye&#39;stris</strong></span> <span class='ocrx_word' id='word_1_288' title='bbox 1491 1837 1585 1874; x_wconf 86' lang='lat' dir='ltr'><strong>tra-</strong></span> 
     </span>
     <span class='ocr_line' id='line_1_31' title="bbox 130 1888 1584 1952; baseline -0.004 -15"><span class='ocrx_word' id='word_1_289' title='bbox 130 1897 246 1938; x_wconf 80' lang='lat' dir='ltr'><strong>ditae</strong></span> <span class='ocrx_word' id='word_1_290' title='bbox 269 1901 521 1952; x_wconf 81' lang='lat' dir='ltr'><strong>parueruut)</strong></span> <span class='ocrx_word' id='word_1_291' title='bbox 543 1894 720 1933; x_wconf 80' lang='lat' dir='ltr'><strong>collecta</strong></span> <span class='ocrx_word' id='word_1_292' title='bbox 745 1906 843 1932; x_wconf 87' lang='lat' dir='ltr'><strong>esse</strong></span> <span class='ocrx_word' id='word_1_293' title='bbox 865 1890 1101 1933; x_wconf 84' lang='lat' dir='ltr'><strong>crederem.</strong></span> <span class='ocrx_word' id='word_1_294' title='bbox 1160 1888 1248 1931; x_wconf 89' lang='lat' dir='ltr'><strong>Sed</strong></span> <span class='ocrx_word' id='word_1_295' title='bbox 1274 1888 1321 1932; x_wconf 85' lang='lat' dir='ltr'><strong>P.</strong></span> <span class='ocrx_word' id='word_1_296' title='bbox 1343 1903 1390 1929; x_wconf 87' lang='lat' dir='ltr'><strong>ea</strong></span> <span class='ocrx_word' id='word_1_297' title='bbox 1422 1903 1584 1931; x_wconf 82' lang='lat' dir='ltr'><strong>memor</strong></span> 
     </span>
     <span class='ocr_line' id='line_1_32' title="bbox 129 1943 1582 2004; baseline -0.006 -10"><span class='ocrx_word' id='word_1_298' title='bbox 129 1960 228 1994; x_wconf 85' lang='lat' dir='ltr'><strong>ante</strong></span> <span class='ocrx_word' id='word_1_299' title='bbox 252 1967 293 1995; x_wconf 72' lang='lat' dir='ltr'><strong>v.</strong></span> <span class='ocrx_word' id='word_1_300' title='bbox 317 1952 384 1994; x_wconf 85' lang='lat'><strong>15.</strong></span> <span class='ocrx_word' id='word_1_301' title='bbox 403 1950 616 1992; x_wconf 82' lang='lat' dir='ltr'><strong>dictorum</strong></span> <span class='ocrx_word' id='word_1_302' title='bbox 646 1949 764 2004; x_wconf 80' lang='grc' dir='ltr'>(πῶς</span> <span class='ocrx_word' id='word_1_303' title='bbox 791 1948 838 1989; x_wconf 77' lang='grc' dir='ltr'><strong>δὲ</strong></span> <span class='ocrx_word' id='word_1_304' title='bbox 864 1944 1144 2002; x_wconf 74' lang='grc' dir='ltr'><em>κηρύξουσιν,</em></span> <span class='ocrx_word' id='word_1_305' title='bbox 1186 1943 1262 1987; x_wconf 76' lang='grc' dir='ltr'><strong>ἐὰν</strong></span> <span class='ocrx_word' id='word_1_306' title='bbox 1287 1943 1348 2002; x_wconf 74' lang='grc' dir='ltr'><strong>μὴ</strong></span> <span class='ocrx_word' id='word_1_307' title='bbox 1379 1943 1582 1986; x_wconf 76' lang='grc' dir='ltr'><em>ἀποστα-</em></span> 
     </span>
     <span class='ocr_line' id='line_1_33' title="bbox 129 2001 1583 2064; baseline -0.004 -13"><span class='ocrx_word' id='word_1_308' title='bbox 129 2010 285 2060; x_wconf 75' lang='grc' dir='ltr'>λῶσις)</span> <span class='ocrx_word' id='word_1_309' title='bbox 316 2006 431 2064; x_wconf 90' lang='lat' dir='ltr'><strong>quod</strong></span> <span class='ocrx_word' id='word_1_310' title='bbox 450 2006 542 2047; x_wconf 76' lang='lat' dir='ltr'><strong>dixi</strong></span> <span class='ocrx_word' id='word_1_311' title='bbox 562 2005 789 2046; x_wconf 87' lang='lat' dir='ltr'><strong>consilium</strong></span> <span class='ocrx_word' id='word_1_312' title='bbox 811 2011 1024 2058; x_wconf 77' lang='lat' dir='ltr'><strong>sequutus</strong></span> <span class='ocrx_word' id='word_1_313' title='bbox 1047 2002 1140 2057; x_wconf 88' lang='lat' dir='ltr'><strong>ipse</strong></span> <span class='ocrx_word' id='word_1_314' title='bbox 1169 2001 1352 2060; x_wconf 82' lang='lat' dir='ltr'><strong>adjecit,</strong></span> <span class='ocrx_word' id='word_1_315' title='bbox 1392 2007 1440 2042; x_wconf 83' lang='lat' dir='ltr'><strong>ut</strong></span> <span class='ocrx_word' id='word_1_316' title='bbox 1471 2001 1583 2045; x_wconf 81' lang='lat' dir='ltr'><strong>nulli</strong></span> 
     </span>
     <span class='ocr_line' id='line_1_34' title="bbox 128 2056 1581 2114; baseline -0.006 -7"><span class='ocrx_word' id='word_1_317' title='bbox 128 2064 392 2107; x_wconf 84' lang='lat' dir='ltr'><strong>dubitationi</strong></span> <span class='ocrx_word' id='word_1_318' title='bbox 415 2063 627 2105; x_wconf 86' lang='lat' dir='ltr'><strong>obnoxia:</strong></span> <span class='ocrx_word' id='word_1_319' title='bbox 654 2061 781 2102; x_wconf 78' lang='lat' dir='ltr'><strong>fidem</strong></span> <span class='ocrx_word' id='word_1_320' title='bbox 804 2061 938 2114; x_wconf 84' lang='lat' dir='ltr'><strong>igitur</strong></span> <span class='ocrx_word' id='word_1_321' title='bbox 960 2073 1010 2100; x_wconf 85' lang='lat' dir='ltr'><strong>ex</strong></span> <span class='ocrx_word' id='word_1_322' title='bbox 1032 2059 1165 2099; x_wconf 83' lang='lat' dir='ltr'><strong>allato</strong></span> <span class='ocrx_word' id='word_1_323' title='bbox 1186 2058 1338 2099; x_wconf 85' lang='lat' dir='ltr'><strong>nuntio</strong></span> <span class='ocrx_word' id='word_1_324' title='bbox 1363 2057 1482 2099; x_wconf 88' lang='lat' dir='ltr'><strong>nasci</strong></span> <span class='ocrx_word' id='word_1_325' title='bbox 1503 2056 1581 2100; x_wconf 89' lang='lat' dir='ltr'><strong>Je-</strong></span> 
     </span>
     <span class='ocr_line' id='line_1_35' title="bbox 130 2113 1581 2179; baseline -0.006 -17"><span class='ocrx_word' id='word_1_326' title='bbox 130 2121 250 2179; x_wconf 87' lang='lat' dir='ltr'><strong>sajae</strong></span> <span class='ocrx_word' id='word_1_327' title='bbox 272 2136 312 2164; x_wconf 81' lang='lat' dir='ltr'><strong>v,</strong></span> <span class='ocrx_word' id='word_1_328' title='bbox 335 2135 375 2162; x_wconf 70' lang='grc' dir='ltr'><strong>ν.</strong></span> <span class='ocrx_word' id='word_1_329' title='bbox 396 2122 464 2162; x_wconf 92' lang='grc'><strong>16.</strong></span> <span class='ocrx_word' id='word_1_330' title='bbox 484 2119 754 2173; x_wconf 81' lang='lat' dir='ltr'><strong>significant:</strong></span> <span class='ocrx_word' id='word_1_331' title='bbox 785 2117 964 2158; x_wconf 87' lang='lat' dir='ltr'><strong>nuntius</strong></span> <span class='ocrx_word' id='word_1_332' title='bbox 984 2120 1124 2156; x_wconf 85' lang='lat' dir='ltr'><strong>autem</strong></span> <span class='ocrx_word' id='word_1_333' title='bbox 1148 2119 1195 2155; x_wconf 85' lang='lat' dir='ltr'><strong>ut</strong></span> <span class='ocrx_word' id='word_1_334' title='bbox 1213 2115 1460 2170; x_wconf 78' lang='lat' dir='ltr'><strong>perferatur</strong></span> <span class='ocrx_word' id='word_1_335' title='bbox 1477 2113 1581 2168; x_wconf 85' lang='lat' dir='ltr'><strong>(hoc</strong></span> 
     </span>
     <span class='ocr_line' id='line_1_36' title="bbox 127 2169 1581 2235; baseline -0.007 -15"><span class='ocrx_word' id='word_1_336' title='bbox 127 2171 224 2235; x_wconf 65' lang='lat' dir='ltr'><strong>ip&#39;se</strong></span> <span class='ocrx_word' id='word_1_337' title='bbox 245 2176 355 2218; x_wconf 88' lang='lat' dir='ltr'><strong>addo</strong></span> <span class='ocrx_word' id='word_1_338' title='bbox 377 2189 509 2232; x_wconf 86' lang='lat' dir='ltr'><strong>supra</strong></span> <span class='ocrx_word' id='word_1_339' title='bbox 533 2190 572 2218; x_wconf 74' lang='grc' dir='ltr'><strong>ν.</strong></span> <span class='ocrx_word' id='word_1_340' title='bbox 588 2175 654 2218; x_wconf 85' lang='grc'><strong>15.</strong></span> <span class='ocrx_word' id='word_1_341' title='bbox 674 2174 803 2215; x_wconf 89' lang='lat' dir='ltr'><strong>dictis</strong></span> <span class='ocrx_word' id='word_1_342' title='bbox 817 2174 856 2213; x_wconf 90' lang='lat' dir='ltr'><strong>in</strong></span> <span class='ocrx_word' id='word_1_343' title='bbox 872 2172 1120 2213; x_wconf 86' lang='lat' dir='ltr'><strong>memoriam</strong></span> <span class='ocrx_word' id='word_1_344' title='bbox 1135 2170 1346 2223; x_wconf 87' lang='lat' dir='ltr'><strong>reductis)</strong></span> <span class='ocrx_word' id='word_1_345' title='bbox 1358 2169 1442 2212; x_wconf 88' lang='lat' dir='ltr'><strong>Dei</strong></span> <span class='ocrx_word' id='word_1_346' title='bbox 1458 2183 1581 2211; x_wconf 82' lang='lat' dir='ltr'><strong>man-</strong></span> 
     </span>
     <span class='ocr_line' id='line_1_37' title="bbox 127 2225 1578 2287; baseline -0.008 -11"><span class='ocrx_word' id='word_1_347' title='bbox 127 2234 317 2278; x_wconf 69' lang='lat' dir='ltr'><strong>daiooef.</strong></span> <span class='ocrx_word' id='word_1_348' title='bbox 337 2233 484 2287; x_wconf 77' lang='lat' dir='ltr'><strong>Beza,</strong></span> <span class='ocrx_word' id='word_1_349' title='bbox 515 2230 741 2284; x_wconf 66' lang='lat' dir='ltr'><strong>Piscator„</strong></span> <span class='ocrx_word' id='word_1_350' title='bbox 771 2231 920 2281; x_wconf 69' lang='lat' dir='ltr'><strong>matt„</strong></span> <span class='ocrx_word' id='word_1_351' title='bbox 948 2228 1133 2279; x_wconf 66' lang='lat' dir='ltr'><strong>Reichle„</strong></span> <span class='ocrx_word' id='word_1_352' title='bbox 1163 2227 1354 2282; x_wconf 72' lang='lat' dir='ltr'><strong>Meyer.)</strong></span> <span class='ocrx_word' id='word_1_353' title='bbox 1372 2225 1578 2270; x_wconf 77' lang='lat' dir='ltr'><strong>eflicitur.</strong></span> 
     </span>
     <span class='ocr_line' id='line_1_38' title="bbox 130 2281 1579 2344; baseline -0.007 -12"><span class='ocrx_word' id='word_1_354' title='bbox 130 2291 180 2332; x_wconf 89' lang='lat' dir='ltr'><strong>Si</strong></span> <span class='ocrx_word' id='word_1_355' title='bbox 210 2289 326 2344; x_wconf 66' lang='grc' dir='ltr'><strong>ῥῆμα</strong></span> <span class='ocrx_word' id='word_1_356' title='bbox 351 2289 464 2330; x_wconf 68' lang='grc' dir='ltr'><em>θεοῦ</em></span> <span class='ocrx_word' id='word_1_357' title='bbox 494 2287 729 2329; x_wconf 78' lang='lat' dir='ltr'><strong>doctrinam</strong></span> <span class='ocrx_word' id='word_1_358' title='bbox 758 2286 941 2326; x_wconf 66' lang='lat' dir='ltr'><strong>(Iit-inam</strong></span> <span class='ocrx_word' id='word_1_359' title='bbox 970 2284 1101 2340; x_wconf 79' lang='lat' dir='ltr'><strong>(Eph.</strong></span> <span class='ocrx_word' id='word_1_360' title='bbox 1131 2285 1303 2333; x_wconf 84' lang='lat'><strong>6,17.)‚</strong></span> <span class='ocrx_word' id='word_1_361' title='bbox 1340 2281 1579 2323; x_wconf 73' lang='lat' dir='ltr'><strong>doctrinam</strong></span> 
     </span>
     <span class='ocr_line' id='line_1_39' title="bbox 130 2337 1578 2400; baseline -0.007 -12"><span class='ocrx_word' id='word_1_362' title='bbox 130 2362 157 2388; x_wconf 79' lang='lat' dir='ltr'><strong>a</strong></span> <span class='ocrx_word' id='word_1_363' title='bbox 178 2347 268 2387; x_wconf 81' lang='lat' dir='ltr'><strong>Deo</strong></span> <span class='ocrx_word' id='word_1_364' title='bbox 285 2344 568 2400; x_wconf 73' lang='lat' dir='ltr'><strong>patefaciam,</strong></span> <span class='ocrx_word' id='word_1_365' title='bbox 598 2343 683 2384; x_wconf 76' lang='lat' dir='ltr'><strong>Dei</strong></span> <span class='ocrx_word' id='word_1_366' title='bbox 700 2342 896 2395; x_wconf 31' lang='lat' dir='ltr'><strong>‹Io-(smum</strong></span> <span class='ocrx_word' id='word_1_367' title='bbox 914 2346 953 2381; x_wconf 81' lang='lat' dir='ltr'><strong>et</strong></span> <span class='ocrx_word' id='word_1_368' title='bbox 975 2345 1203 2394; x_wconf 72' lang='lat' dir='ltr'><strong>praecepta</strong></span> <span class='ocrx_word' id='word_1_369' title='bbox 1224 2338 1431 2394; x_wconf 81' lang='lat' dir='ltr'><strong>(Boehm.‚</strong></span> <span class='ocrx_word' id='word_1_370' title='bbox 1465 2337 1578 2379; x_wconf 76' lang='lat' dir='ltr'><strong>Tko-</strong></span> 
     </span>
     <span class='ocr_line' id='line_1_40' title="bbox 127 2395 1578 2453; baseline -0.008 -9"><span class='ocrx_word' id='word_1_371' title='bbox 127 2403 253 2450; x_wconf 63' lang='grc' dir='ltr'><em>ἵκεο,</em></span> <span class='ocrx_word' id='word_1_372' title='bbox 289 2400 437 2443; x_wconf 72' lang='grc' dir='ltr'><strong>Ιέοῖεῇ.</strong></span> <span class='ocrx_word' id='word_1_373' title='bbox 466 2400 546 2452; x_wconf 84' lang='lat' dir='ltr'><strong>al.)</strong></span> <span class='ocrx_word' id='word_1_374' title='bbox 572 2398 856 2453; x_wconf 67' lang='lat' dir='ltr'><strong>explicueris,</strong></span> <span class='ocrx_word' id='word_1_375' title='bbox 905 2396 1119 2436; x_wconf 70' lang='lat' dir='ltr'><strong>sententia</strong></span> <span class='ocrx_word' id='word_1_376' title='bbox 1153 2409 1234 2435; x_wconf 91' lang='lat' dir='ltr'><strong>non</strong></span> <span class='ocrx_word' id='word_1_377' title='bbox 1270 2395 1375 2434; x_wconf 85' lang='lat' dir='ltr'><strong>hene</strong></span> <span class='ocrx_word' id='word_1_378' title='bbox 1404 2407 1578 2449; x_wconf 90' lang='lat' dir='ltr'><strong>compa-</strong></span> 
     </span>
     <span class='ocr_line' id='line_1_41' title="bbox 129 2447 1578 2511; baseline -0.007 -12"><span class='ocrx_word' id='word_1_379' title='bbox 129 2464 222 2499; x_wconf 84' lang='lat' dir='ltr'><strong>rata</strong></span> <span class='ocrx_word' id='word_1_380' title='bbox 244 2452 333 2509; x_wconf 84' lang='lat' dir='ltr'><strong>est,</strong></span> <span class='ocrx_word' id='word_1_381' title='bbox 372 2454 718 2511; x_wconf 86' lang='lat' dir='ltr'><strong>quandoquidem</strong></span> <span class='ocrx_word' id='word_1_382' title='bbox 749 2448 772 2507; x_wconf 80' lang='grc' dir='ltr'>ἡ</span> <span class='ocrx_word' id='word_1_383' title='bbox 804 2449 914 2507; x_wconf 73' lang='grc' dir='ltr'><em>ἀκοή</em></span> <span class='ocrx_word' id='word_1_384' title='bbox 946 2466 1027 2493; x_wconf 92' lang='lat' dir='ltr'><strong>non</strong></span> <span class='ocrx_word' id='word_1_385' title='bbox 1058 2466 1107 2491; x_wconf 85' lang='lat' dir='ltr'><strong>ex</strong></span> <span class='ocrx_word' id='word_1_386' title='bbox 1138 2451 1231 2507; x_wconf 73' lang='lat' dir='ltr'><strong>ipszi</strong></span> <span class='ocrx_word' id='word_1_387' title='bbox 1252 2449 1337 2491; x_wconf 91' lang='lat' dir='ltr'><strong>Dei</strong></span> <span class='ocrx_word' id='word_1_388' title='bbox 1365 2447 1578 2498; x_wconf 66' lang='lat' dir='ltr'><strong>doctrina,</strong></span> 
     </span>
     <span class='ocr_line' id='line_1_42' title="bbox 130 2505 1576 2570; baseline -0.007 -15"><span class='ocrx_word' id='word_1_389' title='bbox 130 2513 208 2555; x_wconf 89' lang='lat' dir='ltr'><strong>sed</strong></span> <span class='ocrx_word' id='word_1_390' title='bbox 235 2527 287 2554; x_wconf 77' lang='lat' dir='ltr'><strong>ex</strong></span> <span class='ocrx_word' id='word_1_391' title='bbox 319 2512 412 2570; x_wconf 79' lang='lat' dir='ltr'><strong>ejus</strong></span> <span class='ocrx_word' id='word_1_392' title='bbox 442 2511 668 2553; x_wconf 84' lang='lat' dir='ltr'><strong>doctrinae</strong></span> <span class='ocrx_word' id='word_1_393' title='bbox 688 2509 948 2563; x_wconf 65' lang='lat' dir='ltr'><strong>expositione</strong></span> <span class='ocrx_word' id='word_1_394' title='bbox 968 2508 1182 2557; x_wconf 80' lang='lat' dir='ltr'><strong>nascitur3</strong></span> <span class='ocrx_word' id='word_1_395' title='bbox 1222 2506 1289 2548; x_wconf 82' lang='lat' dir='ltr'><strong>sin</strong></span> <span class='ocrx_word' id='word_1_396' title='bbox 1314 2505 1432 2561; x_wconf 73' lang='grc' dir='ltr'><strong>ῥῆμα</strong></span> <span class='ocrx_word' id='word_1_397' title='bbox 1461 2505 1576 2546; x_wconf 71' lang='grc' dir='ltr'><em>θεοῦ</em></span> 
     </span>
     <span class='ocr_line' id='line_1_43' title="bbox 132 2561 1574 2621; baseline -0.005 -10"><span class='ocrx_word' id='word_1_398' title='bbox 132 2570 400 2611; x_wconf 71' lang='lat' dir='ltr'><strong>traditam</strong></span> <span class='ocrx_word' id='word_1_399' title='bbox 435 2573 474 2609; x_wconf 85' lang='lat' dir='ltr'><strong>et</strong></span> <span class='ocrx_word' id='word_1_400' title='bbox 517 2566 821 2621; x_wconf 64' lang='lat' dir='ltr'><strong>expositam</strong></span> <span class='ocrx_word' id='word_1_401' title='bbox 853 2565 938 2606; x_wconf 61' lang='lat' dir='ltr'><strong>Dei</strong></span> <span class='ocrx_word' id='word_1_402' title='bbox 973 2565 1206 2605; x_wconf 74' lang='lat' dir='ltr'><strong>doctrinam</strong></span> <span class='ocrx_word' id='word_1_403' title='bbox 1234 2561 1418 2602; x_wconf 81' lang='lat' dir='ltr'><strong>verteris</strong></span> <span class='ocrx_word' id='word_1_404' title='bbox 1447 2561 1574 2615; x_wconf 79' lang='lat' dir='ltr'><strong>(Chr.</strong></span> 
     </span>
     <span class='ocr_line' id='line_1_44' title="bbox 133 2615 1572 2678; baseline -0.008 -11"><span class='ocrx_word' id='word_1_405' title='bbox 133 2627 202 2667; x_wconf 82' lang='lat' dir='ltr'><strong>Fr.</strong></span> <span class='ocrx_word' id='word_1_406' title='bbox 224 2625 432 2678; x_wconf 56' lang='lat' dir='ltr'><strong>Schmid„</strong></span> <span class='ocrx_word' id='word_1_407' title='bbox 461 2623 559 2665; x_wconf 80' lang='lat' dir='ltr'><strong>ch.</strong></span> <span class='ocrx_word' id='word_1_408' title='bbox 577 2624 658 2675; x_wconf 83' lang='lat' dir='ltr'><strong>al.)</strong></span> <span class='ocrx_word' id='word_1_409' title='bbox 678 2621 874 2678; x_wconf 85' lang='lat' dir='ltr'><strong>precario</strong></span> <span class='ocrx_word' id='word_1_410' title='bbox 895 2621 1048 2660; x_wconf 80' lang='lat' dir='ltr'><strong>seceris</strong></span> <span class='ocrx_word' id='word_1_411' title='bbox 1073 2623 1189 2672; x_wconf 86' lang='lat' dir='ltr'><strong>(nam</strong></span> <span class='ocrx_word' id='word_1_412' title='bbox 1210 2615 1326 2673; x_wconf 77' lang='grc' dir='ltr'><em>ῥήμα</em></span> <span class='ocrx_word' id='word_1_413' title='bbox 1343 2619 1454 2659; x_wconf 68' lang='grc' dir='ltr'><em>θεοῦ</em></span> <span class='ocrx_word' id='word_1_414' title='bbox 1478 2631 1572 2658; x_wconf 87' lang='lat' dir='ltr'><strong>cum</strong></span> 
     </span>
     <span class='ocr_line' id='line_1_45' title="bbox 134 2674 1575 2734; baseline -0.006 -12"><span class='ocrx_word' id='word_1_415' title='bbox 134 2695 233 2722; x_wconf 77' lang='lat' dir='ltr'><strong>voce</strong></span> <span class='ocrx_word' id='word_1_416' title='bbox 253 2679 302 2721; x_wconf 77' lang='grc' dir='ltr'><strong>τὸ</strong></span> <span class='ocrx_word' id='word_1_417' title='bbox 321 2678 517 2734; x_wconf 59' lang='grc' dir='ltr'><strong>κήρυγμα</strong></span> <span class='ocrx_word' id='word_1_418' title='bbox 536 2679 804 2732; x_wconf 77' lang='lat' dir='ltr'><strong>confuderis)</strong></span> <span class='ocrx_word' id='word_1_419' title='bbox 826 2684 869 2717; x_wconf 89' lang='lat' dir='ltr'><strong>et</strong></span> <span class='ocrx_word' id='word_1_420' title='bbox 893 2676 1176 2729; x_wconf 83' lang='lat' dir='ltr'><strong>tautologiam</strong></span> <span class='ocrx_word' id='word_1_421' title='bbox 1201 2675 1242 2714; x_wconf 92' lang='lat' dir='ltr'><strong>in</strong></span> <span class='ocrx_word' id='word_1_422' title='bbox 1266 2675 1374 2714; x_wconf 89' lang='lat' dir='ltr'><strong>hunc</strong></span> <span class='ocrx_word' id='word_1_423' title='bbox 1395 2674 1425 2715; x_wconf 85' lang='lat' dir='ltr'><strong>l.</strong></span> <span class='ocrx_word' id='word_1_424' title='bbox 1457 2674 1575 2714; x_wconf 85' lang='lat' dir='ltr'><strong>intu-</strong></span> 
     </span>
     <span class='ocr_line' id='line_1_46' title="bbox 132 2729 1573 2789; baseline -0.006 -11"><span class='ocrx_word' id='word_1_425' title='bbox 132 2738 262 2779; x_wconf 82' lang='lat' dir='ltr'><strong>leris:</strong></span> <span class='ocrx_word' id='word_1_426' title='bbox 281 2735 418 2778; x_wconf 75' lang='lat' dir='ltr'><strong>nmaiii</strong></span> <span class='ocrx_word' id='word_1_427' title='bbox 437 2735 621 2788; x_wconf 79' lang='lat' dir='ltr'><strong>acceptio</strong></span> <span class='ocrx_word' id='word_1_428' title='bbox 638 2733 687 2787; x_wconf 80' lang='lat' dir='ltr'><strong>sit</strong></span> <span class='ocrx_word' id='word_1_429' title='bbox 706 2748 784 2789; x_wconf 81' lang='lat' dir='ltr'><strong>per</strong></span> <span class='ocrx_word' id='word_1_430' title='bbox 800 2733 990 2774; x_wconf 77' lang='lat' dir='ltr'><strong>nuntium</strong></span> <span class='ocrx_word' id='word_1_431' title='bbox 1011 2740 1226 2784; x_wconf 80' lang='lat' dir='ltr'><strong>acceptum</strong></span> <span class='ocrx_word' id='word_1_432' title='bbox 1243 2730 1305 2784; x_wconf 88' lang='lat' dir='ltr'><strong>(v.</strong></span> <span class='ocrx_word' id='word_1_433' title='bbox 1316 2729 1573 2782; x_wconf 58' lang='lat' dir='ltr'><strong>Meyer-um).</strong></span> 
     </span>
     <span class='ocr_line' id='line_1_47' title="bbox 136 2787 1576 2846; baseline -0.007 -10"><span class='ocrx_word' id='word_1_434' title='bbox 136 2792 368 2836; x_wconf 76' lang='lat' dir='ltr'><strong>Praeterea</strong></span> <span class='ocrx_word' id='word_1_435' title='bbox 388 2789 440 2837; x_wconf 86' lang='lat' dir='ltr'><strong>P.</strong></span> <span class='ocrx_word' id='word_1_436' title='bbox 461 2804 590 2846; x_wconf 90' lang='lat' dir='ltr'><strong>quum</strong></span> <span class='ocrx_word' id='word_1_437' title='bbox 618 2790 692 2832; x_wconf 83' lang='grc' dir='ltr'><strong>ὸιά</strong></span> <span class='ocrx_word' id='word_1_438' title='bbox 720 2787 914 2845; x_wconf 73' lang='grc' dir='ltr'><em>ῥήματος</em></span> <span class='ocrx_word' id='word_1_439' title='bbox 939 2789 1051 2830; x_wconf 65' lang='grc' dir='ltr'><em>θεοῦ</em></span> <span class='ocrx_word' id='word_1_440' title='bbox 1081 2793 1282 2828; x_wconf 82' lang='lat' dir='ltr'><strong>exararet</strong></span> <span class='ocrx_word' id='word_1_441' title='bbox 1311 2798 1450 2842; x_wconf 90' lang='lat' dir='ltr'><strong>neque</strong></span> <span class='ocrx_word' id='word_1_442' title='bbox 1479 2798 1576 2828; x_wconf 84' lang='lat' dir='ltr'><strong>ver-</strong></span> 
     </span>
    </p>
   </div>
  </div>
 </body>
</html>
