1715 3115
166 157 253 201 346
450 159 831 205 EPISTOLA
861 163 964 207 AD
998 163 1356 209 ROMANOS

165 261 299 304 vertit
327 258 351 316 ἡ
387 257 640 317 ἠγαπημένη
667 264 744 318 (cl‘.
767 279 807 308 v.
832 266 941 322 13.)‚
972 267 1085 322 quod
1115 267 1265 312 LXX.
1294 269 1627 311 transtulissent

163 316 242 372 τὴν
263 316 509 373 Heque'rryv.
555 317 652 361 Hoc
674 335 750 362 eos
773 321 928 363 fecisse
948 329 1035 364 tum
1061 338 1111 364 ex
1132 340 1182 365 eo
1204 331 1346 380 patet,
1379 325 1490 380 quod
1513 324 1625 369 Hos.

164 387 202 416 c.
222 375 254 416 1.
277 381 319 414 et
350 375 391 416 22.
423 385 508 426 ἐτ-,τῇ
536 383 789 419 constanter
817 378 947 419 verbo
979 378 1112 421 ἐλεεῖν
1142 381 1427 423 reddiderunt
1451 381 1561 424 Hos.
1584 383 1626 434 l,

162 432 206 472 6.
236 430 278 473 8.
310 430 352 481 2,
385 434 423 472 l.
455 431 551 482 23„
588 438 678 474 tum
709 447 759 475 ex
793 436 814 474 1
847 434 970 478 l'etr.
1001 436 1043 487 2,
1078 438 1145 480 10.
1174 439 1330 480 elucet.
1419 437 1625 480 Vaticani

162 485 338 528 Codicis
363 487 492 528 lectio
521 488 595 529 καὶ
632 487 904 544 ἀγαπήσω
943 489 1021 546 τὴν
1057 489 1138 533 οὐκ
1176 492 1534 548 ἠγαπημένην
1573 508 1624 535 ex

160 543 242 583 hoc
266 541 316 586 P.
338 544 369 585 1.
391 543 596 588 manavit.
653 544 897 603 Prophetae
920 549 1008 589 tilia
1032 559 1154 593 mma
1181 549 1233 592 s'b
1268 547 1405 590 Paulo
1436 563 1522 590 non
1553 564 1625 591 so-

158 599 249 640 lum
271 600 475 656 populum
497 600 809 655 israeliticum,
840 604 914 645 sed
933 596 1091 657 ρίῑτιιη,τ
1110 593 1268 661 siquis
1289 603 1623 648 reconditiorem

159 656 248 696 loci
282 656 548 697 sententiam
591 659 794 716 amplecti
828 660 1054 711 maluerit,
1102 662 1282 715 yentz'les
1310 675 1388 719 per
1417 662 1623 716 ambages

157 710 354 753 indicare
375 712 567 757 videtur.
626 714 774 770 Vulgo
799 714 847 759 P.
869 732 906 760 v.
929 718 990 757 sic
1012 718 1253 773 explicant:
1283 717 1505 772 appellabo
1524 732 1623 760 eum

159 768 238 822 qui
267 783 350 809 nou
381 769 441 811 sit
469 784 590 812 meus
619 773 807 828 populus
841 775 1047 830 populum
1080 788 1220 815 meum
1249 780 1293 815 et
1312 788 1395 814 non
1418 773 1621 816 dilectam

156 823 378 869 dilectam.
465 825 553 869 Sed
582 827 661 870 hoc
681 836 804 885 pacto
840 831 1000 886 oblique
1025 836 1191 871 tantum
1223 829 1439 871 sententia
1470 829 1529 874 V.
1560 830 1621 875 Τ.

154 882 409 923 testimonio
439 885 760 939 comprobanda
791 900 829 928 v.
850 887 922 929 24.
955 885 1128 928 Hoseae
1159 887 1306 928 verbis
1336 886 1466 929 inest.
1525 883 1620 928 Ita-

156 951 242 994 que
265 938 447 979 Paulum
478 940 585 982 hanc
604 941 750 984 verbis
773 943 1031 984 sententiam
1053 943 1294 1000 subjecisse
1312 943 1527 985 arbitror:
1554 943 1621 984 in-

152 995 294 1037 vitabo
314 994 368 1035 ad
386 997 570 1039 salutem
592 998 849 1040 messianam
873 1014 967 1040 eum
991 999 1063 1055 qui
1087 1014 1170 1040 non
1194 1000 1253 1040 sit.
1282 1013 1400 1040 meus
1428 999 1618 1056 populus

153 1055 361 1107 tanquam
385 1066 521 1094 meum
543 1056 748 1112 populum
771 1061 815 1096 et
835 1070 917 1097 non
942 1055 1141 1096 dilectam
1166 1063 1211 1097 ut
1242 1055 1458 1097 dilectam.
1522 1054 1618 1096 Sci-

152 1107 259 1149 licet
280 1122 317 1150 v.
343 1107 429 1163 ἐρῶ
450 1125 512 1165 τῳ
545 1109 597 1154 οὔ
626 1110 721 1167 λαῷ
751 1127 857 1164 μου,
898 1111 1004 1160 λαός
1024 1127 1111 1163 μου
1130 1105 1169 1153 εἷ
1188 1110 1241 1154 σύ
1264 1113 1355 1167 Ap.
1377 1112 1617 1166 allegorica
1692 1166 1698 1173 ι

150 1164 448 1221 explicatione
476 1167 580 1208 inita
613 1169 677 1209 sic
705 1169 841 1224 cepit:
882 1169 943 1209 ita
974 1168 1112 1209 dicam
1141 1167 1204 1224 τῷ
1234 1167 1285 1210 οὗ
1306 1169 1398 1224 2.αῷ
1415 1183 1502 1221 μου
1522 1182 1616 1210 eum

151 1221 211 1263 ad
244 1221 502 1263 messianam
526 1223 780 1279 felicitatem
811 1225 1042 1268 invitando.
1103 1225 1160 1268 V.
1188 1226 1259 1267 26.
1311 1224 1528 1266 Continuo
1564 1223 1614 1267 P.

150 1277 286 1318 alium
300 1277 472 1329 Hoseae
491 1279 520 1324 l.
541 1279 668 1322 affert
688 1282 749 1335 (2,
764 1282 826 1334 l.)
848 1296 899 1322 ex
912 1280 1060 1324 LXX.
1075 1281 1410 1336 transscriptum
1433 1281 1616 1334 (1‚10.),

148 1334 241 1375 nisi
263 1334 377 1390 quod
402 1333 489 1377 ἐκεῖ
516 1343 616 1393 post
643 1331 766 1390 ὑμεῖς
794 1337 987 1378 additum
1017 1343 1084 1379 est
1114 1344 1158 1378 et
1179 1335 1309 1379 αὐτοί
1328 1342 1427 1392 post
1445 1334 1615 1392 κληθή-

149 1401 306 1432 σονται
334 1392 560 1437 omissum.
618 1391 670 1435 In
697 1393 843 1435 Hosea
874 1395 952 1435 boc
981 1393 1162 1436 dieitur:
1210 1407 1295 1449 quo
1322 1394 1354 1435 1.
1388 1390 1613 1436 Israelitis

147 1449 250 1502 (per
279 1449 558 1504 prophetam)
586 1449 747 1491 dictum
777 1455 845 1492 est
865 1451 926 1504 (in
953 1448 1247 1500 Palaestina):
1288 1463 1368 1490 non
1399 1449 1509 1491 estis
1534 1463 1612 1491 vos

146 1516 270 1545 meus
290 1506 499 1561 populus,
530 1519 605 1559 eo,
635 1521 765 1562 quum
791 1507 832 1548 iu
858 1507 1023 1563 patrias
1055 1507 1180 1547 sedes
1213 1506 1407 1547 restituti
1433 1505 1614 1558 suerint,

145 1558 232 1600 filii
256 1560 342 1602 Dei
367 1562 551 1603 viventis
580 1563 961 1618 nuncupabuntur.
1021 1562 1108 1604 Sed
1128 1561 1178 1605 P.
1203 1562 1299 1602 huic
1321 1575 1492 1616 quoque
1514 1563 1610 1603 loco

144 1615 330 1673 majoris
361 1617 427 1658 rei
456 1618 637 1672 figuram
674 1619 818 1659 inesse
852 1619 1092 1660 arbitratus
1139 1618 1271 1660 simul
1300 1617 1361 1658 ibi
1385 1617 1611 1672 mutilibus

144 1672 339 1713 divinum
363 1674 579 1726 favorem,
610 1683 657 1717 ut
676 1674 759 1716 fide
781 1674 957 1717 Christo
984 1675 1130 1716 habita
1161 1676 1364 1726 beentur,
1403 1674 1611 1730 sponderi

143 1729 350 1772 credidit.
389 1731 461 1770 καὶ
481 1728 627 1785 ἔσται]
678 1732 791 1772 Sunt
810 1745 848 1774 v.
872 1732 1110 1787 prophetae
1132 1736 1171 1773 et
1192 1731 1377 1780 ‹tc-cidem
1408 1731 1610 1785 sequitur

143 1786 361 1841 expositio
387 1782 631 1835 ἆσυνόέῑως
651 1787 817 1844 adjectu
840 1786 1138 1842 zlayotjoomaae
1162 1800 1309 1838 nempe
1329 1785 1608 1829 vocabuntur:

142 1845 228 1896 0:1²:
260 1857 364 1896 *17qu
390 1854 416 1868 ···
444 1855 562 1894 wrm.
632 1845 747 1886 Male
779 1843 917 1898 igitur
946 1844 1019 1884 καὶ
1039 1842 1177 1885 Paulo
1197 1842 1367 1882 tribuas
1388 1841 1452 1882 sic
1472 1841 1608 1882 inter-

142 1890 400 1954 pungeudo:
430 1889 605 1953 καῖ’(εο.
628 1899 786 1954 λέγει)·
819 1897 978 1940 ἔσται
997 1905 1080 1943 etc.
1111 1899 1269 1953 (Marc.
1289 1899 1331 1949 7,
1350 1899 1416 1940 10.
1451 1896 1606 1941 lTim.

140 1955 184 2008 5,
217 1958 322 2010 18.).
362 1956 405 1999 ἐν
430 1959 489 2011 τῷ
518 1955 644 2012 τόπῳ
668 1953 739 2010 οὗ]
770 1971 809 1998 v-
827 1957 931 1998 Act.
958 1957 998 2008 l,
1023 1956 1090 1999 13.
1120 1958 1161 2008 7,
1180 1956 1251 1998 29.
1286 1955 1350 2005 12,
1376 1955 1442 1996 12.
1473 1955 1542 2005 20,
1562 1953 1606 1997 8.

140 2019 186 2054 et
206 2014 409 2056 Bon-nem.
434 2013 582 2056 Schol.
611 2014 654 2054 in
676 2012 820 2054 Lucae
840 2012 916 2055 Ev.
939 2027 982 2068 p.
1004 2012 1118 2055 132..
1176 2009 1404 2066 Quomodo
1427 2007 1475 2054 P.
1496 2010 1606 2050 alla-

138 2073 184 2110 ta
207 2084 247 2112 v.
268 2071 310 2111 in
334 2085 423 2111 rem
449 2084 571 2111 suam
596 2069 885 2121 converterit,
916 2083 998 2109 uon
1022 2069 1131 2110 satis
1149 2070 1323 2124 planum
1342 2071 1426 2108 est.
1484 2064 1604 2107 Illud

137 2126 269 2167 facile
299 2126 591 2179 intelligitur,
629 2126 791 2183 aliquid
819 2125 858 2166 ei
894 2139 932 2168 ν.
972 2122 1016 2166 ἐν
1051 2126 1113 2179 τῷ
1144 2121 1269 2178 τόπῳ
1305 2117 1356 2165 οὗ
1397 2122 1604 2174 valuisse,

139 2183 256 2238 quod
279 2184 453 2235 negavit
472 2183 588 2235 dW.,
618 2196 759 2238 neque
781 2196 830 2223 ea
851 2180 1032 2223 Paulum
1056 2180 1306 2230 retinuisse,
1339 2192 1423 2233 quo
1444 2178 1601 2219 fortius

136 2237 283 2280 Deum
315 2240 445 2280 aliam
476 2239 562 2280 sibi
597 2245 781 2279 mentem
808 2239 853 2279 in
895 2238 1080 2291 gentiles
1124 2235 1318 2278 induisse
1355 2235 1603 2276 enuntiaret

136 2295 399 2349 (Tholucc.).
437 2294 642 2348 Meyer-us
665 2296 727 2336 sic
745 2294 992 2336 enarravit:
1022 2307 1107 2349 quo
1130 2294 1224 2334 loco
1243 2290 1482 2345 gentilibus
1502 2292 1602 2347 (per

136 2354 399 2451 prophetas)
425 2352 586 2393 dictum
617 2356 704 2393 est:
746 2365 828 2391 non
859 2350 967 2390 estis
997 2364 1071 2415 ⁸:⁰5.
1101 2362 1221 2414 meus
1251 2346 1598 2412 populus(h.·e.

134 2421 182 2449 ln
256 2409 515 2461 antestium,
553 2422 605 2449 eo
635 2408 666 2450 1.
693 2407 960 2450 vocabuntur
991 2406 1069 2446 mn
1106 2405 1187 2445 Dei
1221 2417 1310 2444 veri
1350 2402 1455 2456 (funt
1483 2416 1598 2444 emm

135 2463 396 2506 Palaestina
417 2464 624 2506 ecclesiae
645 2464 799 2505 christ.
833 2477 909 2503 arx
931 2464 1035 2504 Act.
1062 2462 1127 2504 15.
1156 2460 1254 2502 Gal.
1272 2459 1353 2511 2.).
1413 2457 1500 2499 Sed
1523 2458 1598 2500 ho·

135 2521 327 2562 minibus
360 2522 528 2577 potius,
564 2520 607 2563 h.
633 2535 668 2561 e.
699 2519 956 2575 Apostolis,
987 2517 1060 2573 qui
1084 2523 1230 2558 coetus
1254 2515 1599 2571 palaestinenses

134 2584 364 2632 regerent,
395 2592 521 2632 quam
545 2577 640 2618 loco
661 2580 825 2617 tantum
847 2589 868 2613 a
899 2575 946 2616 P.
968 2574 1178 2614 tributum
1199 2585 1296 2612 esse
1322 2570 1597 2615 crediderim.

133 2632 293 2689 Neque
317 2634 419 2674 haec
440 2633 654 2688 expositio
684 2632 787 2673 mihi
818 2630 1047 2686 probatur:
1077 2629 1150 2670 ubi
1174 2627 1411 2680 gentilibus
1434 2626 1595 2667 dictum

134 2694 203 2732 est
221 2693 316 2746 (up.
340 2703 416 2745 per
437 2688 628 2731 Judaeos
658 2689 699 2729 in
720 2693 965 2728 exterorum
985 2685 1118 2726 terris
1144 2683 1390 2739 dispersos,
1422 2683 1497 2738 qui
1519 2695 1595 2738 pa—

133 2761 272 2800 ganos
305 2760 328 2784 a
352 2746 448 2786 Deo
471 2745 634 2798 negligi
654 2741 1011 2794 contenderunt):
1051 2754 1132 2782 non
1152 2741 1260 2781 estis
1287 2753 1360 2780 vos
1382 2752 1502 2802 meus
1548 2752 1593 2803 ⁰:

136 2803 270 2859 pulus
291 2802 343 2858 (i.
363 2816 402 2845 e.
431 2801 474 2842 iu
496 2802 629 2842 terris
647 2799 912 2855 gentilium),
943 2797 1005 2839 ihi
1027 2796 1387 2852 nuncupabuutur
1405 2794 1488 2836 fini
1553 2807 1594 2836 ex
