1715 3115
192 175 252 217 ⁷4
475 174 853 220 EPISTOLA
884 175 985 219 AD
1014 175 1371 221 ROMANOS

187 281 381 326 Primas.
408 282 468 325 al.
503 276 528 336 ἦ
554 282 715 336 χάρις
739 279 840 323 τοῦ
866 279 1004 323 θεοῦ
1029 282 1037 337 Ι
1063 281 1115 326 F.
1149 282 1206 326 G.
1236 284 1397 326 Boern.
1424 277 1450 339 ἦ
1480 281 1643 339 χάρις

186 336 540 396 κυρίοιῖδιὰἸ.
567 340 648 392 Χρ.
678 336 757 378 τοῦ
785 336 938 391 κυρίου
965 333 1082 393 ἡμῶν
1108 341 1114 394 Ι
1141 337 1260 384 lren.
1278 341 1452 395 3,20,3.
1478 341 1589 394 legit
1614 338 1641 396 ἡ

181 394 308 451 χάρι
324 392 537 449 ςἸησοῦ
561 395 773 447 Χριστη
788 392 815 434 ὖ
833 392 913 434 τοῦ
933 392 1085 448 κυρίου
1107 390 1246 451 ἡμῶν,
1274 398 1359 438 nisi
1385 397 1498 438 forte
1527 396 1640 438 scri-

182 458 338 510 pturae
356 450 484 504 χάρις
500 448 561 503 τῷ
581 447 677 505 θεῷ
696 449 732 490 δ.
755 444 794 489 ¹1.
815 450 900 504 Χρ.
921 465 959 490 τ.
979 466 1016 490 κ.
1047 447 1086 504 ἦ.
1122 466 1294 494 sensum
1322 457 1538 522 utcunque
1566 466 1640 493 ex·-

180 508 363 567 pressit.
422 505 567 548 Nihili
588 519 685 548 esse
702 504 945 562 scripturas
976 501 1000 559 ἡ
1025 503 1155 558 χάρις
1178 507 1258 549 τοῦ
1285 508 1422 558 θεοῦ,
1460 526 1485 565 η
1511 504 1640 564 χάρις

180 562 337 621 κυρίου
363 568 407 605 et
435 558 460 618 ἡ
485 559 678 617 χάρις-31.
698 563 810 616 Χρ.,
849 563 1009 618 quippe
1037 576 1060 602 e
1088 563 1274 606 lectione
1297 564 1426 621 χάρις
1451 562 1515 619 τῷ
1541 562 1639 618 θεῷ

178 624 411 677 corruptas
431 619 672 675 cupideque
689 617 743 657 ab
764 617 820 658 iis
845 623 1132 674 propagatas,
1173 620 1248 674 qni
1276 622 1339 661 sie
1365 621 1421 662 ad
1449 620 1636 662 interro-

177 677 396 734 gationem
419 690 458 718 v.
477 676 550 718 24.
569 680 670 731 apte
690 675 944 730 responderi
968 674 1259 716 credidissent
1281 691 1404 719 nemo
1425 691 1508 717 non
1534 690 1635 717 con-

175 733 309 778 cedit.
368 733 478 774 ltem
512 728 755 786 εὖχαριστῶ
781 728 845 784 τῷ
872 730 988 787 θεῷ,
1031 730 1144 786 quod
1183 730 1354 786 'Volsius
1378 733 1454 774 alii
1490 746 1542 774 ue
1569 737 1635 774 te-

173 790 356 834 merarii
393 789 665 841 vulgatarum
696 786 927 828 lectionum
957 792 1306 843 propugnatores
1332 747 1635 836 defenderunt,

173 847 220 889 et
237 843 480 901 εὐχαριστῶ
502 843 558 886 δὲ
577 842 638 899 τῷ
658 841 752 899 θεῷ
771 843 1032 896 glossemata
1054 856 1152 884 esse
1172 843 1405 886 lectionum
1423 841 1554 899 χάρις
1569 843 1632 897 τῷ

171 903 269 959 θεῷ
286 908 331 944 et
348 897 476 953 χάρις
503 899 559 941 δὲ
592 898 655 953 τῷ
683 897 778 954 θεῷ
804 899 837 940 ii
863 899 1137 952 fatebuntur,
1177 900 1253 955 qui
1275 898 1404 954 χάρις
1430 899 1494 956 τῷ
1520 899 1629 956 θεῷ,

173 956 359 1008 δυνατός
386 955 480 1008 εἶμι
504 955 635 997 τοῦτο
661 956 852 1009 ποιῆσαι
877 960 921 996 et
947 955 1109 997 similia
1140 955 1284 998 verbis
1314 954 1630 1009 εὐχαριστῶ

168 1015 234 1072 τῷ
251 1014 368 1069 θεῷ,
400 1008 643 1062 δύναμαι
666 1010 798 1050 τοῦτο
817 1011 1029 1065 ποιῆσαι,
1058 1020 1142 1051 non
1161 1011 1354 1053 vicissim
1378 1012 1510 1053 verba
1535 1007 1630 1052 εὖ-

165 1085 269 1127 χαρ
283 1069 418 1110 ιστῶ
437 1067 500 1122 τῷ
518 1066 638 1121 θεῷ,
668 1065 694 1104 ὁ
708 1061 913 1117 ύναμαι
933 1066 1063 1108 τοῦτο
1084 1067 1274 1121 ποιῆσαι
1296 1067 1475 1108 vocibus
1501 1063 1630 1121 χάρις

165 1127 231 1181 τῷ
250 1125 367 1180 θεῷ,
399 1118 582 1170 δύνατός
600 1118 693 1173 εἰμι
710 1121 842 1162 τοῦτο
864 1122 1052 1177 ποιῆσαι
1070 1136 1095 1163 a
1117 1123 1275 1164 scribis
1298 1123 1455 1179 exponi
1484 1123 1628 1164 solere

164 1182 308 1225 sciant
325 1184 386 1236 (v.
409 1181 477 1230 13,
487 1179 532 1220 4.
551 1190 670 1220 varr.
688 1176 828 1231 lect.).
870 1176 985 1219 Hinc
997 1176 1180 1220 Paulum
1202 1182 1278 1220 aut
1291 1175 1418 1234 χάρις
1434 1180 1495 1233 τῷ
1516 1179 1625 1233 θεῷ,

164 1244 242 1282 aut
257 1236 389 1291 χάρις
409 1236 464 1278 δὲ
483 1235 545 1289 τῷ
565 1235 660 1288 θεῷ
676 1247 881 1275 exarasse
910 1239 1110 1290 apparet.
1167 1233 1287 1276 Illud
1316 1240 1363 1276 ut
1391 1235 1625 1291 abruptum

163 1296 269 1338 aliis
289 1295 480 1336 fortasse
508 1290 694 1348 placuit,
737 1289 843 1331 mihi
869 1290 1145 1332 vehementer
1174 1291 1395 1348 displicet.
1461 1289 1623 1333 Sedata

160 1357 232 1395 est
250 1351 363 1394 enim
390 1349 517 1392 Pauli
535 1346 677 1388 oratio
698 1350 796 1402 post
815 1345 1092 1403 ejulationem
1122 1361 1161 1390 v,
1182 1347 1274 1391 24..
1330 1346 1623 1403 Quamobrem

157 1406 288 1465 χάρις
311 1407 365 1449 δὲ
384 1407 445 1460 τῷ
459 1404 558 1459 θεῷ
577 1402 677 1445 dedi
696 1404 759 1457 (6,
775 1404 842 1444 17.
860 1404 888 1442 2
901 1402 1003 1448 Cor.
1026 1405 1068 1454 8,
1082 1405 1151 1447 16.
1162 1405 1203 1454 9,
1217 1404 1323 1458 15.).
1380 1403 1492 1446 Nam
1508 1403 1621 1460 quod

159 1467 298 1520 Beny.
316 1464 360 1505 in
383 1464 581 1518 Appen,
614 1458 884 1501 Matthaeius
901 1459 971 1501 ed.
992 1460 1124 1512 mim,
1156 1460 1333 1514 Knapp.
1364 1460 1423 1503 al.
1451 1459 1620 1501 scribas

158 1519 291 1576 χάρις
311 1521 358 1562 δὲ
378 1520 440 1574 τῷ
465 1518 559 1571 θεῷ
581 1530 633 1558 ex
651 1516 692 1568 6,
708 1516 775 1559 17.
798 1516 1032 1571 repetiisse
1056 1516 1284 1567 dixerunt,
1315 1516 1517 1558 lectionis
1545 1530 1620 1559 va·-

158 1579 319 1621 rietate
343 1590 427 1617 non
454 1574 564 1617 satis
591 1571 776 1614 excussa
810 1570 998 1612 Paulum
1030 1577 1107 1613 aut
1136 1569 1265 1627 χάρις
1290 1573 1352 1626 τῷ
1381 1573 1500 1627 θεῷ,
1542 1579 1620 1614 aut

154 1631 285 1690 χάρις
318 1634 376 1674 δὲ
408 1631 470 1685 τῷ
495 1630 591 1684 θεῷ
621 1628 856 1684 scripsisse
887 1628 952 1669 vel
983 1628 1205 1670 variantes
1228 1628 1438 1670 lectiones
1464 1629 1619 1671 docere

155 1705 242 1734 non
285 1688 701 1730 animadverterunt.
771 1683 924 1726 Solum
956 1689 1098 1726 autem
1133 1684 1182 1727 δέ
1210 1683 1397 1726 indidem
1428 1691 1616 1726 sumtum

155 1761 254 1790 esse
276 1759 422 1787 rernm
450 1742 697 1785 criticarum
730 1741 857 1794 gnari
884 1745 928 1781 et
959 1741 1033 1796 qui
1060 1741 1327 1794 glossatores
1359 1742 1517 1796 partim
1546 1755 1616 1782 co-

152 1805 284 1862 pulae
305 1802 519 1844 rationem
540 1799 701 1840 habere
723 1798 882 1853 partim
904 1797 1102 1852 copulam
1125 1797 1346 1851 negligere
1377 1798 1520 1839 solere
1549 1798 1615 1839 di-

152 1860 342 1903 dicerint
367 1858 542 1898 minime
570 1853 844 1896 contendent.
913 1853 999 1894 Hic
1031 1867 1202 1909 qnoque
1228 1854 1498 1906 glossatores
1529 1867 1612 1895 non

150 1918 196 1960 in
227 1916 467 1971 longinquo
499 1913 649 1953 oculos
674 1909 942 1961 defixerunt,
992 1908 1070 1950 sed
1099 1910 1174 1965 qui
1213 1910 1350 1951 solam
1390 1910 1611 1966 loquutio-

149 1988 247 2016 nem
271 1986 398 2029 quam
421 1969 507 2010 sibi
527 1966 828 2025 explicandam
848 1966 1109 2007 sumsissent
1126 1964 1225 2018 χάρ
1239 1980 1290 2014 ις
1310 1966 1398 2020 [δὲ]
1423 1966 1496 2021 τῷ
1516 1966 1612 2021 θεῷ

147 2029 302 2073 intuiti
323 2033 424 2070 sunt
444 2021 687 2080 εὐχαριστῶ
705 2021 768 2078 τῷ
787 2021 884 2076 θεῷ
906 2026 1170 2078 posuerunt,
1202 2026 1351 2062 contra
1375 2023 1450 2077 qui
1478 2022 1610 2063 etiam

147 2087 348 2143 copulam
373 2085 415 2125 in
437 2096 558 2124 suam
579 2080 770 2134 glossam
789 2077 1080 2134 recipiendam
1101 2077 1340 2128 duxerunt,
1369 2075 1610 2133 εὖχαρισῑῶ

148 2144 206 2186 δὲ
225 2142 288 2198 τῷ
308 2138 404 2195 θεῷ
422 2139 711 2195 scripserunt.
767 2132 896 2189 χάρις
917 2135 964 2176 de*
981 2136 1044 2190 τῷ
1062 2132 1157 2189 4)·εῷ
1180 2133 1218 2174 ὁ.
1235 2129 1281 2175 Ἰ.
1298 2135 1383 2187 Χρ.
1412 2148 1452 2175 τ,
1481 2150 1517 2174 κ.
1547 2130 1609 2187 ἡ]

145 2200 318 2255 9ναίἱαε
352 2200 495 2238 autem
522 2195 614 2236 Deo
651 2195 839 2247 ayantecr
861 2204 939 2244 per
966 2191 1111 2232 Jesum
1140 2189 1350 2232 Christum
1374 2203 1447 2243 ηρ.
1477 2189 1609 2245 hujus

149 2256 238 2308 rei,
266 2259 314 2297 ut
330 2251 502 2309 qratiae
523 2251 615 2292 Deo
631 2248 703 2303 aqi
721 2247 909 2302 possint,
947 2246 1185 2302 effectorem
1212 2245 1276 2298 (ν.
1309 2244 1534 2298 Theophyl.
1561 2252 1606 2287 et

145 2318 238 2354 not.
255 2310 310 2351 ad
332 2308 445 2362 1,8.)
466 2307 494 2348 i.
524 2321 567 2362 q.
596 2309 722 2358 grato
749 2303 892 2344 animo
912 2301 1035 2343 Deus
1065 2299 1335 2352 celebretur,
1373 2307 1604 2358 postquam

145 2367 350 2411 Christus
370 2364 497 2415 fecit,
526 2367 576 2405 ut
596 2361 718 2403 Deus
737 2359 808 2416 pie
827 2355 1115 2399 celebrandus
1139 2355 1215 2398 sit.
1273 2355 1374 2411 Qua
1402 2357 1602 2399 cohorta-

143 2424 264 2467 tione
294 2421 349 2463 ad
379 2418 571 2474 agendas
601 2416 769 2471 gratias
799 2427 929 2470 quum
959 2416 1003 2454 et
1030 2410 1378 2455 extraordinario
1421 2414 1600 2469 quodam

141 2478 340 2523 homines
370 2473 564 2528 beneficio
594 2476 775 2529 propter
804 2468 920 2526 quod
951 2468 1050 2510 Deo
1078 2473 1228 2522 grates
1267 2467 1473 2510 dicendae
1510 2469 1602 2512 sint

143 2551 168 2579 a
190 2536 289 2579 Deo
307 2532 484 2574 affectos
506 2544 603 2572 esse
625 2534 668 2570 et
688 2526 844 2570 Christi
864 2526 1111 2566 interventu
1138 2523 1184 2565 id
1213 2524 1258 2566 in
1285 2539 1361 2566 eos
1390 2526 1599 2568 collatum

142 2607 242 2636 esse
264 2590 318 2632 P.
339 2585 629 2629 declaraverit
647 2596 786 2637 neque
804 2580 848 2622 id
870 2586 1049 2637 propter
1070 2586 1170 2621 ante
1188 2579 1302 2621 dicta
1323 2580 1411 2621 nisi
1430 2580 1474 2622 in
1503 2581 1598 2638 ejus

142 2650 210 2692 rei
227 2645 469 2695 amotione,
499 2654 610 2698 quae
629 2638 808 2684 Judaeis
828 2650 1020 2678 summae
1040 2636 1301 2678 calamitatis
1320 2636 1459 2693 stirps
1488 2638 1598 2679 luis-

141 2711 233 2758 set,
262 2702 449 2761 positum
470 2711 567 2740 esse
588 2700 741 2752 queat,
772 2694 882 2735 satis
902 2692 1131 2750 perspicue
1150 2693 1245 2749 Ap.
1265 2705 1381 2744 rem,
1412 2707 1488 2748 pro
1512 2695 1596 2749 qua

137 2761 306 2817 gratiae
327 2757 423 2800 Deo
441 2750 634 2809 agendae
662 2751 777 2803 sint,
808 2748 1032 2793 indicavit.
1091 2747 1240 2804 Quare
1268 2754 1473 2790 errarunt
1505 2754 1595 2791 tum

141 2818 218 2875 qui
239 2815 282 2858 id
306 2815 521 2868 negarunt
540 2807 727 2866 (Reme.)
741 2839 752 2860 ‚
781 2810 872 2848 tum
894 2806 969 2863 qui
989 2810 1036 2848 ut
1055 2806 1147 2862 Ap.
1166 2811 1421 2847 excusarent
1442 2805 1594 2861 ingen-
