1715 3115
131 144 189 191 38
412 145 787 191 EPISTOLA
819 145 921 188 AD
951 143 1313 190 ROMANOS

140 250 214 294 do·
270 250 384 295 Nam
408 253 598 294 voluisse
621 267 717 295 eum
739 250 933 294 homines
956 251 1141 304 sentire,
1180 253 1287 294 nibil
1312 251 1518 305 Peccato,
1547 255 1598 295 ut

143 306 259 364 quod
287 310 450 365 optima
470 309 609 352 Mosis
640 311 735 363 lege
764 309 951 366 pessime
973 308 1252 362 abuteretur,
1290 310 1598 351 foediusinve-

145 364 231 405 uiri
271 378 310 408 v,
347 367 434 417 13.·‚
484 380 622 420 neque
649 367 832 407 salutem
872 379 949 422 per
977 363 1198 407 Christum
1224 366 1459 407 clementer
1489 364 1600 407 ferri

146 421 343 478 potuisse
375 422 459 463 nisi
490 423 664 463 miseris
694 429 738 464 et
769 421 843 477 qui
871 421 1051 463 acerbos
1075 419 1245 462 Peccati
1272 423 1439 463 fructus
1464 420 1600 475 degu-

148 482 342 518 stassent
364 479 407 530 5,
423 480 495 522 20.
517 493 584 535 sq.
617 480 714 521 Gal.
733 479 774 529 3,
796 479 846 519 19
867 492 934 533 sq.
968 479 988 518 1
1009 476 1110 520 Cor.
1135 478 1199 529 15,
1216 479 1287 521 56.
1309 493 1393 534 sq..
1451 477 1601 532 Quare

149 530 203 574 P.
226 546 306 574 non
339 548 425 575 rem
447 535 699 592 proposuit,
738 550 846 590 quae
872 549 965 576 cum
990 535 1158 586 vulgari
1179 534 1395 576 hominum
1417 548 1602 576 consue-

149 588 299 630 tudine
328 597 403 632 aut
431 593 718 647 perversitate
747 594 1027 644 congrueret,
1058 589 1132 631 sed
1160 591 1404 644 mysterium
1422 589 1603 632 lectori-

148 643 230 744 }›us
258 648 455 702 aperuit,
494 647 608 705 quod
639 648 847 690 humanae
873 646 1192 702 intelligentiae
1215 646 1298 689 vim
1321 651 1364 688 et
1383 648 1604 689 notionem

170 715 192 742 u
230 701 278 746 it.

198 714 224 756 g
263 756 324 803 V.
343 760 385 803 9.
409 764 453 800 et
475 759 544 802 10.
601 756 703 801 Non
722 759 909 801 iteratur
928 758 1144 800 sententia
1172 772 1236 801 vs.
1253 757 1322 811 8.,
1350 757 1428 800 sed
1447 758 1606 800 contir-

153 818 313 857 matur.
371 814 510 858 Crede
531 819 697 867 autem,
728 816 894 872 inquit,
925 830 1034 871 quae
1054 814 1166 856 dicta
1190 820 1293 857 sunt
1311 828 1350 859 v.
1368 814 1412 858 8.
1440 819 1606 856 utram-

153 884 236 926 que
256 871 471 914 fortunam
499 877 690 925 espen-to.
756 873 844 928 qu
879 873 1066 914 vivebam
1101 870 1335 927 aliquando
1367 872 1463 925 lege
1495 884 1606 914 mos.

152 926 340 968 nondum
369 928 483 978 latin
523 942 634 984 quae
664 934 891 986 postquam
913 928 1187 985 promulgata
1218 933 1285 968 est
1317 927 1607 970 Peccatum

153 984 289 1025 vivere
309 984 411 1037 (vim
433 986 655 1037 exercere)
685 985 884 1039 coepit,
912 998 999 1040 09⁰
1023 984 1159 1026 vivere
1177 983 1330 1026 desii.
1359 1008 1414 1015 —
1473 979 1607 1038 ἔζων]

153 1038 344 1083 Moeris:
385 1038 506 1096 ἔζην,
545 1038 748 1088 ἆττικιῦς·
789 1037 918 1091 ἔζων,
959 1036 1203 1096 ἑλληνικῶς.
1260 1037 1354 1081 Imo
1385 1039 1607 1081 meliorem

153 1095 333 1138 sormam
366 1093 474 1149 ἔζων
500 1110 623 1148 esse,
653 1096 911 1138 deteriorem
938 1095 1033 1152 ὲζιῑν
1060 1101 1176 1137 recte
1206 1094 1431 1137 contendit
1461 1095 1608 1152 Etym-

152 1152 254 1204 413,
275 1154 317 1196 8.
346 1153 445 1205 410,
466 1154 537 1196 41.
561 1167 645 1209 sq..
698 1152 807 1194 Nam
837 1167 965 1208 quum
996 1152 1105 1193 κατὰ
1123 1153 1277 1206 κρᾶσιν
1297 1147 1505 1208 Δωρικήν
1525 1164 1608 1206 pro

153 1206 297 1258 ἔζαες,
336 1208 435 1260 ἕζαε
458 1209 617 1250 dictum
639 1214 779 1261 esset,
808 1208 928 1263 ἔζης,
959 1207 1055 1263 ἔζη,
1096 1209 1339 1249 formarunt
1359 1208 1488 1248 etiam
1509 1207 1610 1263 ἔζην

153 1268 358 1319 tanquam
380 1280 404 1306 a
429 1265 530 1320 ζῆμι
552 1265 724 1306 ductum
753 1279 831 1322 pro
851 1265 958 1316 ἔζων
978 1263 1188 1308 vivebam.
1249 1263 1520 1305 Documento
1542 1266 1611 1305 est

152 1318 286 1373 ἔζων,
323 1329 528 1363 constans
559 1323 694 1363 forma
726 1322 884 1363 tertiae
908 1334 1118 1376 personae
1138 1320 1350 1377 pluralis:
1379 1334 1419 1364 V.
1441 1320 1608 1363 Buttm-

153 1378 266 1427 Ques.
287 1391 343 1432 gr.
366 1381 554 1430 &pt-ochi.
578 1376 639 1430 ll,
665 1379 778 1421 144..
809 1403 861 1410 —
921 1376 972 1421 P.
1001 1377 1071 1418 hio
1102 1391 1273 1432 quoque
1295 1390 1376 1418 non
1406 1390 1510 1416 suas
1533 1389 1608 1418 res

153 1441 327 1485 narrat,
364 1435 441 1477 sed
471 1435 644 1489 generis
676 1435 849 1475 humani
876 1435 1092 1475 fortunam
1120 1433 1313 1488 exponit.
1382 1430 1500 1473 lllud
1532 1431 1609 1487 qui

153 1495 365 1545 putarunt
398 1484 464 1532 sic
489 1491 814 1548 explicuerunt:
861 1504 940 1544 ego
971 1494 1113 1530 autem
1143 1489 1335 1530 vivebam
1367 1488 1462 1530 sine
1493 1488 1608 1542 legis

154 1559 262 1589 mos.
287 1547 442 1589 notitia
461 1549 533 1590 aliz
551 1548 686 1589 nando
707 1550 835 1603 (puer
857 1547 897 1587 in
922 1545 1179 1589 Gamalielis
1201 1545 1478 1600 disciplinam
1501 1559 1609 1586 non-

153 1600 255 1643 dum
284 1604 473 1644 traditus
514 1563 619 1646 Act.
646 1604 715 1656 22,
745 1605 787 1646 3.
837 1603 982 1653 Mor„
1027 1602 1212 1653 Antan„
1257 1601 1397 1644 We'nz.
1438 1615 1482 1658 p.
1516 1603 1610 1645 lh:

155 1672 285 1713 quum
307 1673 445 1700 essem
463 1658 741 1707 Pharisaeus,
770 1661 928 1713 Curpz.
948 1659 1053 1713 al.);
1082 1657 1158 1698 sed
1179 1671 1307 1713 quum
1331 1663 1608 1714 praeceptum

154 1714 285 1755 mihi
308 1716 508 1767 venisset,
551 1716 580 1757 i.
603 1731 641 1758 c.
673 1716 921 1757 itznotnisset
951 1719 1049 1756 etc..
1108 1714 1176 1756 At
1204 1720 1352 1755 contra
1386 1727 1510 1755 usum
1543 1715 1611 1755 lo-

155 1769 314 1827 quendi
348 1769 568 1827 ἐλθούσης
599 1773 646 1814 δὲ
674 1774 753 1827 τῆς
779 1769 955 1826 ἐντολῆς
984 1776 1261 1813 enarrarunt.
1328 1768 1467 1811 Venit
1495 1770 1610 1812 enim

153 1840 227 1868 res
255 1842 383 1883 quum
415 1829 600 1884 primum
630 1842 729 1869 esse
761 1827 914 1882 incipit
941 1832 985 1868 et
1013 1826 1208 1877 exsistit,
1246 1839 1350 1879 ergo
1377 1826 1446 1867 lex
1478 1840 1610 1882 quum

153 1883 298 1938 fertur
314 1884 355 1935 5,
376 1883 471 1934 20„
504 1880 528 1939 ἡ
548 1882 698 1932 πίστις
728 1885 828 1926 Gal.
849 1885 889 1931 3,
903 1883 973 1926 23.
994 1883 1064 1925 25.
1097 1897 1226 1938 quum
1247 1883 1433 1939 primum
1457 1883 1511 1924 ad
1534 1883 1611 1924 ha-

155 1939 335 1980 bendam
357 1940 481 1982 fidem
503 1940 699 1981 homines
717 1945 1030 1997 provocantur,
1058 1939 1107 1980 τὸ
1132 1937 1300 1980 τέλειον
1318 1953 1446 1994 quum
1463 1938 1614 1981 subla-

154 1995 214 2036 tis
237 1997 502 2052 imperfectis
523 1997 720 2038 homines
739 1997 891 2039 christ.
913 1995 956 2036 in
978 1995 1171 2051 perfecto
1197 1999 1314 2037 statu
1341 1995 1612 2038 collocantur

155 2052 181 2093 1
203 2051 303 2094 Cor.
327 2054 394 2103 13,
424 2055 513 2103 10.,
543 2067 614 2093 res
633 2057 754 2107 qesta
777 2052 820 2095 h.
840 2067 878 2096 e.
900 2051 962 2092 rei
988 2057 1137 2103 gestae
1157 2052 1360 2103 nuntius,
1389 2064 1518 2106 quum
1537 2065 1611 2094 res

155 2114 277 2161 gesta
303 2109 529 2150 nuntiatur
559 2108 755 2159 Thuc.8,
775 2109 846 2152 96.
874 2108 929 2151 cl.
948 2109 1044 2159 97„
1073 2108 1283 2164 epistola,
1313 2119 1442 2162 quum
1465 2106 1612 2149 reddi-

154 2171 243 2207 tur.
303 2164 370 2206 cf.
404 2164 457 2206 ad
490 2165 626 2207 Marc.
667 2180 710 2221 p.
741 2166 851 2208 129..
910 2163 1026 2218 Ergo
1056 2160 1278 2219 ἐλθούσης
1306 2162 1352 2203 ὸὲ
1384 2159 1508 2213 ἐμοὶ
1534 2165 1613 2220 τῆς

150 2216 257 2262 'Era
280 2221 342 2261 sic
366 2220 502 2262 Paulo
527 2221 801 2262 scribendum
826 2220 998 2263 fuisset.
1045 2219 1230 2261 Accedit
1250 2216 1363 2274 quod
1384 2232 1614 2274 praegres-

157 2291 205 2318 sa
228 2277 336 2318 hanc
350 2278 696 2332 explanationem
720 2277 966 2334 postulant:
986 2275 1178 2317 vivebam
1195 2274 1288 2315 sine
1307 2274 1401 2328 lege
1423 2288 1530 2319 mos.
1546 2276 1613 2331 (b.

157 2347 198 2376 e.
228 2334 275 2374 ef.
306 2335 484 2375 nondum
514 2335 629 2386 law)
661 2332 919 2389 aliquando,
958 2331 1035 2372 sed
1064 2330 1293 2371 interdicto
1323 2333 1392 2383 (v.
1412 2331 1488 2385 7.)
1512 2345 1613 2386 pro-

156 2388 344 2442 mnlqceto
374 2395 458 2433 etc.
516 2389 631 2432 Nam
664 2405 704 2433 v.
732 2392 774 2433 9.
808 2391 874 2432 10.
904 2401 997 2429 cum
1029 2400 1068 2429 v.
1095 2388 1138 2431 7.
1167 2387 1209 2429 8.
1241 2386 1497 2439 cohaerent,
1537 2387 1614 2430 ubi

157 2446 251 2501 Ap.
266 2449 355 2484 tum
379 2459 490 2500 quae
511 2460 592 2486 non
615 2446 728 2487 facta
747 2449 909 2495 essent,
939 2442 1107 2483 nisilex
1127 2457 1234 2484 mos,
1256 2443 1344 2483 lata
1366 2449 1484 2484 esset
1503 2445 1613 2497 v.7.‚

155 2504 246 2541 tum
271 2514 379 2556 quae
401 2501 660 2543 accidissent
680 2504 775 2554 lege
799 2498 1070 2557 promulgata
1097 2513 1135 2542 v.
1149 2500 1190 2542 8.
1212 2499 1465 2543 declaravit.
1495 2498 1614 2555 Quin

157 2555 212 2599 P.
236 2556 316 2596 hoc
339 2556 464 2600 dicit:
504 2571 593 2611 eya
622 2563 761 2599 autem
783 2555 966 2598 vivebam
996 2558 1151 2606 (genus
1175 2555 1400 2596 humanum
1422 2556 1615 2611 vivebat)

158 2612 254 2654 sine
282 2611 416 2653 Mosis
437 2614 531 2665 lege
551 2612 776 2666 ale'qecamlo
801 2612 841 2654 h.
862 2626 901 2654 e.
924 2609 1012 2664 πρὸ
1033 2610 1236 2660 Immo-{cog
1254 2610 1472 2666 (Chrys).
1519 2611 1615 2654 Vo-

159 2669 316 2710 cabula
338 2668 469 2720 ἕζων,
497 2682 538 2711 v.
560 2669 629 2710 10.
651 2665 877 2709 ἀπέθανον
897 2671 941 2709 et
962 2664 1025 2713 εἰς
1044 2663 1259 2719 θάνατον,
1288 2671 1333 2708 et
1352 2680 1388 2707 v.
1411 2668 1477 2710 ll.
1503 2665 1615 2710 ἆπέσ

161 2739 327 2765 mearent
354 2725 545 2778 proprie,
585 2737 668 2764 nou
697 2724 879 2775 figurate
907 2722 980 2776 (de
1008 2723 1217 2765 felicitate
1247 2728 1291 2764 et
1319 2722 1514 2775 miseria)
1543 2737 1617 2765 ca-

162 2779 326 2837 pienda
350 2785 469 2826 sunt.
526 2777 642 2823 Nam
662 2787 799 2823 morte
816 2779 988 2836 physica
1008 2784 1182 2836 peccata
1200 2779 1362 2837 puniri,
1390 2779 1615 2824 Christum
