1715 3115
171 220 256 262 :356
456 215 834 260 EPlSTOLA
869 215 968 260 ΑΙ)
1000 214 1357 262 ROMANOS

163 328 421 380 sequantur.
479 320 805 375 Nihilominus,
835 322 950 379 quod
978 323 1132 376 mirum
1158 323 1418 380 minimeque
1447 337 1632 367 consen-

165 389 339 422 taneum
360 379 574 430 videatur,
602 379 707 434 (lide
727 379 903 422 Christo
926 381 1104 434 negata)
1126 380 1283 434 legem,
1314 395 1425 437 quae
1449 379 1633 435 integri-

163 444 296 479 tatem
316 442 591 492 apportaret,
623 435 771 492 adepti
799 451 884 484 non
903 442 1032 488 sunt,
1072 436 1148 478 sed
1182 443 1333 493 optato
1360 451 1439 479 suo
1461 434 1633 480 excide-

163 499 283 536 runt.
339 494 536 534 Acumen
560 490 744 534 Paulum
761 493 950 534 orationi
982 492 1252 548 quaesivisse
1279 498 1425 550 pat-et,
1453 493 1532 536 sed
1551 495 1632 546 mi-

163 564 257 591 ram
285 554 362 589 aut
400 563 478 604 per
497 549 650 589 ›lexam
682 546 811 590 Pauli
845 548 1076 590 dictionem
1112 563 1195 590 non
1226 550 1446 592 vocaverit
1471 549 1630 607 (dm),

163 606 251 647 nisi
274 605 349 660 qui
368 619 459 646 rem
513 636 524 648 .
541 605 573 648 l.
593 603 818 646 dicendam
843 611 887 647 et
906 607 1044 646 locum
1068 605 1207 662 ipsum
1231 619 1384 662 parum
1411 605 1633 663 expende-

163 663 239 704 rit.
298 660 524 704 Potuisset
545 675 623 717 pro
643 658 775 712 νόμον
795 659 1075 717 δικαιοσύνης
1101 676 1140 706 v.
1161 662 1232 704 31.
1256 662 1324 704 bis
1349 659 1631 721 δικαιοσύνην

156 718 289 775 poni}
311 717 388 759 sed
411 717 563 774 putida
587 717 829 761 exstitisset
849 719 1006 762 oratio.
1049 716 1162 759 Nam
1177 733 1214 760 v.
1227 719 1298 760 30.
1317 722 1385 760 ier
1402 718 1629 760 δικαιοσύ-

161 789 237 829 νης
264 788 343 816 vox
372 774 552 828 legitur.
619 773 765 827 Igitur
792 774 938 818 verbis
965 775 1139 828 egregie
1168 773 1349 828 delectis
1368 788 1407 817 v.
1428 774 1523 827 30„
1553 771 1630 816 ulii

162 830 215 873 de
245 830 433 872 ethnicis
464 831 672 886 loquutus
705 836 796 880 est,
838 829 1121 884 δικαιοσύνην
1158 828 1210 873 Ρ.
1240 830 1444 887 scripsit,
1483 843 1524 873 v.
1555 827 1628 875 31.

161 901 247 943 quo
268 887 300 931 l.
323 886 377 928 de
399 886 581 930 J‘udaeis
611 887 742 928 verba
767 886 890 937 lecit,
930 884 1061 939 νόμον
1083 883 1367 942 δικαιοσύνης
1382 886 1628 929 collocavit.

156 943 335 1000 Nempe
357 944 580 995 ethnicos,
611 943 686 998 qui
705 957 848 998 neque.
865 943 975 995 legis
1001 957 1108 986 mos.
1129 943 1456 996 observatione,
1485 957 1538 984 ne
1573 957 1627 984 ue

153 1001 251 1042 ulla
282 999 369 1041 alia
402 1014 448 1041 re
477 997 757 1054 δικαιοσύνην
787 1005 1164 1052 consectarentur,
1195 999 1306 1041 satis
1329 1004 1424 1040 erat
1445 997 1531 1040 dici
1581 1014 1627 1040 ι·-

161 1052 417 1112 καιοσύνῃν,
456 1070 545 1097 rem
569 1056 959 1112 pretiosissimam,
990 1056 1032 1096 in
1061 1056 1145 1111 quii
1167 1061 1287 1098 esset
1304 1054 1463 1097 salutis
1483 1059 1626 1096 aeter-

154 1127 239 1164 nae
259 1111 417 1167 pignus
431 1144 442 1164 ,
468 1118 731 1168 assequutos
748 1127 864 1161 esse.
923 1111 1010 1153 Sed
1031 1110 1288 1164 israelitas,
1349 1111 1392 1152 ui
1412 1125 1624 1168 summum

158 1169 348 1212 studium
378 1169 421 1209 in
449 1183 504 1210 eo
532 1174 766 1225 ponerent,
807 1173 855 1210 ut
881 1164 1028 1223 νόμῳ
1060 1168 1220 1222 integri
1242 1126 1532 1222 redderentur
1549 1172 1626 1208 aut

157 1227 272 1280 leqe,
304 1239 415 1280 quae
436 1225 732 1279 integritatem
756 1224 895 1275 daret,
925 1225 1189 1281 potirentur,
1218 1225 1399 1282 pulchre
1425 1222 1472 1267 P.
1493 1223 1625 1279 Ieyem

155 1281 703 1335 integritatisell'ectricem
723 1281 968 1323 obtinuisse
986 1282 1176 1335 negavit,
1206 1295 1292 1338 quo
1306 1280 1448 1335 ¹magis
1467 1280 1622 1333 mirum

155 1349 278 1387 esse,
325 1336 440 1392 quod
469 1351 635 1378 summa
668 1338 909 1388 hominum,
949 1337 1025 1392 qui
1055 1338 1166 1379 nihil
1200 1350 1337 1394 paene
1377 1333 1499 1377 aliud
1535 1335 1626 1392 nisi

153 1389 287 1444 νόμον
314 1389 594 1447 δικαιοσύνης
628 1399 769 1434 mente
805 1398 851 1434 et
886 1394 1151 1445 cogitatione
1193 1391 1623 1448 comprehenderent,

143 1448 302 1498 *studia
343 1448 469 1489 irrita
507 1448 696 1501 suerint,
741 1449 1022 1492 sentiremus.
1095 1446 1290 1488 Φθιὲνειν
1331 1447 1515 1493 Graecis
1553 1453 1623 1489 est

153 1517 382 1556 occupare,
429 1509 718 1556 ceriterertere,
763 1505 1014 1559 praevenire
1041 1503 1195 1561 (Hom.
1227 1496 1281 1546 ll.
1312 1503 1356 1545 2.
1389 1503 1489 1546 505.
1517 1497 1544 1558 ἦ
1575 1500 1619 1545 δ’

136 1550 278 1614 ''Avrffi
329 1556 523 1613 σθεναρή
573 1561 736 1601 τεκαὶ
773 1556 987 1613 ἀρτίπος·
1040 1556 1195 1602 οὕνεκα
1234 1554 1382 1607 πάσας
1418 1555 1621 1613 Ιπολλὸν

150 1612 460 1670 ὑπεκπροθέει
491 1612 658 1668 φθάνει
687 1613 736 1656 δέ
751 1630 798 1656 τε
827 1615 976 1656 πᾶσαν
999 1611 1070 1656 ἐπ’
1101 1608 1201 1656 αἶαν
1226 1618 1232 1666 1
1263 1610 1506 1670 βλάπτουὸ
1538 1611 1619 1656 ἆν-

150 1670 382 1726 ῼ-ρώπους·
411 1667 457 1711 αἱ
478 1669 519 1710 δ’
544 1669 725 1725 [Armi]
749 1668 1000 1718 ἐξακέονται
1029 1665 1261 1723 ὀπίσσω).
1304 1668 1458 1726 Quem
1481 1669 1621 1728 sigui-

139 1728 324 1778 *fit-atum
354 1727 584 1777 Erasmus,
620 1727 819 1773 Usterius
844 1726 876 1769 l.
896 1740 933 1769 c.
953 1740 996 1782 p.
1012 1727 1113 1771 272.
1134 1727 1192 1770 al.
1222 1726 1401 1768 in'hunc
1420 1727 1452 1769 l.
1472 1731 1620 1769 trans-

150 1784 369 1825 tulerunt:
399 1781 633 1824 Israelitae
661 1787 806 1823 autem
827 1806 882 1813 -—
903 1781 958 1823 ad
977 1782 1139 1837 legem,
1179 1795 1290 1839 quae
1320 1781 1619 1837 integritatem

148 1839 301 1893 daret,
342 1852 425 1880 non
455 1838 624 1894 priores
655 1842 867 1881 venerunt
893 1839 976 1891 (sc.
1009 1850 1135 1894 quam
1158 1838 1370 1893 gentiles,
1402 1837 1478 1894 qui
1497 1853 1572 1881 eos
1592 1853 1619 1880 a

149 1902 274 1951 tergo
311 1894 641 1950 relliquerunt).
715 1892 870 1937 Potest
903 1895 1007 1936 haec
1050 1894 1359 1951 interpretatio
1397 1896 1618 1940 exornari.

145 1952 262 1996 Nam
287 1951 456 2005 dixisse
472 1952 574 1992 haec
595 1950 802 2003 Paulum,
831 1956 881 1992 ut
898 1951 1085 1993 lectores
1109 1952 1272 1993 laetum
1300 1950 1369 1993 dis
1405 1951 1617 1993 utationis

148 2010 309 2050 exitum
338 2006 698 2063 suspicarentur,
736 2022 819 2049 non
849 2012 1011 2049 temere
1037 2002 1291 2051 contendas.
1391 2021 1514 2064 empe
1535 2005 1616 2051 Ju-

145 2067 268 2107 daeis
298 2065 484 2105 salutem
512 2078 643 2107 mess.
674 2064 769 2120 Ap.
797 2069 886 2104 tum
915 2062 1127 2120 spondet,
1163 2078 1294 2120 quum
1318 2062 1368 2108 τὸ
1393 2062 1616 2119 πλήρωμα

145 2122 234 2162 τῶν
262 2117 403 2162 ἐθνῶν
433 2119 486 2160 ad
515 2119 683 2162 Christi
714 2133 836 2161 sacra
865 2121 1094 2162 transierit
1121 2134 1163 2162 v.
1194 2122 1261 2173 11,
1279 2118 1350 2165 25.
1379 2119 1436 2162 cl.
1467 2133 1506 2161 v.
1527 2120 1614 2164 11..

145 2177 449 2219 Nihilominus
468 2176 871 2233 interpretationem
892 2177 1057 2218 retineo
1081 2176 1305 2233 plerisque
1331 2175 1614 2231 explicatori-

145 2234 228 2275 hus
256 2233 484 2289 probatam
514 2233 589 2286 (ad
617 2233 786 2287 legem,
826 2247 937 2288 quae
958 2233 1255 2286 integritatem
1275 2231 1500 2286 gigneret,
1538 2230 1612 2273 Is-

144 2291 329 2331 raelitae
368 2302 452 2330 non
492 2294 782 2341 accesserunt,
823 2291 1154 2342 pervenerunt),
1200 2288 1401 2344 quoniam
1438 2293 1609 2328 acutam

143 2343 383 2387 antithesin
411 2345 542 2386 infert
571 2340 776 2400 (ethnici,
814 2344 930 2400 quod
956 2358 1038 2386 non
1072 2343 1369 2386 consectantur
1395 2343 1611 2400 assequuta·

142 2407 267 2454 sunt,
306 2401 333 2445 J
339 2400 486 2453 udaei,
526 2400 640 2457 quod
670 2405 968 2443 consectantur
998 2414 1081 2441 non
1113 2399 1328 2456 asseqmeii
1345 2403 1443 2440 sunt
1473 2413 1513 2442 v.
1533 2399 1607 2443 30.

142 2458 252 2511 31.).
319 2457 641 2500 Alexandrinis
668 2456 959 2513 scriptoribus
986 2452 1178 2511 φθάνειν
1207 2452 1316 2496 nihil
1345 2453 1430 2495 nisi
1449 2454 1605 2507 venire,

140 2512 382 2568 pervenire,
422 2513 635 2565 pertinere
656 2513 787 2556 valet.
853 2512 972 2554 Dan.
998 2512 1041 2564 4,
1063 2512 1131 2555 19.
1162 2507 1188 2565 ἦ
1214 2506 1472 2563 μεγαλωσύν
1523 2523 1605 2552 σου

144 2565 420 2623 ἐμεγαλύνϋη
442 2571 514 2610 καὶ
537 2565 738 2625 ἔφθασεν
760 2566 825 2616 εἷς
841 2566 915 2609 τὸν
933 2564 1118 2621 οὐρανόν
1138 2591 1188 2599 -
1205 2598 1213 2607 .
1272 2565 1469 2609 Testam.
1539 2562 1604 2610 Π.

142 2624 391 2667 Patriarcb.
421 2639 463 2679 p.
486 2622 584 2667 530.
614 2625 782 2666 Fabric.
809 2621 1042 2677 ἐφαίνοντο
1070 2616 1151 2676 γᾶρ
1174 2611 1327 2671 αὐταῖς
1350 2619 1396 2661 Ἐ
1417 2618 1603 2678 ρήγοροι

143 2679 227 2730 ἕως
246 2682 324 2721 τοῦ
345 2678 533 2733 οὐρανοῦ
555 2680 801 2734 φθάνοντες
820 2680 934 2732 (lege
956 2675 1295 2734 praecedentia).
1401 2676 1499 2735 ujus
1525 2676 1601 2717 ab·

141 2751 248 2780 usus
267 2735 476 2776 rationem
499 2750 521 2775 e
541 2737 778 2790 longinquo
802 2736 979 2789 repetiit
996 2734 1118 2776 Beza
1138 2730 1190 2773 ad
1212 2732 1254 2775 h.
1276 2731 1331 2776 l.:
1369 2724 1452 2785 „ch
1470 2726 1602 2787 φθά-

142 2808 230 2833 νειν
256 2791 446 2832 diximus
482 2792 637 2834 Matth.
663 2793 729 2842 11,
750 2791 820 2833 28.
842 2791 1017 2846 proprie
1042 2786 1086 2830 id
1113 2802 1235 2839 esse,
1275 2789 1391 2844 quod
1422 2787 1599 2830 Latinis

141 2854 414 2889 antevertere
435 2848 524 2889 sive
550 2847 820 2905 praevenire.
877 2846 1092 2902 Quoniam
1111 2850 1256 2887 autem
1282 2847 1326 2887 in
1351 2843 1601 2887 certamini·
