<?xml version="1.0" encoding="UTF-8"?>
<!DOCTYPE html PUBLIC "-//W3C//DTD XHTML 1.0 Transitional//EN"
    "http://www.w3.org/TR/xhtml1/DTD/xhtml1-transitional.dtd">
<html xmlns="http://www.w3.org/1999/xhtml" xml:lang="en" lang="en">
 <head>
  <title>
</title>
<meta http-equiv="Content-Type" content="text/html;charset=utf-8" />
  <meta name='ocr-system' content='tesseract 3.04.00' />
  <meta name='ocr-capabilities' content='ocr_page ocr_carea ocr_par ocr_line ocrx_word'/>
</head>
<body>
  <div class='ocr_page' id='page_1' title='image "./pauliadromanosep02frituoft/pauliadromanosep02frituoft_0509.png"; bbox 0 0 1715 3115; ppageno 0'>
   <div class='ocr_carea' id='block_1_1' title="bbox 457 169 1569 218">
    <p class='ocr_par' dir='ltr' id='par_1_1' title="bbox 457 169 1569 218">
     <span class='ocr_line' id='line_1_1' title="bbox 457 169 1569 218; baseline -0.001 -1"><span class='ocrx_word' id='word_1_1' title='bbox 457 169 618 218; x_wconf 84' lang='lat' dir='ltr'>CAP.</span> <span class='ocrx_word' id='word_1_2' title='bbox 649 169 745 218; x_wconf 76' lang='lat' dir='ltr'>xl.</span> <span class='ocrx_word' id='word_1_3' title='bbox 781 170 876 216; x_wconf 74' lang='lat' dir='ltr'>Vs,</span> <span class='ocrx_word' id='word_1_4' title='bbox 910 171 987 215; x_wconf 84' lang='grc'><strong>17.</strong></span> <span class='ocrx_word' id='word_1_5' title='bbox 1019 174 1072 214; x_wconf 85' lang='lat' dir='ltr'>et</span> <span class='ocrx_word' id='word_1_6' title='bbox 1103 170 1200 216; x_wconf 90' lang='grc'><strong>18..</strong></span> <span class='ocrx_word' id='word_1_7' title='bbox 1260 182 1263 184; x_wconf 79' lang='grc'><em>·</em></span> <span class='ocrx_word' id='word_1_8' title='bbox 1480 172 1569 217; x_wconf 79' lang='grc'>495</span> 
     </span>
    </p>
   </div>
   <div class='ocr_carea' id='block_1_2' title="bbox 85 274 1570 2884">
    <p class='ocr_par' dir='ltr' id='par_1_2' title="bbox 85 274 1570 2884">
     <span class='ocr_line' id='line_1_2' title="bbox 123 274 1568 336; baseline 0 -13"><span class='ocrx_word' id='word_1_9' title='bbox 123 280 333 336; x_wconf 83' lang='lat' dir='ltr'>lerosque</span> <span class='ocrx_word' id='word_1_10' title='bbox 356 275 605 320; x_wconf 79' lang='lat' dir='ltr'>abdicasset</span> <span class='ocrx_word' id='word_1_11' title='bbox 626 280 687 334; x_wconf 82' lang='lat' dir='ltr'>(v.</span> <span class='ocrx_word' id='word_1_12' title='bbox 706 278 751 323; x_wconf 84' lang='lat'>5.</span> <span class='ocrx_word' id='word_1_13' title='bbox 772 278 903 331; x_wconf 86' lang='lat'>7.8.),</span> <span class='ocrx_word' id='word_1_14' title='bbox 924 281 1068 320; x_wconf 88' lang='lat' dir='ltr'>tamen</span> <span class='ocrx_word' id='word_1_15' title='bbox 1084 276 1136 322; x_wconf 83' lang='lat' dir='ltr'>P.</span> <span class='ocrx_word' id='word_1_16' title='bbox 1159 275 1199 320; x_wconf 86' lang='grc' dir='ltr'>εἷ</span> <span class='ocrx_word' id='word_1_17' title='bbox 1219 274 1268 320; x_wconf 82' lang='grc' dir='ltr'>δέ</span> <span class='ocrx_word' id='word_1_18' title='bbox 1286 291 1434 328; x_wconf 81' lang='grc' dir='ltr'><strong><em>τινες</em></strong></span> <span class='ocrx_word' id='word_1_19' title='bbox 1451 294 1489 321; x_wconf 84' lang='grc' dir='ltr'><strong>τ.</strong></span> <span class='ocrx_word' id='word_1_20' title='bbox 1501 280 1568 324; x_wconf 86' lang='grc' dir='ltr'>κλ.</span> 
     </span>
     <span class='ocr_line' id='line_1_3' title="bbox 90 294 1570 392; baseline 0 -13"><span class='ocrx_word' id='word_1_21' title='bbox 90 294 149 387; x_wconf 52' lang='grc' dir='ltr'>ἓξ.</span> <span class='ocrx_word' id='word_1_22' title='bbox 172 337 230 389; x_wconf 85' lang='lat' dir='ltr'>(si</span> <span class='ocrx_word' id='word_1_23' title='bbox 255 341 396 377; x_wconf 83' lang='lat' dir='ltr'>autem</span> <span class='ocrx_word' id='word_1_24' title='bbox 427 336 560 391; x_wconf 70' lang='lat' dir='ltr'>aliqui</span> <span class='ocrx_word' id='word_1_25' title='bbox 590 336 699 376; x_wconf 85' lang='lat' dir='ltr'>rami</span> <span class='ocrx_word' id='word_1_26' title='bbox 731 335 866 376; x_wconf 76' lang='lat' dir='ltr'>excisi</span> <span class='ocrx_word' id='word_1_27' title='bbox 899 337 1024 388; x_wconf 91' lang='lat' dir='ltr'>sunt)</span> <span class='ocrx_word' id='word_1_28' title='bbox 1053 335 1236 392; x_wconf 85' lang='lat' dir='ltr'>scripsit</span> <span class='ocrx_word' id='word_1_29' title='bbox 1264 337 1570 379; x_wconf 64' lang='lat' dir='ltr'>extenuatione</span> 
     </span>
     <span class='ocr_line' id='line_1_4' title="bbox 86 391 1567 449; baseline 0.001 -14"><span class='ocrx_word' id='word_1_30' title='bbox 86 393 283 435; x_wconf 73' lang='lat' dir='ltr'>oratoria</span> <span class='ocrx_word' id='word_1_31' title='bbox 307 406 435 439; x_wconf 80' lang='lat' dir='ltr'>usus,</span> <span class='ocrx_word' id='word_1_32' title='bbox 477 393 561 447; x_wconf 65' lang='lat' dir='ltr'>qua</span> <span class='ocrx_word' id='word_1_33' title='bbox 585 406 666 433; x_wconf 77' lang='lat' dir='ltr'>non</span> <span class='ocrx_word' id='word_1_34' title='bbox 695 406 836 433; x_wconf 82' lang='lat' dir='ltr'>omnes</span> <span class='ocrx_word' id='word_1_35' title='bbox 864 404 1009 432; x_wconf 90' lang='lat' dir='ltr'>ramos</span> <span class='ocrx_word' id='word_1_36' title='bbox 1042 391 1263 433; x_wconf 82' lang='lat' dir='ltr'>defractos</span> <span class='ocrx_word' id='word_1_37' title='bbox 1293 406 1416 444; x_wconf 87' lang='lat' dir='ltr'>esse,</span> <span class='ocrx_word' id='word_1_38' title='bbox 1449 393 1567 449; x_wconf 84' lang='lat' dir='ltr'>quod</span> 
     </span>
     <span class='ocr_line' id='line_1_5' title="bbox 86 447 1565 504; baseline 0.001 -14"><span class='ocrx_word' id='word_1_39' title='bbox 86 449 249 491; x_wconf 79' lang='lat' dir='ltr'>factum</span> <span class='ocrx_word' id='word_1_40' title='bbox 271 463 370 490; x_wconf 87' lang='lat' dir='ltr'>esse</span> <span class='ocrx_word' id='word_1_41' title='bbox 395 451 449 489; x_wconf 90' lang='lat' dir='ltr'>ab</span> <span class='ocrx_word' id='word_1_42' title='bbox 471 448 657 489; x_wconf 81' lang='lat' dir='ltr'>ethnicis</span> <span class='ocrx_word' id='word_1_43' title='bbox 677 462 838 504; x_wconf 88' lang='lat' dir='ltr'>paucos</span> <span class='ocrx_word' id='word_1_44' title='bbox 861 447 1053 490; x_wconf 85' lang='lat' dir='ltr'>Judaeos</span> <span class='ocrx_word' id='word_1_45' title='bbox 1073 463 1154 490; x_wconf 81' lang='lat' dir='ltr'>non</span> <span class='ocrx_word' id='word_1_46' title='bbox 1180 449 1288 503; x_wconf 75' lang='lat' dir='ltr'>quod</span> <span class='ocrx_word' id='word_1_47' title='bbox 1308 449 1461 491; x_wconf 61' lang='lat' dir='ltr'>„ludaei</span> <span class='ocrx_word' id='word_1_48' title='bbox 1488 465 1565 491; x_wconf 85' lang='lat' dir='ltr'>es-</span> 
     </span>
     <span class='ocr_line' id='line_1_6' title="bbox 87 503 1567 561; baseline 0.001 -14"><span class='ocrx_word' id='word_1_49' title='bbox 87 510 181 548; x_wconf 75' lang='lat' dir='ltr'>sent</span> <span class='ocrx_word' id='word_1_50' title='bbox 202 505 278 547; x_wconf 90' lang='lat' dir='ltr'>sed</span> <span class='ocrx_word' id='word_1_51' title='bbox 302 504 697 561; x_wconf 86' lang='lat' dir='ltr'>quoniamChristo</span> <span class='ocrx_word' id='word_1_52' title='bbox 721 503 847 545; x_wconf 82' lang='lat' dir='ltr'>fidem</span> <span class='ocrx_word' id='word_1_53' title='bbox 872 504 1129 546; x_wconf 78' lang='lat' dir='ltr'><strong>habuissent</strong></span> <span class='ocrx_word' id='word_1_54' title='bbox 1143 504 1229 545; x_wconf 91' lang='lat' dir='ltr'>Dei</span> <span class='ocrx_word' id='word_1_55' title='bbox 1251 505 1442 547; x_wconf 84' lang='lat' dir='ltr'>favorem</span> <span class='ocrx_word' id='word_1_56' title='bbox 1462 520 1567 548; x_wconf 90' lang='lat' dir='ltr'>con-</span> 
     </span>
     <span class='ocr_line' id='line_1_7' title="bbox 88 560 1568 618; baseline 0.001 -15"><span class='ocrx_word' id='word_1_57' title='bbox 88 568 301 618; x_wconf 80' lang='lat' dir='ltr'>sequutus</span> <span class='ocrx_word' id='word_1_58' title='bbox 325 576 423 603; x_wconf 87' lang='lat' dir='ltr'>esse</span> <span class='ocrx_word' id='word_1_59' title='bbox 444 561 674 602; x_wconf 85' lang='lat' dir='ltr'>arbitratis</span> <span class='ocrx_word' id='word_1_60' title='bbox 697 560 826 618; x_wconf 87' lang='lat' dir='ltr'>objici</span> <span class='ocrx_word' id='word_1_61' title='bbox 852 566 1050 617; x_wconf 90' lang='lat' dir='ltr'>poterat,</span> <span class='ocrx_word' id='word_1_62' title='bbox 1090 561 1332 603; x_wconf 80' lang='lat' dir='ltr'><strong>fortissime</strong></span> <span class='ocrx_word' id='word_1_63' title='bbox 1364 563 1568 605; x_wconf 87' lang='lat' dir='ltr'>enuntia-</span> 
     </span>
     <span class='ocr_line' id='line_1_8' title="bbox 88 617 1567 674; baseline 0 -13"><span class='ocrx_word' id='word_1_64' title='bbox 88 626 157 661; x_wconf 86' lang='lat' dir='ltr'>ret</span> <span class='ocrx_word' id='word_1_65' title='bbox 176 619 253 674; x_wconf 86' lang='lat' dir='ltr'>(cf.</span> <span class='ocrx_word' id='word_1_66' title='bbox 277 620 408 671; x_wconf 77' lang='lat'><strong>3,3.).</strong></span> <span class='ocrx_word' id='word_1_67' title='bbox 471 617 653 660; x_wconf 86' lang='lat' dir='ltr'>Paulum</span> <span class='ocrx_word' id='word_1_68' title='bbox 685 618 884 672; x_wconf 75' lang='lat' dir='ltr'>quosdam</span> <span class='ocrx_word' id='word_1_69' title='bbox 915 632 994 674; x_wconf 89' lang='lat' dir='ltr'>pro</span> <span class='ocrx_word' id='word_1_70' title='bbox 1027 618 1146 674; x_wconf 75' lang='lat' dir='ltr'>lonqe</span> <span class='ocrx_word' id='word_1_71' title='bbox 1172 618 1372 671; x_wconf 73' lang='lat' dir='ltr'>plurimis</span> <span class='ocrx_word' id='word_1_72' title='bbox 1404 633 1567 662; x_wconf 90' lang='lat' dir='ltr'>memo-</span> 
     </span>
     <span class='ocr_line' id='line_1_9' title="bbox 87 673 1565 731; baseline 0.002 -14"><span class='ocrx_word' id='word_1_73' title='bbox 87 690 213 718; x_wconf 86' lang='lat' dir='ltr'>rasse</span> <span class='ocrx_word' id='word_1_74' title='bbox 236 676 303 717; x_wconf 84' lang='lat' dir='ltr'>vel</span> <span class='ocrx_word' id='word_1_75' title='bbox 333 673 614 728; x_wconf 72' lang='lat' dir='ltr'>euphemismo</span> <span class='ocrx_word' id='word_1_76' title='bbox 642 674 824 728; x_wconf 86' lang='lat' dir='ltr'>(Grot.)</span> <span class='ocrx_word' id='word_1_77' title='bbox 855 688 982 716; x_wconf 90' lang='lat' dir='ltr'>usum</span> <span class='ocrx_word' id='word_1_78' title='bbox 1011 675 1079 716; x_wconf 74' lang='lat' dir='ltr'>vel</span> <span class='ocrx_word' id='word_1_79' title='bbox 1109 675 1410 716; x_wconf 71' lang='lat' dir='ltr'>charientismo</span> <span class='ocrx_word' id='word_1_80' title='bbox 1438 677 1565 731; x_wconf 75' lang='lat' dir='ltr'>(Chr.</span> 
     </span>
     <span class='ocr_line' id='line_1_10' title="bbox 87 726 1566 786; baseline 0 -11"><span class='ocrx_word' id='word_1_81' title='bbox 87 733 162 775; x_wconf 85' lang='lat' dir='ltr'>Fr.</span> <span class='ocrx_word' id='word_1_82' title='bbox 183 732 397 786; x_wconf 72' lang='lat' dir='ltr'>Sclemid.)</span> <span class='ocrx_word' id='word_1_83' title='bbox 418 745 499 771; x_wconf 92' lang='lat' dir='ltr'>non</span> <span class='ocrx_word' id='word_1_84' title='bbox 521 737 639 772; x_wconf 88' lang='lat' dir='ltr'>recte</span> <span class='ocrx_word' id='word_1_85' title='bbox 670 730 948 772; x_wconf 77' lang='lat' dir='ltr'>observatum</span> <span class='ocrx_word' id='word_1_86' title='bbox 978 736 1060 773; x_wconf 87' lang='lat' dir='ltr'>est.</span> <span class='ocrx_word' id='word_1_87' title='bbox 1121 726 1322 780; x_wconf 81' lang='grc' dir='ltr'><em>Κλάὸός,</em></span> <span class='ocrx_word' id='word_1_88' title='bbox 1354 734 1566 779; x_wconf 82' lang='lat' dir='ltr'>ramulas.</span> 
     </span>
     <span class='ocr_line' id='line_1_11' title="bbox 86 786 1566 845; baseline 0.001 -14"><span class='ocrx_word' id='word_1_89' title='bbox 86 789 387 845; x_wconf 86' lang='lat' dir='ltr'>Theophrast.</span> <span class='ocrx_word' id='word_1_90' title='bbox 410 787 532 830; x_wconf 86' lang='lat' dir='ltr'>Hist.</span> <span class='ocrx_word' id='word_1_91' title='bbox 556 786 702 831; x_wconf 85' lang='lat' dir='ltr'>Plant.</span> <span class='ocrx_word' id='word_1_92' title='bbox 724 788 867 839; x_wconf 83' lang='lat' dir='ltr'>l‚1,9.</span> <span class='ocrx_word' id='word_1_93' title='bbox 887 786 1048 829; x_wconf 78' lang='grc' dir='ltr'><em>κλάδον</em></span> <span class='ocrx_word' id='word_1_94' title='bbox 1070 787 1119 829; x_wconf 74' lang='grc' dir='ltr'>δὲ</span> <span class='ocrx_word' id='word_1_95' title='bbox 1138 791 1222 842; x_wconf 89' lang='lat' dir='ltr'>(sc.</span> <span class='ocrx_word' id='word_1_96' title='bbox 1245 787 1378 842; x_wconf 71' lang='grc' dir='ltr'><em>λέγω)</em></span> <span class='ocrx_word' id='word_1_97' title='bbox 1395 789 1445 830; x_wconf 75' lang='grc' dir='ltr'>τὸ</span> <span class='ocrx_word' id='word_1_98' title='bbox 1456 791 1566 841; x_wconf 80' lang='grc' dir='ltr'><em>βλά-</em></span> 
     </span>
     <span class='ocr_line' id='line_1_12' title="bbox 89 837 1567 901; baseline 0.001 -14"><span class='ocrx_word' id='word_1_99' title='bbox 89 860 234 901; x_wconf 80' lang='grc' dir='ltr'><strong><em>στημα</em></strong></span> <span class='ocrx_word' id='word_1_100' title='bbox 254 846 304 886; x_wconf 73' lang='grc' dir='ltr'>τὰ</span> <span class='ocrx_word' id='word_1_101' title='bbox 328 843 375 885; x_wconf 78' lang='grc' dir='ltr'>ἐκ</span> <span class='ocrx_word' id='word_1_102' title='bbox 394 845 561 885; x_wconf 76' lang='grc' dir='ltr'>τούτων</span> <span class='ocrx_word' id='word_1_103' title='bbox 578 847 672 901; x_wconf 89' lang='lat' dir='ltr'>(np.</span> <span class='ocrx_word' id='word_1_104' title='bbox 692 847 778 884; x_wconf 71' lang='grc' dir='ltr'>τῶν</span> <span class='ocrx_word' id='word_1_105' title='bbox 802 841 1073 899; x_wconf 73' lang='grc' dir='ltr'><strong><em>ἀκρεμόνων)</em></strong></span> <span class='ocrx_word' id='word_1_106' title='bbox 1101 837 1174 898; x_wconf 72' lang='grc' dir='ltr'>ὕφ’</span> <span class='ocrx_word' id='word_1_107' title='bbox 1196 840 1264 892; x_wconf 63' lang='grc' dir='ltr'>ἓν,</span> <span class='ocrx_word' id='word_1_108' title='bbox 1305 837 1399 885; x_wconf 80' lang='grc' dir='ltr'>οἷον</span> <span class='ocrx_word' id='word_1_109' title='bbox 1423 845 1567 898; x_wconf 83' lang='grc' dir='ltr'><em>μάλι-</em></span> 
     </span>
     <span class='ocr_line' id='line_1_13' title="bbox 88 896 1563 958; baseline 0.001 -15"><span class='ocrx_word' id='word_1_110' title='bbox 88 916 171 943; x_wconf 86' lang='grc' dir='ltr'>στα</span> <span class='ocrx_word' id='word_1_111' title='bbox 190 900 240 942; x_wconf 81' lang='grc' dir='ltr'>τὸ</span> <span class='ocrx_word' id='word_1_112' title='bbox 272 899 548 943; x_wconf 78' lang='grc' dir='ltr'>ἐπέτειον.</span> <span class='ocrx_word' id='word_1_113' title='bbox 594 901 708 950; x_wconf 70' lang='grc' dir='ltr'><strong><em>τινὲς</em></strong></span> <span class='ocrx_word' id='word_1_114' title='bbox 733 899 819 941; x_wconf 82' lang='grc' dir='ltr'>τῶν</span> <span class='ocrx_word' id='word_1_115' title='bbox 850 900 1068 941; x_wconf 73' lang='grc' dir='ltr'>κλάδων</span> <span class='ocrx_word' id='word_1_116' title='bbox 1102 896 1563 958; x_wconf 78' lang='grc' dir='ltr'><strong><em>ἐξεκλάσθησαν]</em></strong></span> 
     </span>
     <span class='ocr_line' id='line_1_14' title="bbox 87 956 1567 1013; baseline 0.002 -13"><span class='ocrx_word' id='word_1_117' title='bbox 87 957 401 1000; x_wconf 87' lang='lat' dir='ltr'>Paronomasia</span> <span class='ocrx_word' id='word_1_118' title='bbox 424 957 501 1012; x_wconf 79' lang='lat' dir='ltr'><strong>(cs.</strong></span> <span class='ocrx_word' id='word_1_119' title='bbox 520 971 560 999; x_wconf 79' lang='lat' dir='ltr'>v.</span> <span class='ocrx_word' id='word_1_120' title='bbox 584 958 696 1010; x_wconf 88' lang='lat'>19.),</span> <span class='ocrx_word' id='word_1_121' title='bbox 737 971 863 1013; x_wconf 86' lang='lat' dir='ltr'>quam</span> <span class='ocrx_word' id='word_1_122' title='bbox 885 957 1021 998; x_wconf 87' lang='lat' dir='ltr'>latine</span> <span class='ocrx_word' id='word_1_123' title='bbox 1042 956 1105 998; x_wconf 88' lang='lat' dir='ltr'>sic</span> <span class='ocrx_word' id='word_1_124' title='bbox 1134 957 1240 997; x_wconf 85' lang='lat' dir='ltr'>licet</span> <span class='ocrx_word' id='word_1_125' title='bbox 1269 956 1485 1002; x_wconf 80' lang='lat' dir='ltr'>imiteris:</span> <span class='ocrx_word' id='word_1_126' title='bbox 1525 962 1567 1003; x_wconf 88' lang='lat' dir='ltr'>si</span> 
     </span>
     <span class='ocr_line' id='line_1_15' title="bbox 87 1012 1567 1069; baseline 0.001 -13"><span class='ocrx_word' id='word_1_127' title='bbox 87 1021 230 1057; x_wconf 84' lang='lat' dir='ltr'>autem</span> <span class='ocrx_word' id='word_1_128' title='bbox 255 1015 392 1069; x_wconf 81' lang='lat' dir='ltr'>aliqui</span> <span class='ocrx_word' id='word_1_129' title='bbox 413 1014 605 1056; x_wconf 79' lang='lat' dir='ltr'>termites</span> <span class='ocrx_word' id='word_1_130' title='bbox 625 1014 907 1056; x_wconf 67' lang='lat' dir='ltr'>eoeterminati</span> <span class='ocrx_word' id='word_1_131' title='bbox 937 1018 1055 1056; x_wconf 89' lang='lat' dir='ltr'>sunt.</span> <span class='ocrx_word' id='word_1_132' title='bbox 1114 1012 1278 1056; x_wconf 81' lang='lat' dir='ltr'><strong>Utrum</strong></span> <span class='ocrx_word' id='word_1_133' title='bbox 1311 1017 1567 1069; x_wconf 85' lang='lat' dir='ltr'>agnomina-</span> 
     </span>
     <span class='ocr_line' id='line_1_16' title="bbox 87 1069 1566 1126; baseline 0.001 -13"><span class='ocrx_word' id='word_1_134' title='bbox 87 1072 149 1113; x_wconf 92' lang='lat' dir='ltr'>tio</span> <span class='ocrx_word' id='word_1_135' title='bbox 171 1071 351 1112; x_wconf 80' lang='lat' dir='ltr'>fortuita</span> <span class='ocrx_word' id='word_1_136' title='bbox 375 1069 457 1121; x_wconf 86' lang='lat' dir='ltr'>sit,</span> <span class='ocrx_word' id='word_1_137' title='bbox 487 1084 542 1111; x_wconf 89' lang='lat' dir='ltr'>an</span> <span class='ocrx_word' id='word_1_138' title='bbox 565 1070 763 1112; x_wconf 83' lang='lat' dir='ltr'>studiose</span> <span class='ocrx_word' id='word_1_139' title='bbox 787 1070 986 1126; x_wconf 83' lang='lat' dir='ltr'>quaesita</span> <span class='ocrx_word' id='word_1_140' title='bbox 1017 1070 1193 1111; x_wconf 81' lang='lat' dir='ltr'>definiri</span> <span class='ocrx_word' id='word_1_141' title='bbox 1221 1073 1392 1126; x_wconf 87' lang='lat' dir='ltr'>nequit.</span> <span class='ocrx_word' id='word_1_142' title='bbox 1449 1072 1566 1116; x_wconf 82' lang='lat' dir='ltr'>Mihi</span> 
     </span>
     <span class='ocr_line' id='line_1_17' title="bbox 88 1127 1563 1184; baseline 0.002 -16"><span class='ocrx_word' id='word_1_143' title='bbox 88 1127 262 1184; x_wconf 87' lang='lat' dir='ltr'>quidem</span> <span class='ocrx_word' id='word_1_144' title='bbox 294 1128 513 1183; x_wconf 83' lang='lat' dir='ltr'>posterior</span> <span class='ocrx_word' id='word_1_145' title='bbox 538 1127 755 1168; x_wconf 88' lang='lat' dir='ltr'>sententia</span> <span class='ocrx_word' id='word_1_146' title='bbox 787 1127 1074 1168; x_wconf 68' lang='lat' dir='ltr'>verisimilior</span> <span class='ocrx_word' id='word_1_147' title='bbox 1109 1127 1298 1170; x_wconf 88' lang='lat' dir='ltr'>videtur.</span> <span class='ocrx_word' id='word_1_148' title='bbox 1358 1128 1473 1171; x_wconf 88' lang='lat' dir='ltr'>Nam</span> <span class='ocrx_word' id='word_1_149' title='bbox 1507 1129 1563 1175; x_wconf 85' lang='lat' dir='ltr'>P.</span> 
     </span>
     <span class='ocr_line' id='line_1_18' title="bbox 87 1182 1565 1243; baseline 0.003 -18"><span class='ocrx_word' id='word_1_150' title='bbox 87 1183 406 1242; x_wconf 87' lang='lat' dir='ltr'>paronomasiis</span> <span class='ocrx_word' id='word_1_151' title='bbox 428 1183 553 1225; x_wconf 75' lang='lat' dir='ltr'>valde</span> <span class='ocrx_word' id='word_1_152' title='bbox 576 1184 821 1226; x_wconf 83' lang='lat' dir='ltr'>delectatur</span> <span class='ocrx_word' id='word_1_153' title='bbox 850 1186 912 1240; x_wconf 78' lang='lat' dir='ltr'>(v.</span> <span class='ocrx_word' id='word_1_154' title='bbox 935 1182 972 1234; x_wconf 87' lang='grc' dir='ltr'>Ι,</span> <span class='ocrx_word' id='word_1_155' title='bbox 991 1185 1085 1226; x_wconf 85' lang='grc'><strong>127.</strong></span> <span class='ocrx_word' id='word_1_156' title='bbox 1107 1185 1198 1240; x_wconf 88' lang='lat' dir='ltr'>sq.)</span> <span class='ocrx_word' id='word_1_157' title='bbox 1226 1183 1489 1243; x_wconf 82' lang='lat' dir='ltr'>videturque</span> <span class='ocrx_word' id='word_1_158' title='bbox 1520 1188 1565 1230; x_wconf 88' lang='lat' dir='ltr'>ei</span> 
     </span>
     <span class='ocr_line' id='line_1_19' title="bbox 88 1239 1564 1302; baseline 0.002 -19"><span class='ocrx_word' id='word_1_159' title='bbox 88 1246 242 1283; x_wconf 87' lang='lat' dir='ltr'>horum</span> <span class='ocrx_word' id='word_1_160' title='bbox 263 1254 468 1282; x_wconf 92' lang='lat' dir='ltr'>sonorum</span> <span class='ocrx_word' id='word_1_161' title='bbox 490 1241 690 1282; x_wconf 76' lang='lat' dir='ltr'>vicinitas</span> <span class='ocrx_word' id='word_1_162' title='bbox 709 1241 898 1292; x_wconf 79' lang='grc' dir='ltr'>(κλάδων</span> <span class='ocrx_word' id='word_1_163' title='bbox 918 1239 1267 1296; x_wconf 69' lang='grc' dir='ltr'><strong><em>ἐξεκλάσθησαν)</em></strong></span> <span class='ocrx_word' id='word_1_164' title='bbox 1289 1243 1446 1285; x_wconf 77' lang='lat' dir='ltr'>eximie</span> <span class='ocrx_word' id='word_1_165' title='bbox 1466 1246 1564 1302; x_wconf 82' lang='lat' dir='ltr'>pla-</span> 
     </span>
     <span class='ocr_line' id='line_1_20' title="bbox 86 1296 1564 1353; baseline 0.002 -13"><span class='ocrx_word' id='word_1_166' title='bbox 86 1299 254 1349; x_wconf 86' lang='lat' dir='ltr'>cuisse,</span> <span class='ocrx_word' id='word_1_167' title='bbox 286 1311 416 1353; x_wconf 87' lang='lat' dir='ltr'>quum</span> <span class='ocrx_word' id='word_1_168' title='bbox 441 1311 533 1338; x_wconf 90' lang='lat' dir='ltr'>eam</span> <span class='ocrx_word' id='word_1_169' title='bbox 556 1312 596 1340; x_wconf 78' lang='grc' dir='ltr'>ν.</span> <span class='ocrx_word' id='word_1_170' title='bbox 620 1299 688 1339; x_wconf 84' lang='grc'><strong>19.</strong></span> <span class='ocrx_word' id='word_1_171' title='bbox 710 1298 960 1340; x_wconf 87' lang='lat' dir='ltr'>retinuerit.</span> <span class='ocrx_word' id='word_1_172' title='bbox 1023 1296 1249 1339; x_wconf 86' lang='lat' dir='ltr'>Potuisset</span> <span class='ocrx_word' id='word_1_173' title='bbox 1272 1305 1415 1342; x_wconf 87' lang='lat' dir='ltr'>autem</span> <span class='ocrx_word' id='word_1_174' title='bbox 1446 1302 1564 1350; x_wconf 79' lang='grc' dir='ltr'><strong><em>τινὲς</em></strong></span> 
     </span>
     <span class='ocr_line' id='line_1_21' title="bbox 85 1350 1563 1413; baseline 0.003 -17"><span class='ocrx_word' id='word_1_175' title='bbox 85 1354 171 1396; x_wconf 77' lang='grc' dir='ltr'>τῶν</span> <span class='ocrx_word' id='word_1_176' title='bbox 189 1351 360 1395; x_wconf 76' lang='grc' dir='ltr'>κλάὸων</span> <span class='ocrx_word' id='word_1_177' title='bbox 388 1350 741 1410; x_wconf 76' lang='grc' dir='ltr'><strong><em>ἐξεκόπησαν</em></strong></span> <span class='ocrx_word' id='word_1_178' title='bbox 769 1361 828 1405; x_wconf 80' lang='lat' dir='ltr'>(v.</span> <span class='ocrx_word' id='word_1_179' title='bbox 847 1355 918 1396; x_wconf 83' lang='lat'>22.</span> <span class='ocrx_word' id='word_1_180' title='bbox 945 1353 1041 1405; x_wconf 80' lang='lat'>24.)</span> <span class='ocrx_word' id='word_1_181' title='bbox 1070 1353 1233 1398; x_wconf 85' lang='lat' dir='ltr'>dicere.</span> <span class='ocrx_word' id='word_1_182' title='bbox 1291 1355 1366 1412; x_wconf 79' lang='grc' dir='ltr'>σύ]</span> <span class='ocrx_word' id='word_1_183' title='bbox 1394 1372 1563 1413; x_wconf 80' lang='lat' dir='ltr'>„mmm</span> 
     </span>
     <span class='ocr_line' id='line_1_22' title="bbox 87 1410 1563 1468; baseline 0.002 -15"><span class='ocrx_word' id='word_1_184' title='bbox 87 1413 270 1467; x_wconf 75' lang='lat' dir='ltr'>aliquem</span> <span class='ocrx_word' id='word_1_185' title='bbox 291 1411 520 1465; x_wconf 73' lang='lat' dir='ltr'>alloquitur</span> <span class='ocrx_word' id='word_1_186' title='bbox 536 1424 614 1462; x_wconf 76' lang='lat' dir='ltr'>pro</span> <span class='ocrx_word' id='word_1_187' title='bbox 636 1411 864 1452; x_wconf 59' lang='lat' dir='ltr'>omnibus?¹</span> <span class='ocrx_word' id='word_1_188' title='bbox 905 1410 1081 1452; x_wconf 75' lang='lat' dir='ltr'>Grotius</span> <span class='ocrx_word' id='word_1_189' title='bbox 1101 1412 1180 1466; x_wconf 82' lang='lat' dir='ltr'>(cf.</span> <span class='ocrx_word' id='word_1_190' title='bbox 1200 1412 1241 1463; x_wconf 90' lang='lat'>2,</span> <span class='ocrx_word' id='word_1_191' title='bbox 1259 1413 1364 1466; x_wconf 86' lang='grc'><strong>17.).</strong></span> <span class='ocrx_word' id='word_1_192' title='bbox 1405 1411 1563 1468; x_wconf 77' lang='grc' dir='ltr'><em>ἀγριέ-</em></span> 
     </span>
     <span class='ocr_line' id='line_1_23' title="bbox 87 1465 1564 1525; baseline 0.004 -17"><span class='ocrx_word' id='word_1_193' title='bbox 87 1469 215 1517; x_wconf 87' lang='grc' dir='ltr'><em>λαιος</em></span> <span class='ocrx_word' id='word_1_194' title='bbox 246 1468 325 1521; x_wconf 75' lang='grc' dir='ltr'>ὢν]</span> <span class='ocrx_word' id='word_1_195' title='bbox 354 1465 628 1522; x_wconf 71' lang='grc' dir='ltr'><em>Ἀγριέλαιος</em></span> <span class='ocrx_word' id='word_1_196' title='bbox 656 1468 699 1511; x_wconf 85' lang='lat' dir='ltr'>h.</span> <span class='ocrx_word' id='word_1_197' title='bbox 729 1467 761 1510; x_wconf 89' lang='lat' dir='ltr'>l.</span> <span class='ocrx_word' id='word_1_198' title='bbox 790 1466 1070 1525; x_wconf 84' lang='lat' dir='ltr'>Adjectivum</span> <span class='ocrx_word' id='word_1_199' title='bbox 1101 1474 1170 1509; x_wconf 89' lang='lat' dir='ltr'>est</span> <span class='ocrx_word' id='word_1_200' title='bbox 1197 1469 1275 1523; x_wconf 76' lang='lat' dir='ltr'>(cf.</span> <span class='ocrx_word' id='word_1_201' title='bbox 1305 1467 1564 1524; x_wconf 74' lang='grc' dir='ltr'><em>ἀγριέλαιος</em></span> 
     </span>
     <span class='ocr_line' id='line_1_24' title="bbox 87 1522 1564 1582; baseline 0.003 -16"><span class='ocrx_word' id='word_1_202' title='bbox 87 1525 300 1578; x_wconf 81' lang='grc' dir='ltr'>σκυτάλη)</span> <span class='ocrx_word' id='word_1_203' title='bbox 321 1528 392 1575; x_wconf 81' lang='lat' dir='ltr'>tu,</span> <span class='ocrx_word' id='word_1_204' title='bbox 423 1524 493 1579; x_wconf 78' lang='lat' dir='ltr'>qui</span> <span class='ocrx_word' id='word_1_205' title='bbox 512 1524 553 1564; x_wconf 78' lang='lat' dir='ltr'>in</span> <span class='ocrx_word' id='word_1_206' title='bbox 576 1524 757 1566; x_wconf 80' lang='lat' dir='ltr'>oleastro</span> <span class='ocrx_word' id='word_1_207' title='bbox 777 1529 905 1566; x_wconf 83' lang='lat' dir='ltr'>natus</span> <span class='ocrx_word' id='word_1_208' title='bbox 923 1524 984 1564; x_wconf 79' lang='lat' dir='ltr'>se&#39;s</span> <span class='ocrx_word' id='word_1_209' title='bbox 1008 1523 1037 1566; x_wconf 91' lang='lat' dir='ltr'>i.</span> <span class='ocrx_word' id='word_1_210' title='bbox 1057 1539 1100 1580; x_wconf 80' lang='lat' dir='ltr'>q.</span> <span class='ocrx_word' id='word_1_211' title='bbox 1122 1522 1170 1566; x_wconf 76' lang='grc' dir='ltr'>ἐκ</span> <span class='ocrx_word' id='word_1_212' title='bbox 1195 1524 1275 1582; x_wconf 66' lang='grc' dir='ltr'>τῆς</span> <span class='ocrx_word' id='word_1_213' title='bbox 1302 1523 1564 1582; x_wconf 72' lang='grc' dir='ltr'><em>ἀγριελαίου</em></span> 
     </span>
     <span class='ocr_line' id='line_1_25' title="bbox 88 1578 1562 1639; baseline 0.004 -18"><span class='ocrx_word' id='word_1_214' title='bbox 88 1581 148 1622; x_wconf 78' lang='grc' dir='ltr'>ὢν</span> <span class='ocrx_word' id='word_1_215' title='bbox 165 1582 240 1635; x_wconf 83' lang='lat' dir='ltr'>(cf.</span> <span class='ocrx_word' id='word_1_216' title='bbox 263 1595 300 1622; x_wconf 78' lang='lat' dir='ltr'>v.</span> <span class='ocrx_word' id='word_1_217' title='bbox 322 1579 432 1633; x_wconf 42' lang='lat'>2⁴3.</span> <span class='ocrx_word' id='word_1_218' title='bbox 493 1579 593 1621; x_wconf 91' lang='lat' dir='ltr'>Non</span> <span class='ocrx_word' id='word_1_219' title='bbox 617 1580 753 1635; x_wconf 88' lang='lat' dir='ltr'>igitur</span> <span class='ocrx_word' id='word_1_220' title='bbox 775 1586 863 1632; x_wconf 86' lang='lat' dir='ltr'>est,</span> <span class='ocrx_word' id='word_1_221' title='bbox 897 1580 1012 1636; x_wconf 89' lang='lat' dir='ltr'>quod</span> <span class='ocrx_word' id='word_1_222' title='bbox 1043 1578 1157 1622; x_wconf 83' lang='grc' dir='ltr'>κλών</span> <span class='ocrx_word' id='word_1_223' title='bbox 1184 1595 1222 1625; x_wconf 81' lang='grc' dir='ltr'><strong>ε.</strong></span> <span class='ocrx_word' id='word_1_224' title='bbox 1251 1582 1414 1632; x_wconf 72' lang='grc' dir='ltr'><em>κλάδος</em></span> <span class='ocrx_word' id='word_1_225' title='bbox 1441 1585 1562 1639; x_wconf 84' lang='lat' dir='ltr'>cogi-</span> 
     </span>
     <span class='ocr_line' id='line_1_26' title="bbox 85 1636 1560 1695; baseline 0.003 -16"><span class='ocrx_word' id='word_1_226' title='bbox 85 1637 220 1680; x_wconf 88' lang='lat' dir='ltr'>tando</span> <span class='ocrx_word' id='word_1_227' title='bbox 242 1637 433 1678; x_wconf 78' lang='lat' dir='ltr'>asciscas</span> <span class='ocrx_word' id='word_1_228' title='bbox 452 1636 647 1692; x_wconf 74' lang='lat' dir='ltr'>(Kopp.)</span> <span class='ocrx_word' id='word_1_229' title='bbox 678 1637 958 1689; x_wconf 78' lang='lat' dir='ltr'>oleastrimes,</span> <span class='ocrx_word' id='word_1_230' title='bbox 1001 1637 1095 1679; x_wconf 88' lang='lat' dir='ltr'>sive</span> <span class='ocrx_word' id='word_1_231' title='bbox 1123 1638 1271 1695; x_wconf 91' lang='lat' dir='ltr'>potius</span> <span class='ocrx_word' id='word_1_232' title='bbox 1300 1640 1343 1681; x_wconf 82' lang='lat' dir='ltr'>in</span> <span class='ocrx_word' id='word_1_233' title='bbox 1372 1640 1560 1684; x_wconf 77' lang='lat' dir='ltr'>oleastro</span> 
     </span>
     <span class='ocr_line' id='line_1_27' title="bbox 87 1692 1562 1750; baseline 0.003 -14"><span class='ocrx_word' id='word_1_234' title='bbox 87 1699 215 1737; x_wconf 78' lang='lat' dir='ltr'>uatus</span> <span class='ocrx_word' id='word_1_235' title='bbox 248 1698 376 1746; x_wconf 88' lang='lat' dir='ltr'>(nam</span> <span class='ocrx_word' id='word_1_236' title='bbox 414 1692 673 1736; x_wconf 76' lang='lat' dir='ltr'>oleas-trinus</span> <span class='ocrx_word' id='word_1_237' title='bbox 709 1707 833 1735; x_wconf 88' lang='lat' dir='ltr'>nemo</span> <span class='ocrx_word' id='word_1_238' title='bbox 870 1694 1126 1750; x_wconf 84' lang='lat' dir='ltr'>usurpavit)</span> <span class='ocrx_word' id='word_1_239' title='bbox 1165 1696 1358 1738; x_wconf 82' lang='lat' dir='ltr'>calamus</span> <span class='ocrx_word' id='word_1_240' title='bbox 1393 1696 1562 1750; x_wconf 67' lang='lat' dir='ltr'>(Bezm</span> 
     </span>
     <span class='ocr_line' id='line_1_28' title="bbox 87 1749 1560 1803; baseline 0.003 -12"><span class='ocrx_word' id='word_1_241' title='bbox 87 1751 270 1792; x_wconf 78' lang='lat' dir='ltr'>oleaster</span> <span class='ocrx_word' id='word_1_242' title='bbox 291 1750 321 1792; x_wconf 90' lang='lat' dir='ltr'>i.</span> <span class='ocrx_word' id='word_1_243' title='bbox 350 1764 389 1792; x_wconf 87' lang='lat' dir='ltr'>e.</span> <span class='ocrx_word' id='word_1_244' title='bbox 419 1749 595 1790; x_wconf 73' lang='lat' dir='ltr'>oleastri</span> <span class='ocrx_word' id='word_1_245' title='bbox 621 1749 869 1803; x_wconf 77' lang='lat' dir='ltr'>surculusl).</span> <span class='ocrx_word' id='word_1_246' title='bbox 929 1750 1047 1792; x_wconf 85' lang='lat' dir='ltr'>Male</span> <span class='ocrx_word' id='word_1_247' title='bbox 1075 1751 1254 1803; x_wconf 68' lang='lat' dir='ltr'>Reich„</span> <span class='ocrx_word' id='word_1_248' title='bbox 1292 1752 1465 1797; x_wconf 83' lang='lat' dir='ltr'>Koelln.</span> <span class='ocrx_word' id='word_1_249' title='bbox 1499 1755 1560 1800; x_wconf 80' lang='lat' dir='ltr'>al.</span> 
     </span>
     <span class='ocr_line' id='line_1_29' title="bbox 88 1803 1561 1865; baseline 0.006 -20"><span class='ocrx_word' id='word_1_250' title='bbox 88 1803 345 1861; x_wconf 76' lang='grc' dir='ltr'>ἀγριέλαιον</span> <span class='ocrx_word' id='word_1_251' title='bbox 363 1806 591 1846; x_wconf 77' lang='lat' dir='ltr'>oleastrum</span> <span class='ocrx_word' id='word_1_252' title='bbox 624 1806 903 1862; x_wconf 88' lang='lat' dir='ltr'>interpretati</span> <span class='ocrx_word' id='word_1_253' title='bbox 932 1813 1058 1859; x_wconf 85' lang='lat' dir='ltr'>sunt,</span> <span class='ocrx_word' id='word_1_254' title='bbox 1099 1807 1337 1851; x_wconf 77' lang='lat' dir='ltr'>Lutherum</span> <span class='ocrx_word' id='word_1_255' title='bbox 1365 1811 1561 1865; x_wconf 87' lang='lat' dir='ltr'>sequuti.</span> 
     </span>
     <span class='ocr_line' id='line_1_30' title="bbox 88 1861 1562 1915; baseline 0.003 -11"><span class='ocrx_word' id='word_1_256' title='bbox 88 1862 204 1905; x_wconf 68' lang='lat' dir='ltr'>Nam</span> <span class='ocrx_word' id='word_1_257' title='bbox 226 1863 429 1902; x_wconf 87' lang='lat' dir='ltr'>arborum</span> <span class='ocrx_word' id='word_1_258' title='bbox 453 1861 643 1913; x_wconf 90' lang='lat' dir='ltr'>surculi,</span> <span class='ocrx_word' id='word_1_259' title='bbox 681 1876 765 1903; x_wconf 91' lang='lat' dir='ltr'>non</span> <span class='ocrx_word' id='word_1_260' title='bbox 791 1863 988 1915; x_wconf 85' lang='lat' dir='ltr'>integrae</span> <span class='ocrx_word' id='word_1_261' title='bbox 1017 1863 1198 1905; x_wconf 86' lang='lat' dir='ltr'>arbores</span> <span class='ocrx_word' id='word_1_262' title='bbox 1228 1865 1462 1908; x_wconf 87' lang='lat' dir='ltr'>arboribus</span> <span class='ocrx_word' id='word_1_263' title='bbox 1493 1869 1562 1910; x_wconf 87' lang='lat' dir='ltr'>in-</span> 
     </span>
     <span class='ocr_line' id='line_1_31' title="bbox 89 1917 1563 1976; baseline 0.003 -14"><span class='ocrx_word' id='word_1_264' title='bbox 89 1926 314 1962; x_wconf 86' lang='lat' dir='ltr'>seruntur.</span> <span class='ocrx_word' id='word_1_265' title='bbox 377 1918 562 1958; x_wconf 83' lang='lat' dir='ltr'>Frustra</span> <span class='ocrx_word' id='word_1_266' title='bbox 586 1919 654 1958; x_wconf 90' lang='lat' dir='ltr'>illi</span> <span class='ocrx_word' id='word_1_267' title='bbox 679 1917 959 1975; x_wconf 84' lang='lat' dir='ltr'>objecerunt,</span> <span class='ocrx_word' id='word_1_268' title='bbox 1000 1921 1204 1976; x_wconf 86' lang='lat' dir='ltr'>quoniam</span> <span class='ocrx_word' id='word_1_269' title='bbox 1231 1921 1281 1965; x_wconf 83' lang='lat' dir='ltr'>P.</span> <span class='ocrx_word' id='word_1_270' title='bbox 1313 1936 1446 1964; x_wconf 90' lang='lat' dir='ltr'>unum</span> <span class='ocrx_word' id='word_1_271' title='bbox 1477 1925 1563 1967; x_wconf 88' lang='lat' dir='ltr'>ali-</span> 
     </span>
     <span class='ocr_line' id='line_1_32' title="bbox 90 1975 1563 2036; baseline 0.005 -19"><span class='ocrx_word' id='word_1_272' title='bbox 90 1991 215 2033; x_wconf 78' lang='lat' dir='ltr'>quem</span> <span class='ocrx_word' id='word_1_273' title='bbox 258 1975 463 2029; x_wconf 77' lang='lat' dir='ltr'>gentilem</span> <span class='ocrx_word' id='word_1_274' title='bbox 507 1988 586 2031; x_wconf 91' lang='lat' dir='ltr'>pro</span> <span class='ocrx_word' id='word_1_275' title='bbox 623 1976 851 2028; x_wconf 82' lang='lat' dir='ltr'>gentilium</span> <span class='ocrx_word' id='word_1_276' title='bbox 884 1977 1171 2019; x_wconf 75' lang='lat' dir='ltr'>universitate</span> <span class='ocrx_word' id='word_1_277' title='bbox 1200 1979 1455 2036; x_wconf 84' lang='lat' dir='ltr'>alloquutus</span> <span class='ocrx_word' id='word_1_278' title='bbox 1486 1982 1563 2036; x_wconf 90' lang='lat' dir='ltr'>sit,</span> 
     </span>
     <span class='ocr_line' id='line_1_33' title="bbox 89 2033 1562 2088; baseline 0.005 -14"><span class='ocrx_word' id='word_1_279' title='bbox 89 2034 252 2075; x_wconf 89' lang='lat' dir='ltr'>idcirco</span> <span class='ocrx_word' id='word_1_280' title='bbox 271 2033 576 2088; x_wconf 82' lang='lat' dir='ltr'>compellatum</span> <span class='ocrx_word' id='word_1_281' title='bbox 599 2046 814 2088; x_wconf 87' lang='lat' dir='ltr'>paganum</span> <span class='ocrx_word' id='word_1_282' title='bbox 839 2033 1031 2075; x_wconf 81' lang='lat' dir='ltr'>oleastro</span> <span class='ocrx_word' id='word_1_283' title='bbox 1061 2034 1211 2077; x_wconf 90' lang='lat' dir='ltr'>arbori</span> <span class='ocrx_word' id='word_1_284' title='bbox 1237 2043 1354 2079; x_wconf 90' lang='lat' dir='ltr'>recte</span> <span class='ocrx_word' id='word_1_285' title='bbox 1385 2038 1562 2082; x_wconf 87' lang='lat' dir='ltr'>assimi-</span> 
     </span>
     <span class='ocr_line' id='line_1_34' title="bbox 88 2087 1558 2149; baseline 0.004 -17"><span class='ocrx_word' id='word_1_286' title='bbox 88 2091 226 2133; x_wconf 88' lang='lat' dir='ltr'>latum</span> <span class='ocrx_word' id='word_1_287' title='bbox 267 2104 379 2132; x_wconf 82' lang='lat' dir='ltr'>esse.</span> <span class='ocrx_word' id='word_1_288' title='bbox 453 2087 618 2144; x_wconf 88' lang='lat' dir='ltr'>Nempe</span> <span class='ocrx_word' id='word_1_289' title='bbox 658 2103 709 2130; x_wconf 89' lang='lat' dir='ltr'>eo</span> <span class='ocrx_word' id='word_1_290' title='bbox 740 2089 854 2145; x_wconf 89' lang='lat' dir='ltr'>quod</span> <span class='ocrx_word' id='word_1_291' title='bbox 884 2088 936 2133; x_wconf 85' lang='lat' dir='ltr'>P.</span> <span class='ocrx_word' id='word_1_292' title='bbox 969 2105 1100 2133; x_wconf 91' lang='lat' dir='ltr'>unum</span> <span class='ocrx_word' id='word_1_293' title='bbox 1130 2093 1321 2149; x_wconf 87' lang='lat' dir='ltr'>aliquem</span> <span class='ocrx_word' id='word_1_294' title='bbox 1348 2096 1558 2149; x_wconf 87' lang='lat' dir='ltr'>gentilem</span> 
     </span>
     <span class='ocr_line' id='line_1_35' title="bbox 89 2147 1562 2202; baseline 0.004 -13"><span class='ocrx_word' id='word_1_295' title='bbox 89 2149 342 2202; x_wconf 80' lang='lat' dir='ltr'>alloquutus</span> <span class='ocrx_word' id='word_1_296' title='bbox 367 2150 436 2187; x_wconf 87' lang='lat' dir='ltr'>est</span> <span class='ocrx_word' id='word_1_297' title='bbox 459 2159 539 2186; x_wconf 90' lang='lat' dir='ltr'>non</span> <span class='ocrx_word' id='word_1_298' title='bbox 560 2159 610 2186; x_wconf 82' lang='lat' dir='ltr'>ex</span> <span class='ocrx_word' id='word_1_299' title='bbox 630 2148 797 2188; x_wconf 87' lang='lat' dir='ltr'>cunctis</span> <span class='ocrx_word' id='word_1_300' title='bbox 817 2147 1058 2201; x_wconf 86' lang='lat' dir='ltr'>gentilibus</span> <span class='ocrx_word' id='word_1_301' title='bbox 1079 2162 1207 2190; x_wconf 91' lang='lat' dir='ltr'>unum</span> <span class='ocrx_word' id='word_1_302' title='bbox 1230 2150 1444 2194; x_wconf 90' lang='lat' dir='ltr'>hominem</span> <span class='ocrx_word' id='word_1_303' title='bbox 1459 2167 1562 2195; x_wconf 91' lang='lat' dir='ltr'>con-</span> 
     </span>
     <span class='ocr_line' id='line_1_36' title="bbox 89 2201 1561 2263; baseline 0.005 -17"><span class='ocrx_word' id='word_1_304' title='bbox 89 2205 233 2255; x_wconf 78' lang='lat' dir='ltr'>flavit,</span> <span class='ocrx_word' id='word_1_305' title='bbox 267 2204 342 2243; x_wconf 85' lang='lat' dir='ltr'>sed</span> <span class='ocrx_word' id='word_1_306' title='bbox 367 2203 444 2243; x_wconf 82' lang='lat' dir='ltr'>boc</span> <span class='ocrx_word' id='word_1_307' title='bbox 467 2201 601 2244; x_wconf 73' lang='lat' dir='ltr'>dixit:</span> <span class='ocrx_word' id='word_1_308' title='bbox 641 2207 711 2255; x_wconf 80' lang='lat' dir='ltr'>tu,</span> <span class='ocrx_word' id='word_1_309' title='bbox 749 2203 875 2245; x_wconf 91' lang='lat' dir='ltr'>homo</span> <span class='ocrx_word' id='word_1_310' title='bbox 902 2205 1108 2260; x_wconf 88' lang='lat' dir='ltr'>gentilis,</span> <span class='ocrx_word' id='word_1_311' title='bbox 1144 2207 1329 2263; x_wconf 77' lang='lat' dir='ltr'>quisquis</span> <span class='ocrx_word' id='word_1_312' title='bbox 1354 2209 1437 2261; x_wconf 75' lang='lat' dir='ltr'>sis,</span> <span class='ocrx_word' id='word_1_313' title='bbox 1473 2210 1561 2253; x_wconf 81' lang='lat' dir='ltr'>sive</span> 
     </span>
     <span class='ocr_line' id='line_1_37' title="bbox 90 2259 1560 2322; baseline 0.003 -19"><span class='ocrx_word' id='word_1_314' title='bbox 90 2260 224 2316; x_wconf 81' lang='lat' dir='ltr'>Gojus</span> <span class='ocrx_word' id='word_1_315' title='bbox 253 2262 338 2301; x_wconf 71' lang='lat' dir='ltr'>sire</span> <span class='ocrx_word' id='word_1_316' title='bbox 367 2259 643 2312; x_wconf 81' lang='lat' dir='ltr'>Sempronius</span> <span class='ocrx_word' id='word_1_317' title='bbox 685 2260 858 2303; x_wconf 70' lang='lat' dir='ltr'>voceris.</span> <span class='ocrx_word' id='word_1_318' title='bbox 931 2261 1023 2317; x_wconf 69' lang='lat' dir='ltr'>Qui</span> <span class='ocrx_word' id='word_1_319' title='bbox 1064 2262 1202 2317; x_wconf 88' lang='lat' dir='ltr'>igitur</span> <span class='ocrx_word' id='word_1_320' title='bbox 1233 2263 1560 2322; x_wconf 78' lang='lat' dir='ltr'>Sempronium,</span> 
     </span>
     <span class='ocr_line' id='line_1_38' title="bbox 90 2315 1561 2374; baseline 0.005 -15"><span class='ocrx_word' id='word_1_321' title='bbox 90 2320 165 2374; x_wconf 86' lang='lat' dir='ltr'>qui</span> <span class='ocrx_word' id='word_1_322' title='bbox 188 2316 365 2360; x_wconf 87' lang='lat' dir='ltr'>Christo</span> <span class='ocrx_word' id='word_1_323' title='bbox 388 2316 515 2357; x_wconf 84' lang='lat' dir='ltr'>fidem</span> <span class='ocrx_word' id='word_1_324' title='bbox 546 2315 796 2369; x_wconf 84' lang='lat' dir='ltr'>habuisset,</span> <span class='ocrx_word' id='word_1_325' title='bbox 832 2331 928 2359; x_wconf 91' lang='lat' dir='ltr'>cum</span> <span class='ocrx_word' id='word_1_326' title='bbox 959 2319 1152 2361; x_wconf 85' lang='lat' dir='ltr'>oleastro</span> <span class='ocrx_word' id='word_1_327' title='bbox 1182 2327 1300 2362; x_wconf 87' lang='lat' dir='ltr'>recte</span> <span class='ocrx_word' id='word_1_328' title='bbox 1327 2323 1561 2366; x_wconf 90' lang='lat' dir='ltr'>contende-</span> 
     </span>
     <span class='ocr_line' id='line_1_39' title="bbox 89 2369 1561 2436; baseline 0.007 -23"><span class='ocrx_word' id='word_1_329' title='bbox 89 2369 184 2417; x_wconf 75' lang='lat' dir='ltr'>rit?</span> <span class='ocrx_word' id='word_1_330' title='bbox 233 2374 350 2429; x_wconf 72' lang='lat' dir='ltr'>Quin</span> <span class='ocrx_word' id='word_1_331' title='bbox 381 2371 606 2425; x_wconf 82' lang='lat' dir='ltr'>gentilium</span> <span class='ocrx_word' id='word_1_332' title='bbox 637 2373 903 2416; x_wconf 82' lang='lat' dir='ltr'>universitas</span> <span class='ocrx_word' id='word_1_333' title='bbox 934 2375 1173 2418; x_wconf 86' lang='lat' dir='ltr'>oleastrum</span> <span class='ocrx_word' id='word_1_334' title='bbox 1203 2377 1309 2419; x_wconf 80' lang='lat' dir='ltr'>facit</span> <span class='ocrx_word' id='word_1_335' title='bbox 1334 2381 1405 2433; x_wconf 79' lang='lat' dir='ltr'>(v,</span> <span class='ocrx_word' id='word_1_336' title='bbox 1436 2380 1561 2436; x_wconf 81' lang='lat'><strong>24.)‚</strong></span> 
     </span>
     <span class='ocr_line' id='line_1_40' title="bbox 89 2429 1560 2490; baseline 0.004 -17"><span class='ocrx_word' id='word_1_337' title='bbox 89 2431 256 2485; x_wconf 85' lang='lat' dir='ltr'>singuli</span> <span class='ocrx_word' id='word_1_338' title='bbox 274 2435 416 2471; x_wconf 88' lang='lat' dir='ltr'>autem</span> <span class='ocrx_word' id='word_1_339' title='bbox 439 2429 625 2482; x_wconf 82' lang='lat' dir='ltr'>gentiles</span> <span class='ocrx_word' id='word_1_340' title='bbox 642 2430 824 2472; x_wconf 88' lang='lat' dir='ltr'>oleastri</span> <span class='ocrx_word' id='word_1_341' title='bbox 845 2431 980 2472; x_wconf 89' lang='lat' dir='ltr'>ramis</span> <span class='ocrx_word' id='word_1_342' title='bbox 1007 2432 1289 2490; x_wconf 83' lang='lat' dir='ltr'>respondent.</span> <span class='ocrx_word' id='word_1_343' title='bbox 1349 2434 1560 2479; x_wconf 84' lang='lat' dir='ltr'>Praeter-</span> 
     </span>
     <span class='ocr_line' id='line_1_41' title="bbox 91 2487 1558 2548; baseline 0.005 -19"><span class='ocrx_word' id='word_1_344' title='bbox 91 2502 142 2530; x_wconf 86' lang='lat' dir='ltr'>ea</span> <span class='ocrx_word' id='word_1_345' title='bbox 161 2487 405 2544; x_wconf 84' lang='lat' dir='ltr'>apostolum</span> <span class='ocrx_word' id='word_1_346' title='bbox 431 2500 470 2528; x_wconf 75' lang='lat' dir='ltr'>v.</span> <span class='ocrx_word' id='word_1_347' title='bbox 494 2487 562 2529; x_wconf 91' lang='grc'>17.</span> <span class='ocrx_word' id='word_1_348' title='bbox 583 2487 651 2529; x_wconf 87' lang='grc'>18.</span> <span class='ocrx_word' id='word_1_349' title='bbox 679 2501 761 2527; x_wconf 92' lang='lat' dir='ltr'>non</span> <span class='ocrx_word' id='word_1_350' title='bbox 791 2487 842 2529; x_wconf 90' lang='lat' dir='ltr'>de</span> <span class='ocrx_word' id='word_1_351' title='bbox 872 2489 1041 2530; x_wconf 86' lang='lat' dir='ltr'>cunctis</span> <span class='ocrx_word' id='word_1_352' title='bbox 1072 2490 1313 2543; x_wconf 87' lang='lat' dir='ltr'>gentilibus</span> <span class='ocrx_word' id='word_1_353' title='bbox 1343 2493 1558 2548; x_wconf 87' lang='lat' dir='ltr'>(nondum</span> 
     </span>
     <span class='ocr_line' id='line_1_42' title="bbox 90 2542 1559 2597; baseline 0.005 -12"><span class='ocrx_word' id='word_1_354' title='bbox 90 2544 205 2586; x_wconf 90' lang='lat' dir='ltr'>enim</span> <span class='ocrx_word' id='word_1_355' title='bbox 245 2544 294 2585; x_wconf 85' lang='grc' dir='ltr'>τὸ</span> <span class='ocrx_word' id='word_1_356' title='bbox 335 2542 556 2597; x_wconf 67' lang='grc' dir='ltr'><em>πλήρωμα</em></span> <span class='ocrx_word' id='word_1_357' title='bbox 593 2544 677 2583; x_wconf 83' lang='grc' dir='ltr'>τῶν</span> <span class='ocrx_word' id='word_1_358' title='bbox 708 2542 848 2584; x_wconf 81' lang='grc' dir='ltr'><strong><em>ἐθνῶν</em></strong></span> <span class='ocrx_word' id='word_1_359' title='bbox 874 2544 930 2585; x_wconf 89' lang='lat' dir='ltr'>ad</span> <span class='ocrx_word' id='word_1_360' title='bbox 962 2545 1130 2587; x_wconf 86' lang='lat' dir='ltr'>Christi</span> <span class='ocrx_word' id='word_1_361' title='bbox 1158 2560 1281 2589; x_wconf 86' lang='lat' dir='ltr'>sacra</span> <span class='ocrx_word' id='word_1_362' title='bbox 1309 2557 1559 2593; x_wconf 87' lang='lat' dir='ltr'>accesserat</span> 
     </span>
     <span class='ocr_line' id='line_1_43' title="bbox 92 2599 1560 2663; baseline 0.005 -20"><span class='ocrx_word' id='word_1_363' title='bbox 92 2615 132 2644; x_wconf 80' lang='lat' dir='ltr'>v.</span> <span class='ocrx_word' id='word_1_364' title='bbox 154 2601 273 2653; x_wconf 84' lang='lat'><strong>25.)‚</strong></span> <span class='ocrx_word' id='word_1_365' title='bbox 310 2599 385 2641; x_wconf 89' lang='lat' dir='ltr'>sed</span> <span class='ocrx_word' id='word_1_366' title='bbox 410 2600 462 2640; x_wconf 91' lang='lat' dir='ltr'>de</span> <span class='ocrx_word' id='word_1_367' title='bbox 493 2599 549 2639; x_wconf 86' lang='lat' dir='ltr'>iis</span> <span class='ocrx_word' id='word_1_368' title='bbox 577 2600 786 2655; x_wconf 84' lang='lat' dir='ltr'>paganis,</span> <span class='ocrx_word' id='word_1_369' title='bbox 824 2601 899 2656; x_wconf 86' lang='lat' dir='ltr'>qui</span> <span class='ocrx_word' id='word_1_370' title='bbox 931 2601 1109 2644; x_wconf 85' lang='lat' dir='ltr'>Christo</span> <span class='ocrx_word' id='word_1_371' title='bbox 1135 2603 1262 2645; x_wconf 87' lang='lat' dir='ltr'>fidem</span> <span class='ocrx_word' id='word_1_372' title='bbox 1290 2605 1560 2663; x_wconf 83' lang='lat' dir='ltr'>adjecissent</span> 
     </span>
     <span class='ocr_line' id='line_1_44' title="bbox 93 2655 1558 2713; baseline 0.008 -16"><span class='ocrx_word' id='word_1_373' title='bbox 93 2671 223 2709; x_wconf 73' lang='lat' dir='ltr'>agere</span> <span class='ocrx_word' id='word_1_374' title='bbox 245 2657 287 2698; x_wconf 90' lang='lat' dir='ltr'>iu</span> <span class='ocrx_word' id='word_1_375' title='bbox 309 2662 481 2713; x_wconf 88' lang='lat' dir='ltr'>promtu</span> <span class='ocrx_word' id='word_1_376' title='bbox 511 2661 594 2697; x_wconf 87' lang='lat' dir='ltr'>est.</span> <span class='ocrx_word' id='word_1_377' title='bbox 656 2655 769 2698; x_wconf 88' lang='lat' dir='ltr'>Vide</span> <span class='ocrx_word' id='word_1_378' title='bbox 798 2657 930 2699; x_wconf 87' lang='lat' dir='ltr'>etiam</span> <span class='ocrx_word' id='word_1_379' title='bbox 958 2658 1120 2700; x_wconf 87' lang='lat' dir='ltr'>librum</span> <span class='ocrx_word' id='word_1_380' title='bbox 1150 2673 1313 2704; x_wconf 89' lang='lat' dir='ltr'>meum:</span> <span class='ocrx_word' id='word_1_381' title='bbox 1355 2666 1470 2707; x_wconf 80' lang='lat' dir='ltr'>nebet</span> <span class='ocrx_word' id='word_1_382' title='bbox 1501 2665 1558 2709; x_wconf 73' lang='lat' dir='ltr'>bie</span> 
     </span>
     <span class='ocr_line' id='line_1_45' title="bbox 93 2711 1557 2773; baseline 0.005 -17"><span class='ocrx_word' id='word_1_383' title='bbox 93 2713 311 2765; x_wconf 63' lang='lat' dir='ltr'>§Berbienste</span> <span class='ocrx_word' id='word_1_384' title='bbox 331 2711 578 2765; x_wconf 58' lang='lat' dir='ltr'>§Zbolucf&#39;ss</span> <span class='ocrx_word' id='word_1_385' title='bbox 598 2726 636 2755; x_wconf 87' lang='lat' dir='ltr'>u.</span> <span class='ocrx_word' id='word_1_386' title='bbox 659 2713 682 2765; x_wconf 69' lang='lat' dir='ltr'>s.</span> <span class='ocrx_word' id='word_1_387' title='bbox 706 2726 755 2757; x_wconf 80' lang='lat' dir='ltr'>m.</span> <span class='ocrx_word' id='word_1_388' title='bbox 788 2727 830 2770; x_wconf 91' lang='lat' dir='ltr'>p.</span> <span class='ocrx_word' id='word_1_389' title='bbox 850 2714 923 2757; x_wconf 85' lang='grc'><strong>59.</strong></span> <span class='ocrx_word' id='word_1_390' title='bbox 954 2729 1040 2771; x_wconf 86' lang='lat' dir='ltr'>sq..</span> <span class='ocrx_word' id='word_1_391' title='bbox 1097 2715 1187 2758; x_wconf 89' lang='lat' dir='ltr'>Sed</span> <span class='ocrx_word' id='word_1_392' title='bbox 1220 2718 1335 2773; x_wconf 84' lang='lat' dir='ltr'>quod</span> <span class='ocrx_word' id='word_1_393' title='bbox 1367 2717 1420 2762; x_wconf 93' lang='lat' dir='ltr'>P.</span> <span class='ocrx_word' id='word_1_394' title='bbox 1449 2719 1494 2763; x_wconf 90' lang='lat' dir='ltr'>h.</span> <span class='ocrx_word' id='word_1_395' title='bbox 1523 2722 1557 2766; x_wconf 91' lang='lat'>1.</span> 
     </span>
     <span class='ocr_line' id='line_1_46' title="bbox 91 2769 1558 2828; baseline 0.005 -17"><span class='ocrx_word' id='word_1_396' title='bbox 91 2770 296 2828; x_wconf 88' lang='lat' dir='ltr'>populum</span> <span class='ocrx_word' id='word_1_397' title='bbox 311 2769 534 2826; x_wconf 86' lang='lat' dir='ltr'>judaicum</span> <span class='ocrx_word' id='word_1_398' title='bbox 557 2782 651 2809; x_wconf 90' lang='lat' dir='ltr'>cum</span> <span class='ocrx_word' id='word_1_399' title='bbox 675 2769 786 2820; x_wconf 70' lang='lat' dir='ltr'>olea,</span> <span class='ocrx_word' id='word_1_400' title='bbox 807 2784 1074 2826; x_wconf 85' lang='lat' dir='ltr'>paganorum</span> <span class='ocrx_word' id='word_1_401' title='bbox 1093 2773 1302 2815; x_wconf 83' lang='lat' dir='ltr'>familiam</span> <span class='ocrx_word' id='word_1_402' title='bbox 1322 2789 1416 2817; x_wconf 91' lang='lat' dir='ltr'>cum</span> <span class='ocrx_word' id='word_1_403' title='bbox 1437 2778 1558 2818; x_wconf 89' lang='lat' dir='ltr'>olea-</span> 
     </span>
     <span class='ocr_line' id='line_1_47' title="bbox 93 2826 1556 2884; baseline 0.003 -12"><span class='ocrx_word' id='word_1_404' title='bbox 93 2834 186 2872; x_wconf 84' lang='lat' dir='ltr'>stro</span> <span class='ocrx_word' id='word_1_405' title='bbox 210 2832 255 2869; x_wconf 89' lang='lat' dir='ltr'>et</span> <span class='ocrx_word' id='word_1_406' title='bbox 281 2829 378 2883; x_wconf 88' lang='lat' dir='ltr'>pios</span> <span class='ocrx_word' id='word_1_407' title='bbox 408 2840 602 2884; x_wconf 87' lang='lat' dir='ltr'>paganos</span> <span class='ocrx_word' id='word_1_408' title='bbox 632 2839 727 2868; x_wconf 87' lang='lat' dir='ltr'>cum</span> <span class='ocrx_word' id='word_1_409' title='bbox 756 2826 941 2871; x_wconf 81' lang='lat' dir='ltr'>oleastri</span> <span class='ocrx_word' id='word_1_410' title='bbox 967 2830 1152 2874; x_wconf 84' lang='lat' dir='ltr'>ramulis</span> <span class='ocrx_word' id='word_1_411' title='bbox 1179 2831 1301 2874; x_wconf 85' lang='lat' dir='ltr'>oleae</span> <span class='ocrx_word' id='word_1_412' title='bbox 1334 2832 1485 2876; x_wconf 87' lang='lat' dir='ltr'>insitis</span> <span class='ocrx_word' id='word_1_413' title='bbox 1510 2839 1556 2876; x_wconf 86' lang='lat' dir='ltr'>et:</span> 
     </span>
    </p>
   </div>
  </div>
 </body>
</html>
