1715 3115
567 148 660 194 CA
675 148 726 195 P.
760 148 855 195 xl.
896 148 989 194 Vs.
1019 146 1081 196 8..
1476 147 1565 191 433

90 258 247 312 ritum,
288 256 363 314 qui
386 261 607 313 torporem
630 256 811 311 ass'erat,
847 256 982 300 alicui
1012 256 1088 299 dat
1115 254 1335 312 torporis,
1373 252 1451 310 qui
1480 254 1563 294 ali-

90 329 217 371 quem
239 318 411 366 teneat,
442 313 620 355 ell'ector
638 319 706 358 est
724 322 766 357 et
790 315 990 368 molitor,
1020 327 1102 356 non
1158 311 1370 363 ermittit,
1410 315 1458 353 ut
1481 311 1565 352 ali-

89 371 189 426 quis
210 371 316 412 vitio
336 385 417 412 suo
438 377 506 412 tor
523 378 675 414 meent.
737 372 813 414 Ad
835 373 913 414 hoo
936 371 987 415 P.
1008 377 1102 413 toto
1123 328 1202 412 iioc
1222 369 1365 426 capito
1385 381 1435 409 ea
1464 382 1562 425 per-

89 428 316 483 sequitur,
366 442 476 484 quae
511 385 634 471 iJeus
663 427 842 485 fecerit,
885 433 933 470 ut
972 428 1220 470 universam
1254 425 1562 467 lsraelitarum

88 485 308 526 nationem
332 499 411 542 per
432 483 656 527 Christum
677 484 867 541 deniqne
893 486 1044 526 bearet
1073 499 1113 527 v.
1143 484 1215 526 26.
1246 483 1318 527 31.
1349 497 1445 539 sq.,
1480 495 1563 523 non

88 556 138 581 oa
160 541 320 594 refert,
359 555 470 597 quae
505 542 559 583 ab
589 541 813 583 israelitis
847 541 943 583 lieri
977 541 1057 583 hoc
1085 539 1273 582 consilio
1305 553 1464 596 passus
1489 539 1564 582 sit.

88 595 272 650 Πνεῦμα
291 597 565 649 κατανύξεως
585 603 654 640 est
671 599 852 654 spiritus
876 599 1119 652 torporis
1142 597 1211 639 vel
1235 599 1523 638 consterna
1538 618 1563 627 -

87 654 287 707 tionis,
337 654 476 696 nudus
516 656 695 696 daemon
733 654 925 696 animum.
964 658 1242 696 consternans
1278 657 1320 694 et
1350 652 1564 704 torpidum

87 711 283 754 reddens.
351 710 492 766 (Vide
525 712 766 753 Excursum
799 711 930 768 hujus
956 711 1117 767 capitis
1145 708 1431 766 explicationi
1460 708 1564 749 sub-

80 767 288 823 jectum.)
355 766 526 825 Nempe
564 764 637 810 ὅτι
672 765 714 810 οἱ
745 768 902 810 λοιποὶ
932 764 1250 822 ἐπωρώθησαν
1277 780 1317 808 v.
1346 766 1387 807 7.
1422 762 1563 806 Paulo

87 822 325 866 docendum
353 832 446 877 est3
486 824 602 880 quod
630 839 760 881 quum
788 824 858 866 his
888 839 929 870 v.
959 822 1190 866 ostendat:
1226 821 1388 865 ἔδωκεν
1414 819 1565 870 αὐτοῖς

88 879 112 923 ὁ
149 879 258 931 θεὸς
296 886 508 934 πνεῦμα
552 878 922 931 κατανύξεως,
973 879 1334 922 κατανύσσεσῧαι
1369 878 1410 919 ei
1451 876 1563 919 idem

89 953 102 978 ‹
123 936 206 978 uod
236 939 508 991 nwpofioom
534 939 681 980 valere
708 944 910 995 apparet.
982 936 1181 993 Quorum
1211 935 1382 977 animos
1409 940 1564 992 torpor

88 952 242 1036 defixit
262 995 381 1036 nulla
405 1009 451 1035 re
477 1000 726 1038 moventur:
758 1009 907 1037 verum
933 995 1118 1047 salsum,
1158 993 1387 1034 honestum
1418 997 1563 1049 turpe,

87 1051 343 1093 lelicitatem
369 1051 589 1093 miseriam
611 1052 655 1094 in
677 1052 799 1094 nullo
818 1057 987 1110 ponunt
1017 1050 1297 1103 discrimine,
1336 1048 1415 1091 sed
1445 1048 1564 1090 caeci

90 1122 175 1164 quo
211 1123 287 1149 eos
325 1109 576 1166 propuleris
606 1114 761 1152 ruunt:
807 1109 1109 1151 occalluerunt
1137 1107 1251 1148 enim
1283 1103 1563 1161 (ἐπωρώθη-

89 1179 170 1206 σαν
189 1179 229 1208 v.
249 1166 332 1218 7.).
386 1164 656 1221 ὀφθαλμοὺς
672 1167 754 1208 τοῦ
771 1165 831 1222 μὴ
852 1164 1036 1219 βλέπειν
1057 1181 1095 1206 κ.
1117 1158 1165 1205 ὦ.
1192 1179 1228 1206 τ.
1256 1179 1302 1216 μ.
1332 1160 1423 1217 cim]
1455 1177 1560 1204 ocu-

88 1221 150 1263 los
172 1222 243 1277 qui
262 1237 343 1264 non
365 1223 551 1264 viderent
581 1227 622 1264 et
652 1236 779 1265 (mres
805 1237 915 1279 quae
943 1236 1024 1264 non
1053 1220 1255 1264 ‹coede-ent
1287 1220 1318 1263 i.
1345 1234 1385 1262 e.
1410 1219 1562 1260 oculos

87 1276 142 1318 ad
164 1277 392 1320 videndum
413 1284 456 1320 et
475 1293 604 1320 aures
626 1278 680 1320 ad
700 1278 963 1320 audiendum
988 1279 1163 1336 ineptas
1185 1277 1215 1322 i.
1235 1275 1564 1333 wowonium&

87 1335 167 1388 τῆς
189 1332 413 1390 ἀβλεψίας
444 1337 517 1377 καὶ
546 1330 635 1377 ὦτα
660 1337 738 1391 τῆς
763 1334 972 1391 ἀνηκοΐας
997 1349 1143 1377 caecos
1171 1336 1311 1376 oculos
1337 1337 1378 1375 et
1407 1332 1563 1374 surdas

88 1392 399 1446 auresffirot„
431 1392 629 1435 Rosenm.
651 1393 749 1446 al.).
809 1392 879 1437 cf.
913 1392 968 1433 ad
990 1391 1152 1434 Matth.
1183 1405 1226 1447 p.
1256 1389 1378 1433 844..
1439 1388 1562 1430 Haec

87 1462 129 1491 v.
156 1447 209 1489 ad
242 1449 396 1491 mentis
423 1450 558 1490 aciem
588 1464 610 1490 a
634 1449 732 1491 Deo
762 1450 1010 1491 hebetatam
1039 1446 1266 1490 referenda
1295 1460 1393 1488 esse
1422 1449 1562 1513 patet.

90 1504 315 1547 vocabula
336 1507 415 1548 τοῦ
437 1505 497 1560 μὴ
517 1505 700 1557 βλέπειν
721 1511 766 1548 et
783 1506 863 1548 τοῦ
886 1504 948 1561 μὴ
979 1502 1155 1547 ἀκούειν
1181 1519 1204 1544 a
1238 1502 1370 1545 verbo
1402 1501 1563 1545 ἔδωκεν

88 1562 365 1619 suspendunt
391 1561 552 1606 Rueck.
581 1568 625 1604 et
654 1562 882 1616 Meyerus:
928 1561 1049 1604 dedit
1086 1561 1143 1602 iis
1173 1559 1297 1602 Dens
1319 1584 1374 1591 -—
1394 1560 1561 1610 oculos,

87 1634 140 1661 ne
160 1620 350 1662 viderent
371 1627 415 1661 et
445 1634 575 1661 :mres
601 1634 653 1661 ne
684 1621 896 1662 audirent.
965 1617 1094 1674 Quod
1124 1624 1358 1675 propterea
1384 1630 1469 1658 non
1498 1615 1561 1656 se-

85 1677 244 1726 cerim‚
274 1675 389 1733 quod
421 1675 472 1720 P.
502 1690 577 1717 eas
607 1689 680 1717 res
712 1675 936 1718 Israelitis
964 1690 1050 1718 non
1080 1674 1265 1717 delectis
1292 1674 1419 1715 datas
1447 1686 1564 1723 esse,

87 1747 199 1788 quae
228 1733 353 1775 {idem
384 1732 673 1799 impedirent,
706 1733 970 1790 simpliciter
997 1733 1164 1774 dixisse
1191 1731 1388 1783 videtur,
1427 1729 1562 1770 animi

88 1796 336 1846 torporem,
385 1804 461 1845 qui
492 1804 568 1830 eos
600 1789 902 1831 inobedientes
931 1790 1020 1831 Dei
1049 1788 1250 1845 imperiis
1280 1788 1467 1838 faceret,
1516 1790 1562 1826 et

89 1847 248 1888 mentis
278 1846 554 1898 eaecitatem,
602 1859 714 1901 qnae
744 1848 940 1889 efiiceret
970 1860 1022 1887 ne
1067 1859 1216 1887 verum
1248 1847 1562 1899 cognoscerent

89 1902 212 1957 (Job.
237 1903 423 1954 12,40.).
484 1901 740 1956 Oxymoron
763 1908 944 1944 mentem
964 1902 1199 1944 hominibus
1219 1915 1319 1957 qnos
1333 1900 1460 1953 plane
1480 1898 1556 1941 ol)-

90 1965 204 2002 tusus
225 1959 417 2001 voluisset
438 1972 483 1999 eo
506 1958 695 2000 videlicet
718 1959 887 2000 consilio
908 1960 1025 2000 Deus
1053 1958 1191 2009 dedet,
1232 1972 1284 1998 ne
1313 1970 1455 1999 rernm
1483 1956 1557 1996 'in-

88 2015 328 2070 telliqe›·ent
358 2014 396 2057 h.
429 2015 458 2056 Ι.
490 2014 559 2056 vix
592 2020 739 2070 aptum
771 2020 856 2059 est.
926 2013 1011 2064 ἕως
1039 2016 1118 2070 τῆς
1147 2012 1337 2070 σήμερον
1369 2010 1557 2069 ἡμέρας]

89 2072 206 2115 Male
230 2072 379 2122 Rem,
410 2071 556 2123 Grot.,
591 2071 745 2128 lVollL,
774 2072 941 2115 Gre‘esb.
962 2071 1032 2113 ed.
1054 2070 1228 2112 minima
1245 2104 1255 2123 ‚
1287 2070 1464 2124 Knupp.
1483 2069 1559 2120 aL,

89 2144 220 2186 quum
242 2144 283 2172 v.
304 2127 455 2176 καθὼς
474 2127 717 2184 γέγραπται.
740 2155 791 2160 -
811 2154 867 2160 --
886 2129 965 2170 τοῦ
982 2126 1040 2182 μὴ
1063 2124 1241 2170 ἀκούειν
1264 2127 1386 2169 uncis
1419 2127 1557 2167 inclu-

89 2187 280 2239 eissent,
325 2199 440 2227 voce.
472 2182 556 2233 ἕως
582 2185 661 2239 τῆς
691 2181 883 2240 σήμερον
908 2181 1075 2241 '‘l-“5009
1105 2198 1199 2225 cum
1245 2181 1558 2238 ἐπωρώθησαν

88 2258 130 2286 v.
154 2244 198 2287 7.
226 2240 551 2284 consociarnnt.
606 2240 836 2284 Pertinent
864 2242 979 2284 enim
1008 2241 1062 2283 ad
1089 2241 1224 2282 allata
1254 2240 1395 2283 Mosis
1427 2239 1557 2281 verba

91 2299 228 2343 Dent.
247 2299 369 2351 20,4.
396 2297 545 2340 LXX.
563 2323 619 2330 —
639 2300 711 2340 καὶ
740 2293 830 2340 ὦτα
857 2297 1056 2346 ἀκούειν,
1097 2295 1164 2339 ἕω
1177 2312 1204 2353 ς
1226 2298 1326 2354 τῆς
1350 2294 1558 2353 ἡμέρας

89 2372 151 2398 τα
165 2353 222 2398 ι’»τ
236 2372 259 2412 ι]
272 2371 305 2406 ς.
366 2354 555 2399 Accedit
576 2353 692 2412 quod
710 2371 752 2399 ν.
773 2353 857 2405 ἕως
875 2356 953 2410 τῆς
971 2354 1162 2409 σήμερον
1184 2352 1346 2409 ἡμέρας
1365 2354 1450 2397 isto
1480 2367 1557 2410 pa-

83 2418 160 2457 ,cto
180 2427 220 2456 v.
242 2414 284 2455 7.
305 2419 405 2470 post
425 2408 467 2453 οἱ
488 2411 537 2454 δὲ
557 2409 713 2460 λοιποί
729 2412 982 2454 collocanda
1017 2411 1203 2453 fuissent
1217 2443 1228 2463 ‚
1269 2409 1384 2465 quod
1414 2410 1556 2466 ipsum

90 2469 190 2512 {ieri
214 2483 298 2511 non
321 2468 487 2527 potuit,
527 2474 570 2509 et
601 2468 701 2524 quia
731 2483 771 2511 v.
799 2469 843 2513 7.
872 2467 1106 2510 Israelitas
1135 2481 1219 2508 non
1249 2466 1440 2509 delectos
1459 2466 1558 2508 Deo

90 2531 268 2568 auctore
288 2525 549 2568 occalluisse
577 2528 734 2582 (eoquo
762 2525 1018 2568 felicitatem
1051 2523 1309 2565 messianum
1339 2537 1423 2566 non
1452 2523 1557 2565 ade-

90 2590 193 2640 ptos
213 2583 355 2638 esse),
387 2596 469 2624 non
499 2582 602 2623 illos
626 2581 722 2625 Deo
752 2582 959 2624 effectore
988 2582 1046 2623 ad
1070 2580 1316 2624 hodiernum
1345 2581 1453 2623 diem
1481 2580 1558 2620 oh-

90 2639 295 2681 duruisse
316 2637 619 2681 affirmandum
641 2643 762 2693 erat,
793 2644 838 2682 et
860 2639 1065 2695 quoniam
1087 2637 1288 2692 loquutio
1316 2637 1446 2679 ceteri
1471 2651 1555 2677 ‹m-

92 2701 178 2738 tcm
203 2696 269 2738 ad
298 2695 615 2738 hodiernum
640 2695 774 2737 diem
803 2695 1104 2747 ohim-anrunt
1135 2707 1175 2736 v.
1203 2695 1246 2737 7.
1275 2707 1424 2750 parum
1454 2697 1555 2749 apta

90 2758 227 2796 esset.
287 2751 399 2794 Nam
421 2752 494 2808 qui
517 2766 606 2793 rem
628 2753 685 2794 ad
705 2752 952 2795 hodiernmn
967 2751 1075 2793 diem
1102 2751 1246 2793 valere
1277 2749 1558 2802 contendunt,

91 2808 267 2865 longum
292 2809 502 2867 temporis
524 2809 830 2861 intervallum,
860 2821 938 2865 per
966 2807 1080 2865 qnod
1115 2821 1185 2852 res
1213 2806 1463 2860 duraverit,
1493 2806 1557 2847 in-
