1715 3115
143 208 229 250 534
425 207 799 251 EPISTOLA
835 209 935 252 AD
968 209 1325 255 ROMANOS

148 317 398 355 eventuram
422 327 543 364 esse,
573 327 698 365 {leuem
721 315 942 367 qcntilium
967 320 1139 357 caterva
1160 314 1314 359 Christo?
1341 317 1611 371 disciplinam

149 370 379 422 susceperit
407 383 446 412 v.
470 370 541 411 25.
564 371 652 412 26..
714 371 826 411 Sunt
858 385 967 412 nunc
997 373 1283 427 intc.rpretcS‚
1321 373 1394 429 qui
1424 374 1611 431 alicujus

149 426 250 467 licet
274 427 416 466 tenuis
442 426 729 467 orthodoxiae
751 427 906 467 samam
927 443 973 468 se
993 429 1255 468 collecturos
1287 430 1540 484 opinentur,
1572 431 1613 471 si

150 496 261 523 nunc
282 496 454 537 quoquc
476 483 600 523 nohis
625 484 755 523 licere
783 498 862 539 per
885 483 1009 525 l’auli
1042 485 1168 524 verba
1199 489 1243 525 et
1274 485 1611 542 disputationem

151 539 295 591 gentis
319 538 522 595 judaicae
556 539 608 579 ad
631 540 797 581 Christi
829 541 1104 597 disciplinam
1136 541 1424 583 accessionem
1457 557 1612 599 exspe-

150 603 269 636 ctare
288 596 598 638 concesserint.
660 595 757 637 Nou
779 603 1005 653 reputant,
1039 596 1164 638 l'auli
1194 598 1450 638 sententiam
1478 604 1612 641 totam

152 652 278 692 nohis
307 657 383 692 aut
410 652 683 708 ⁴probandam
716 657 790 693 aut
819 653 1097 710 rejiciendam
1129 668 1225 694 esse
1259 653 1491 710 inepteque
1519 668 1613 697 eam

152 708 195 749 in
231 709 471 761 particulas
504 709 727 764 discerpi,
766 724 946 765 quarum
977 711 1116 751 altera
1148 710 1291 750 divina
1323 711 1510 764 veritas,
1551 712 1616 753 a‘l·

152 765 246 805 tera
270 765 480 806 humanus
506 779 630 806 error
660 766 949 809 contineatur.
1018 766 1166 822 (Quare
1198 767 1300 807 illos
1332 765 1516 808 Paulum
1547 782 1616 808 se-

154 827 313 876 quutos
344 835 427 862 non
459 823 598 863 solum
629 821 772 876 gentis
795 822 998 879 judaicae
1026 824 1078 864 ad
1103 823 1269 866 Christi
1299 836 1422 864 sacra
1454 823 1617 865 transi-

152 884 242 918 tum
265 891 468 932 sperare,
497 893 644 919 verum
665 879 794 919 etiam
816 880 873 920 ita
895 880 1143 921 existimare
1164 879 1392 922 decuerat:
1422 880 1619 936 (jeconiam

151 934 373 989 yentilinm
395 940 566 977 caterva
597 949 689 976 non
703 936 764 976 du
776 950 815 976 m
849 937 906 978 ml
923 937 1080 978 Christi
1097 936 1367 990 disciplinam
1389 937 1617 978 accesserit

155 991 337 1031 Jmlaeos
359 991 591 1032 etiamnum.
614 991 657 1032 ins
685 992 884 1034 divinitus
912 993 966 1033 iis
994 993 1186 1034 immisse?
1216 992 1482 1033 contumacia
1509 1006 1617 1046 per-

157 1047 330 1096 sistere,
373 1051 420 1088 ut
448 1047 614 1089 Christo
639 1046 766 1100 sidem
795 1047 949 1090 habere
985 1053 1247 1104 nequeant
1276 1047 1521 1103 ineptusque
1549 1048 1620 1102 sit,

154 1103 226 1157 qui
246 1107 472 1157 ‹mthnam
498 1102 555 1146 τὸ
587 1104 856 1157 πλήρωμα
884 1105 986 1145 τῶν
1017 1103 1196 1146 ἐθνῶν
1221 1104 1277 1146 ced
1299 1103 1455 1147 Christi
1474 1109 1621 1146 castra

156 1159 379 1201 transierit
418 1173 486 1200 eos
524 1161 580 1201 ad
618 1160 856 1201 doctrinam.
895 1160 1173 1203 christicolam
1201 1160 1409 1202 adducere
1433 1165 1620 1212 conetur,

157 1214 272 1270 quod
296 1216 363 1255 vix
385 1215 569 1268 dicturi,
602 1224 719 1257 certe
743 1230 824 1257 non
847 1217 1056 1258 credituri
1086 1221 1204 1259 sunt.
1263 1214 1536 1272 Quamquam
1569 1231 1621 1258 ne

157 1272 236 1311 hac
267 1271 444 1327 quidem
470 1274 672 1327 opinione
702 1274 763 1313 rei
792 1274 1056 1328 veritatique
1088 1273 1380 1325 satisfeceris,
1427 1272 1622 1329 quaudo-

159 1328 332 1383 quidem
364 1328 416 1372 P.
452 1330 759 1385 plerorumque
787 1335 830 1370 ct
859 1331 1086 1384 gentilium
1119 1336 1162 1371 et
1187 1328 1450 1373 Iudaeorum
1478 1340 1623 1370 e'men-

158 1385 375 1425 dationem
399 1385 512 1426 intra
536 1386 663 1427 breve
683 1386 977 1441 proximorum
1009 1400 1217 1428 annorum
1248 1387 1437 1442 spatium
1469 1399 1623 1441 exspe-

159 1442 293 1482 ctavit
323 1445 385 1495 (v.
417 1446 587 1498 supra).
657 1443 751 1484 Mea
783 1442 1038 1485 orthodoxia
1072 1443 1161 1485 veri
1192 1457 1337 1484 amore
1369 1447 1414 1484 et
1452 1443 1622 1498 profes-

160 1497 281 1538 sione
314 1498 484 1541 nititur.
555 1499 706 1555 ltaque
744 1514 836 1541 eam
875 1498 1161 1552 sententiam,
1205 1513 1331 1554 quam
1358 1497 1488 1540 Pauli
1526 1500 1622 1540 loco

161 1568 291 1609 saepe
314 1555 426 1595 lecto
447 1555 770 1611 diligenterque
796 1570 979 1597 excusso
1006 1569 1148 1596 veram
1178 1569 1276 1597 esse
1308 1555 1513 1608 cognovi,
1556 1555 1622 1595 in·-

161 1624 299 1663 genue
320 1613 614 1667 exponendam
668 1612 799 1653 utavi.
862 1610 910 1652 In
933 1612 1100 1653 summa
1121 1626 1168 1652 re
1189 1611 1293 1652 mihi
1313 1625 1408 1653 cum
1437 1611 1488 1653 de
1506 1611 1620 1653 Am-

163 1680 281 1706 mene
302 1666 401 1708 Exc.
426 1666 493 1717 J.‚
524 1667 628 1708 Jieic
642 1669 695 1708 tio
716 1674 758 1706 et
778 1667 1007 1709 Koellnere
1028 1667 1241 1709 convenit.

275 1721 420 1763 Fulcit
448 1737 558 1763 nunc
588 1722 638 1767 P.
669 1724 924 1778 mysterium
955 1737 1078 1764 suum
1107 1722 1375 1777 argumentis
1404 1736 1426 1764 e
1455 1722 1623 1764 divino-

163 1791 257 1819 rum
299 1779 601 1820 institutorum
642 1784 686 1820 et
725 1780 1007 1821 consiliorum
1048 1780 1410 1835 contemplatione
1454 1779 1624 1820 haustis

162 1849 204 1878 v.
222 1836 278 1877 28
295 1859 348 1865 ——
366 1836 453 1878 32..
515 1835 615 1876 Non
638 1836 936 1887 incredibilis,
957 1836 1126 1892 inquit,
1154 1836 1279 1877 vobis
1308 1836 1446 1876 totius
1474 1834 1626 1892 populi

157 1890 324 1947 judaici
343 1891 394 1932 ad
419 1892 585 1935 Christi
609 1907 730 1935 sacra
752 1893 943 1934 accessio
970 1908 1011 1936 v.
1031 1893 1087 1934 25
1103 1918 1160 1923 —
1176 1894 1248 1936 27.
1274 1891 1493 1932 videbitur
1519 1892 1626 1932 haec

165 1962 206 1991 v.
226 1949 353 1990 28—
373 1949 445 1992 32.
473 1950 796 2005 reputantibus.
862 1948 1094 2005 Asyndeto
1125 1950 1169 1990 in
1199 1947 1451 2005 exponendo
1478 1952 1521 1989 et
1551 1946 1626 1988 de-

164 2007 446 2046 monstrando
467 2006 605 2046 locum
625 2021 723 2046 esse
751 2011 923 2046 constat
950 2010 1010 2059 (v.
1031 2007 1132 2047 Gal.
1158 2006 1279 2057 2,15.
1309 2010 1353 2045 et
1379 2010 1469 2047 not.
1500 2003 1554 2044 ad
1582 2003 1626 2056 8,

169 2063 238 2104 le.
258 2077 301 2117 p.
327 2063 463 2115 1420.
527 2057 615 2102 Οὗν
634 2069 734 2118 post
753 2061 830 2111 μέν
853 2077 891 2106 v.
909 2063 980 2104 28.
1003 2064 1094 2115 (10.
1122 2063 1192 2105 31.
1221 2061 1340 2115 73.),
1372 2059 1485 2117 quod
1507 2060 1624 2102 Goli-

167 2132 298 2159 naens
319 2124 363 2159 et
384 2119 507 2160 Beza
527 2118 593 2161 ed.
613 2120 655 2161 3.
673 2120 715 2161 4.
736 2119 778 2160 5.
798 2119 839 2158 in
862 2119 1055 2159 ordinem
1078 2123 1357 2175 receperunt,
1394 2117 1449 2157 ab
1475 2116 1531 2157 iis
1559 2116 1625 2156 in-

168 2179 335 2214 vectum
363 2181 455 2225 est,
488 2175 587 2229 qui,
616 2180 665 2216 ut
685 2189 824 2231 nuper
843 2175 989 2216 Reielz.
1019 2179 1064 2215 et
1085 2174 1267 2227 Rueck„
1298 2172 1480 2214 Paulum
1509 2186 1550 2216 v.
1569 2171 1628 2214 28

172 2255 221 2260 -
241 2231 312 2273 32.
332 2236 431 2272 ante
451 2231 566 2272 dicta
595 2245 636 2275 v.
656 2233 679 2272 l
698 2258 749 2263 ——
767 2233 839 2275 27.
867 2232 1111 2274 summatim
1139 2229 1366 2287 complecti
1394 2230 1507 2270 salso
1531 2241 1628 2289 erc-

168 2285 402 2330 didissent.
463 2286 643 2329 Poterat
670 2288 834 2328 inflatis
861 2291 922 2342 (v.
953 2287 1021 2329 18.
1048 2289 1138 2341 19.)
1167 2286 1406 2340 gentilibus
1434 2284 1627 2329 Judaeo-

169 2356 265 2383 rum
288 2346 408 2384 salus
431 2343 661 2400 desperata
680 2344 820 2385 videri
843 2349 1101 2401 propterea,
1140 2344 1254 2400 quod
1274 2342 1371 2384 Deo
1398 2341 1527 2384 invisi
1557 2355 1625 2382 es-

170 2404 292 2453 sent,
323 2401 483 2456 quippe
504 2415 584 2457 per
612 2401 822 2442 divinitus
854 2401 1046 2441 ell'cctam
1076 2399 1386 2441 contumaciam
1416 2398 1470 2438 ab
1498 2410 1627 2438 evan-

172 2456 311 2509 gelio,
342 2458 499 2498 salutis
519 2460 661 2509 sonte,
689 2457 863 2513 depulsi
881 2460 941 2511 (v.
958 2459 1000 2498 7.
1019 2457 1106 2513 8.),
1137 2470 1276 2512 neque
1292 2458 1625 2497 consentaneum

173 2519 291 2553 esset
314 2512 459 2554 Deum
491 2515 533 2554 in
565 2528 640 2554 eos
667 2527 833 2554 summa
862 2521 1113 2554 ornamenta
1139 2513 1337 2554 conferre
1370 2524 1477 2565 quos
1507 2510 1626 2550 odis-

172 2575 256 2611 set.
313 2569 429 2609 Huic
450 2570 712 2610 dubitationi
731 2571 794 2611 sic
818 2568 864 2612 Ρ.
894 2570 1098 2611 occurrit.
1157 2568 1264 2610 Odit
1289 2568 1435 2619 Deus,
1469 2566 1630 2621 inquit,

171 2639 284 2666 nunc
312 2624 503 2668 Judaeos
541 2640 701 2682 eosque
743 2640 766 2667 a
796 2624 964 2668 Christi
991 2625 1221 2681 disciplina
1248 2629 1387 2674 arcet,
1426 2622 1626 2678 quoniam

128 2688 132 2691 ’
172 2686 337 2722 restrae
356 2683 486 2722 saluti
516 2683 743 2737 providere
772 2681 1000 2723 constituit
1027 2696 1067 2724 v.
1100 2685 1193 2731 11.;
1229 2686 1273 2722 at
1303 2679 1450 2731 diligit
1475 2693 1550 2720 eos
1578 2683 1628 2718 ut
1687 2696 1689 2734 3

172 2738 518 2792 patriarcharum
559 2739 612 2778 ab
644 2753 691 2779 se
730 2739 992 2779 delectorum
1025 2744 1240 2794 posteroS.
1306 2733 1482 2790 (ltaque
1511 2733 1626 2789 quod

174 2795 445 2850 exprompsit
464 2794 635 2847 odium,
666 2809 793 2850 qutun
816 2793 1006 2838 Judacos
1026 2795 1079 2834 ab
1097 2809 1142 2834 se
1163 2792 1389 2834 induratos
1419 2790 1475 2831 ad
1498 2789 1626 2833 Chri·
1678 2798 1681 2802 ’

176 2851 233 2891 sti
251 2850 527 2907 disciplinam
548 2852 768 2907 hucusque
788 2865 871 2893 non
893 2849 1157 2902 admitteret,
1186 2848 1348 2890 idcirco
1367 2848 1409 2889 in
1431 2862 1506 2890 eos
1524 2860 1628 2888 con-
1679 2880 1686 2906 ,-
