1715 3115
567 165 726 211 CAP.
758 164 853 211 XI.
893 165 984 210 Vn.
1017 167 1112 210 10..
1490 173 1579 216 493

109 278 180 318 sto
200 273 325 317 tidem
345 270 603 323 habuerint,
631 270 856 313 vocabulis
873 269 924 312 τὸ
955 267 1140 326 φύραμα
1169 275 1215 313 et
1244 269 1287 314 οἱ
1320 273 1478 318 κλάδοι
1505 291 1577 319 ce-

110 337 232 375 teros
259 330 476 381 Iudaeos,
526 329 601 384 qui
633 329 675 370 id
707 328 894 369 nondum
922 328 1108 369 fecerint
1138 329 1323 372 indicari
1353 333 1580 377 existima-

109 396 230 431 runt.
298 386 453 429 Potest
488 386 533 427 iu
566 386 675 426 hanc
708 390 875 441 partem
908 384 1033 440 prius
1065 386 1302 428 membrum
1332 389 1496 446 accipi,
1538 394 1579 435 si

110 446 285 502 quidem
312 442 389 498 τὴν
416 441 618 497 ἀπαρχήν
640 442 826 484 homines
856 441 949 482 Deo
978 448 1264 494 consecratos,
1311 443 1362 486 τὸ
1392 444 1580 502 φύραμα

107 507 270 545 ceteros
301 500 493 556 ejusdem
516 499 685 553 yenere's
713 498 900 539 homines
928 499 1206 540 euarraveris
1235 498 1332 555 (ΙΙ,
1363 516 1408 558 p.
1444 505 1581 560 173.),

108 573 192 600 non
217 559 319 599 item
345 556 581 614 posterius.
640 553 801 595 lutima
832 554 948 595 enim
976 555 1112 596 ramis
1141 570 1237 596 cum
1267 558 1409 614 stirpe
1437 562 1580 605 socie-

106 620 177 657 tas
201 613 454 664 intercedit,
486 626 616 668 quum
637 611 776 667 stirps
800 624 945 653 ramos
966 612 1184 653 sustineat
1212 627 1252 655 v.
1273 616 1343 658 17.
1362 615 1448 660 18..
1509 621 1578 662 At

107 672 313 719 ludaeis,
361 670 435 726 qui
470 667 658 709 nondum
688 667 867 710 Christo
909 682 1062 709 nomen
1101 668 1326 722 dederint,
1371 686 1466 716 cum
1498 675 1578 719 Ju-

108 730 258 781 daeis,
289 728 362 783 qui
382 725 531 782 idjam
556 725 762 776 feceriut,
795 725 914 765 nulla
938 725 1124 766 interior
1145 727 1334 769 societas
1363 736 1454 782 est,
1490 734 1576 776 nisi

109 785 226 843 quod
264 784 476 838 sanguine
517 782 574 823 iis
612 781 785 835 cognati
814 787 939 833 sunt3
979 796 1091 837 quae
1119 785 1348 838 sanguinis
1375 792 1578 841 cognatio

108 842 265 900 stirpis
284 848 328 883 et
347 853 563 882 ramorum
585 838 875 880 similitudine
896 852 935 883 v,
958 839 1027 882 16.
1046 839 1160 881 dicta
1185 855 1283 882 esse
1304 845 1457 899 nequit
1476 859 1579 901 pro-

106 908 284 958 pterea,
314 896 428 953 quod
449 896 524 952 qui
556 910 596 939 v.
625 897 694 939 17.
723 895 884 936 excisis
911 896 1046 936 ramis
1078 898 1382 940 assimilantur
1403 900 1579 958 Judaei,

105 963 225 998 certe
262 952 631 1012 propinquitatis,
680 952 762 1008 qua
794 952 891 1008 pios
920 951 1115 995 Judaeos
1141 955 1466 1011 contingerent,
1512 960 1578 1019 ja-

106 1019 274 1056 cturam
298 1025 380 1052 non
404 1011 615 1052 fecerunt.
656 1009 846 1051 Accedit
866 1010 1110 1052 sententiae
1128 1014 1412 1068 perversitas.
1459 1011 1578 1060 M'ale

106 1070 221 1113 enim
245 1068 457 1110 rationem
489 1066 552 1107 sic
579 1066 838 1108 concludas:
876 1066 915 1106 si
944 1067 1097 1123 populi
1127 1082 1231 1124 pars
1254 1068 1350 1112 Deo
1379 1086 1502 1115 sacra
1534 1080 1579 1118 et

107 1141 207 1170 cara
229 1131 318 1177 est,
349 1129 466 1166 totus
487 1123 675 1179 populus
696 1122 793 1164 Deo
816 1136 940 1164 sacer
959 1129 1004 1165 et
1023 1131 1228 1181 acceptus
1257 1132 1342 1170 est.
1400 1128 1578 1188 Quippe

106 1189 441 1226 consentaneum
463 1187 530 1221 est
549 1180 757 1235 pietatem
779 1180 930 1236 populi
946 1184 1112 1237 partem
1127 1182 1224 1224 Deo
1235 1186 1579 1242 commendasse,

107 1242 245 1283 totius
267 1238 416 1296 populi
446 1238 712 1293 impietatem
736 1238 831 1278 Deo
861 1236 1115 1294 displicere.
1172 1238 1358 1281 Frustra
1379 1242 1580 1287 Reieleing

106 1313 152 1356 p.
173 1297 271 1339 386.
309 1295 488 1337 Paulum
520 1293 573 1333 ab
606 1293 685 1333 hac
711 1294 925 1334 communi
958 1295 1172 1337 sententia
1203 1298 1446 1353 profectum
1479 1316 1579 1343 esse

107 1353 332 1396 obtendit:
375 1350 580 1406 primitiis
616 1354 749 1391 totum
788 1363 938 1391 earum
977 1365 1121 1393 rernm
1157 1367 1288 1407 yemaes
1318 1360 1576 1411 consecrari,

105 1424 287 1467 quarum
308 1408 526 1461 primitiae
547 1406 800 1462 offeruntur.
859 1405 990 1461 Quod
1010 1408 1049 1449 si
1071 1411 1365 1464 concesseris,
1397 1421 1576 1470 aposto..

105 1469 196 1510 lum
219 1478 484 1508 communem
515 1463 775 1503 seutentiam
806 1464 917 1504 male
948 1464 990 1504 in
1021 1479 1143 1506 suam
1175 1480 1266 1508 rem
1292 1470 1577 1514 transtulisse

107 1524 240 1566 simul
268 1522 494 1564 consessus
523 1519 678 1562 snei-is.
749 1518 862 1561 Nam
892 1534 987 1561 cum
1017 1523 1251 1577 primitiis,
1294 1526 1454 1580 quibus
1482 1533 1576 1571 tota

107 1595 250 1622 massa
279 1581 581 1627 consecretur,
624 1575 819 1617 homines
851 1583 1174 1633 comparasset,
1212 1581 1287 1636 qui
1319 1597 1443 1625 suum
1476 1599 1577 1639 gre-

107 1652 204 1694 gem
236 1637 331 1678 Deo
359 1647 615 1677 consecrare
647 1646 733 1673 non
764 1634 1030 1689 potuissent.
1109 1635 1272 1679 Contra
1297 1641 1578 1693 patriarchas

106 1708 229 1737 suam
249 1692 502 1750 progeniem
528 1690 621 1730 Deo
642 1703 818 1730 sacrare
839 1696 883 1731 et
903 1693 1205 1735 commendare
1232 1695 1433 1752 potuisse
1464 1698 1577 1741 vidi-

107 1766 204 1792 mus
227 1751 302 1804 (cf.
323 1764 362 1791 v.
383 1748 495 1799 28.).
518 1746 564 1799 ³¹³)
625 1744 758 1801 Pejus
778 1747 908 1787 etiam
930 1748 1149 1792 Semlerus
1177 1757 1222 1792 et
1239 1752 1439 1797 Ammon.
1477 1769 1575 1796 ver-

107 1809 177 1850 bis
201 1801 224 1861 ἦ
247 1802 423 1858 ἀπαρχή
447 1809 489 1844 et
519 1798 540 1858 ἡ
571 1801 670 1856 ῥίζα
690 1803 873 1867 «ΙιιιΙιιεοέ
897 1805 1086 1857 primum
1115 1807 1172 1848 ad
1191 1808 1352 1850 Christi
1380 1810 1574 1866 relliyio..

105 1878 202 1906 nem
222 1863 445 1908 adductos,
476 1858 699 1900 vocabulis
720 1858 770 1900 τὸ
793 1872 979 1914 φυραμα
1000 1865 1044 1901 et
1064 1858 1106 1903 οὶ
1128 1860 1285 1905 κλάδοι
1309 1864 1577 1910 Christianos

107 1935 166 1962 ea·
183 1933 278 1974 qen
291 1923 304 1960 t
319 1918 360 1958 il
371 1917 416 1958 ib
431 1930 487 1957 us
500 1948 511 1966 ,
541 1928 664 1956 suam
684 1928 742 1955 ex·
760 1914 844 1956 illis
863 1916 1068 1970 oriyinem
1086 1924 1325 1969 repetentes
1353 1921 1572 1968 declarari

107 1976 275 2034 Opinati
296 1980 413 2016 SUM-
475 1971 591 2020 Τθῧς
619 1969 808 2019 κλάδους
837 1985 876 2014 V·
909 1974 975 2016 16.
1005 1988 1243 2028 generosae
1273 1977 1396 2020 oleae
1425 1994 1573 2024 ramos

107 2035 139 2078 i.
179 2047 219 2076 e.
247 2030 438 2075 Judaeos
472 2042 570 2069 esse
603 2026 731 2069 Pauli
768 2027 1011 2084 disputatio
1040 2044 1080 2075 v,
1102 2033 1172 2075 16.
1191 2058 1246 2064 —
1265 2034 1337 2079 24.
1359 2038 1571 2083 ostendit.

108 2090 328 2142 Origenes
346 2085 534 2128 absurde
558 2084 611 2125 de
633 2085 674 2127 h.
693 2085 726 2127 l.
744 2083 976 2141 disputans
997 2085 1074 2143 τὴν
1098 2086 1300 2146 ἀπαρχήν
1324 2098 1369 2133 et
1397 2093 1475 2150 τὴν
1499 2094 1574 2150 ῥί-

1532 2147 1542 2162 Ι

108 2146 184 2200 ζαν
203 2146 426 2197 Christum,
454 2140 506 2184 τό
525 2138 710 2199 φύραμα
727 2140 904 2183 lmmum‘
920 2157 1087 2198 yeneris
1104 2159 1310 2201 massam,
1339 2149 1444 2200 τοὺς
1461 2151 1573 2193 κλα-

152 2295 187 2339 ³t)
213 2292 375 2335 Ineptum
394 2289 495 2332 hujus
513 2288 816 2332 interpretationis
836 2294 1154 2334 temperamentum
1177 2299 1249 2337 est,
1273 2295 1369 2341 quod
1389 2299 1435 2329 de
1460 2298 1571 2331 We!-

199 2341 269 2372 li’us
287 2336 509 2380 excogitavit.
560 2335 588 2367 ls
608 2333 672 2376 τήν
688 2332 790 2379 ῥίζαν
807 2336 974 2370 ecclesiae
992 2344 1051 2370 aut
1068 2351 1170 2372 verae
1199 2340 1413 2375 theocratiae
1439 2343 1568 2378 sunda-

196 2390 334 2422 menta,
354 2396 441 2427 quae
453 2380 580 2415 Christi
599 2381 822 2427 disciplinam
846 2383 994 2428 amplexi
1011 2383 1138 2417 ,Iudaei
1159 2385 1310 2420 fecerint
1327 2396 1357 2421 et
1378 2389 1460 2428 τούς
1480 2387 1572 2424 κλεί-

196 2431 281 2468 (Ῑους
299 2426 500 2463 incredulos
518 2426 694 2468 judaeos,
718 2433 893 2472 quatenus
918 2441 978 2462 eos
1006 2430 1086 2475 quia
1103 2430 1243 2464 ludaei
1262 2442 1377 2468 essent
1405 2438 1447 2469 ad
1472 2437 1569 2470 illam

196 2475 446 2511 theocraticaui
471 2473 644 2506 civitatem
671 2473 840 2507 accedere
867 2477 1081 2518 oportuisset
1107 2476 1277 2521 appellari
1305 2481 1437 2524 putavit
1461 2481 1496 2516 h.
1523 2494 1571 2515 s.:

196 2523 223 2557 si
244 2521 319 2554 fieri
340 2520 452 2566 potuit
467 2544 474 2556 ‚
500 2523 538 2551 ut
558 2519 617 2562 qui
645 2519 761 2561 primo
789 2530 826 2553 se
853 2521 895 2553 ad
916 2519 1098 2555 Christum
1126 2523 1359 2558 contulerunt
1377 2527 1502 2561 Judaei
1532 2528 1569 2561 in

194 2578 331 2603 sacram
353 2565 524 2600 civitaten·
541 2563 805 2608 reciperentur,
837 2563 913 2598 fieri
940 2567 1043 2600 ctiam
1072 2568 1221 2613 poterit,
1255 2578 1290 2603 ut
1317 2572 1425 2605 ceteri
1445 2573 1568 2607 ,Iudaei

195 2613 386 2658 aliquando
408 2611 441 2644 in
462 2623 539 2642 cam
562 2610 790 2654 recipiantur.
838 2614 885 2645 At
911 2611 994 2649 τούς
1019 2613 1172 2654 κλάδους
1194 2616 1251 2658 τῆς
1275 2613 1370 2661 ῥίζης
1395 2630 1457 2652 eos
1485 2619 1568 2662 dici,

195 2659 256 2704 qui
275 2657 392 2702 stirpis
409 2657 496 2690 rami
516 2657 610 2695 sint,
638 2667 710 2689 non
737 2656 796 2702 qui
825 2657 955 2691 radicis
980 2662 1068 2693 rami
1086 2661 1178 2703 fieri
1197 2664 1387 2696 debuerint
1413 2665 1568 2698 manife-

195 2711 289 2739 stum
309 2709 372 2737 est.
420 2703 504 2736 ltem
524 2704 667 2735 excisos
687 2714 806 2737 ramos
826 2703 972 2747 stirpem
993 2705 1182 2750 aliquando
1200 2709 1406 2742 sustinuisse
1425 2710 1461 2743 in
1480 2723 1567 2754 pro-

196 2749 319 2795 patulo
338 2755 387 2782 est
408 2751 454 2792 (v-
476 2749 562 2788 17.).
613 2747 791 2781 lncreduli
811 2755 926 2783 autem
948 2749 1074 2786 Judaei
1104 2765 1210 2787 verae
1226 2753 1440 2788 theocratiae
1468 2756 1563 2790 cives

197 2807 312 2840 neque
332 2801 406 2828 tum
432 2799 596 2835 tuerunt,
633 2804 748 2838 neque
766 2802 867 2830 antea
886 2794 1040 2831 lucrant.
1090 2798 1225 2834 Confer
1244 2799 1435 2845 Meyerum
1451 2808 1485 2836 et
1503 2814 1564 2836 ex..

193 2841 309 2887 pende
326 2848 443 2876 notam
468 2838 753 2886 praecedentem.
