1715 3115
392 179 550 225 CAP.
586 179 683 222 lx.
733 177 825 222 Vs.
856 179 898 222 3.
924 177 1039 223 -5,
1072 184 1125 222 et
1154 180 1198 224 6.
1222 180 1356 225 -9..
1537 181 1624 225 275

124 284 362 332 hominibus
381 284 624 339 prospicere
645 280 886 324 lectoribus
911 281 1212 326 inculcaturus
1235 283 1382 325 verbis
1415 279 1436 326 ὁ
1460 280 1516 323 ὢν
1539 282 1617 326 :l-rc

120 340 298 385 πάντων
330 336 464 392 θεός,
513 348 560 380 ut
601 340 642 380 in
687 339 905 380 sententisi
947 340 1198 396 primariis,
1247 341 1434 396 primum
1473 342 1613 382 lorum

121 400 227 442 dare
258 397 444 439 debebat
475 411 616 453 neque
650 397 910 437 sententium
944 412 966 437 a
999 411 1100 438 voce
1136 394 1443 452 εὐλογητός
1474 397 1614 440 ordiri

117 460 310 516 poterat.
354 452 465 495 Num
487 453 719 506 doxologizi
740 453 804 494 sic
821 454 1093 495 conformata
1112 454 1403 510 disputationi
1427 456 1614 497 solemni

118 513 308 558 formula
347 512 477 553 linem
522 511 743 568 imponere
781 517 825 552 et
862 509 930 551 vix
974 511 1219 552 inchoatam
1253 512 1294 552 in
1340 512 1436 568 ipso
1477 527 1611 554 cursu

117 570 320 614 inhibere
342 568 491 610 subito
511 567 753 610 videretur.
813 566 1002 608 Mediam
1035 568 1250 624 (piandum
1282 568 1395 610 viam
1419 570 1611 621 ingressi

119 632 246 679 sunt,
277 626 378 683 qui,
418 630 467 667 ut
500 630 571 667 est
604 626 646 666 in
669 622 750 668 Cd.
772 625 869 675 71.‚
915 623 1127 666 suadente
1151 625 1335 667 Erasmo
1361 626 1486 682 plene
1512 633 1611 682 post:

118 682 196 726 ἐπὶ
225 679 403 724 πάντων
425 682 818 739 interpunxerunt‚
867 680 1042 733 Wetst„
1083 682 1290 735 Lochias,
1321 681 1532 724 oertelins
1566 684 1609 725 in

116 739 177 784 l.:
218 738 466 794 OEl)rillo[ogie
491 738 526 790 Ι,
542 741 642 781 211.
663 753 730 794 sq.
746 771 757 788 ‚
786 739 971 779 Ammon
991 738 1045 780 ad
1078 739 1120 782 h.
1141 740 1172 782 l.
1193 739 1272 794 (cf.
1303 739 1497 797 ejusdem
1520 740 1609 785 bibl.

117 796 326 851 &theologie
354 795 390 847 Ι,
410 796 562 850 220.)‚
603 795 818 847 Stolzius,
847 794 948 838 dW.
975 796 1034 839 al.
1058 796 1100 840 h.
1126 810 1207 839 m.:
1228 821 1285 827 —
1315 801 1357 839 et
1379 811 1406 838 α
1431 811 1607 851 quornm

116 858 245 910 yente
275 852 527 896 Christus
556 852 760 908 oriyinem
798 852 916 894 ducit
957 853 1065 907 quod
1095 853 1153 895 ad
1190 867 1388 907 corpus
1418 854 1607 894 leuma-

117 924 242 953 num
270 910 453 963 attinet,
489 910 576 966 qui
604 903 832 962 rever-120)
862 909 1055 951 omnibus
1084 910 1211 952 rebus
1241 915 1415 964 praeest
1447 910 1608 955 Mani».

118 967 189 1018 11,
210 966 290 1009 27.
316 968 339 1008 l
359 966 460 1009 Cor.
486 967 554 1015 15,
578 966 649 1008 27.
683 963 861 1016 (Wetst.
904 965 964 1008 al.
999 966 1075 1022 qui
1117 970 1268 1009 revera
1299 962 1355 1022 [ἲ]
1401 966 1606 1009 dominus

117 1023 310 1066 omnium
349 1028 419 1064 est
455 1030 500 1066 et
540 1021 808 1067 Iudaeorum
850 1025 894 1063 et
936 1024 1159 1074 gentium:
1214 1022 1374 1066 Oertel.
1412 1025 1496 1067 al.:
1536 1027 1610 1081 qui

116 1079 319 1122 omnibus
350 1094 461 1136 quos
500 1079 591 1121 dixi
632 1079 898 1135 patriarchis
934 1079 1120 1134 [Stolz.:
1160 1080 1362 1121 omuibus
1400 1080 1605 1138 Judaeis]

116 1135 258 1195 major
277 1142 383 1190 est).
444 1137 588 1178 Deus
618 1136 855 1178 celebratus
885 1137 942 1177 sit
971 1142 1175 1192 perpetuo
1206 1140 1301 1194 (up.
1333 1139 1436 1193 quia
1471 1141 1605 1181 talem

115 1198 378 1250 tantumque
408 1193 618 1235 Messinm
649 1192 816 1245 dedit),
866 1207 1008 1237 amen.
1080 1192 1291 1236 Premunt
1323 1195 1431 1236 hanc
1463 1198 1610 1238 ratio-

115 1264 213 1292 nem
244 1251 286 1291 in
319 1265 358 1293 v.
401 1247 423 1291 ὁ
453 1251 512 1292 ὢν
542 1247 619 1292 ἐπὶ
648 1247 825 1291 πάντων
862 1249 1039 1292 eaedem
1083 1251 1394 1305 difficultates,
1445 1255 1608 1309 quibus

115 1305 404 1350 orthodoxam
429 1307 633 1348 videlicet
666 1306 1002 1362 explicationem
1035 1307 1241 1349 laborare
1273 1323 1407 1364 supra
1438 1311 1608 1351 monui-

113 1378 227 1409 mus,
288 1363 446 1420 Neque
476 1364 589 1404 enim
613 1377 730 1405 voce.
761 1361 783 1404 ὁ
807 1360 882 1404 ἐπὶ
901 1363 1077 1404 πάντων
1107 1364 1345 1421 quidquam
1369 1367 1609 1420 continent,

116 1419 232 1477 quod
259 1421 406 1463 verbis
430 1416 484 1461 τό
501 1418 612 1461 κατὰ
632 1418 773 1473 σάρκα
796 1425 913 1461 recte
937 1429 1199 1476 opponatur.
1261 1420 1506 1464 Senserant
1529 1424 1609 1466 hoc

113 1484 264 1520 eorum
296 1492 407 1534 quos
437 1476 871 1518 commemoravimus
902 1478 1127 1530 nonnulli,
1168 1493 1300 1535 quum
1345 1481 1421 1536 qui
1458 1485 1606 1524 aldem

113 1537 265 1578 revera
313 1541 383 1576 est
431 1534 622 1576 omnium
670 1532 874 1574 dominus
916 1538 1140 1575 verterent
1179 1535 1406 1591 (Wetst.),
1456 1539 1605 1579 verbis

114 1595 257 1633 autem
277 1595 427 1633 revers?
452 1606 530 1648 pro
550 1591 736 1632 arbitrio
760 1589 943 1635 additis.
1003 1590 1167 1634 Eodem
1199 1592 1306 1634 vitio
1337 1595 1441 1635 haec
1468 1595 1605 1636 inter-

112 1648 293 1705 punctio
324 1647 479 1689 affecta
513 1653 678 1691 est:-
716 1646 767 1687 τὸ
805 1647 916 1689 κατὰ
950 1645 1117 1703 σάρκα,
1159 1644 1182 1689 ὅ
1221 1649 1282 1691 ὢν
1312 1648 1390 1692 ἐπὶ
1426 1653 1607 1693 πάντων

112 1703 238 1753 θεός.
278 1701 530 1760 Εὔλογητός
558 1712 640 1748 etc.
712 1702 800 1746 Sed
833 1705 928 1760 ipsa
962 1706 1096 1748 etiam
1133 1704 1365 1760 doxologia
1402 1722 1605 1763 pert-ersa

113 1765 184 1802 est
212 1774 314 1802 voce
342 1758 452 1810 θεός
480 1767 582 1816 post
611 1761 858 1803 uberiorem
893 1762 1064 1805 Christi
1097 1761 1438 1820 descriptionem
1464 1766 1606 1821 primo

112 1815 211 1857 loco
240 1817 414 1874 positzi:
452 1818 597 1859 Deus
625 1820 693 1873 (at
727 1832 810 1859 non
842 1817 1071 1872 Christus)
1111 1821 1348 1862 celebretur
1374 1824 1602 1876 perpetuo!

114 1871 191 1916 Sic
215 1873 306 1914 voci
329 1872 566 1928 εὐλογητός
589 1875 755 1931 primus
773 1875 895 1915 locus
915 1875 1217 1918 concedendus
1246 1877 1430 1920 suisset:
1470 1877 1605 1920 εὐλο-

113 1927 248 1987 γητὸς
267 1927 331 1979 εἰς
352 1927 456 1978 τοὺς
477 1927 640 1979 αἰῶνας
659 1929 782 1979 θεός,
816 1927 944 1986 ἀμήν.
1004 1932 1160 1974 BIorus
1173 1947 1211 1977 v·
1225 1933 1288 1975 sic
1302 1933 1534 1979 distinxit:
1549 1961 1602 1969 ·-

112 1985 165 2028 τὸ
191 1985 302 2027 κατὰ
328 1984 491 2040 σάρκα,
534 1980 558 2028 ὅ
589 1987 648 2026 ὢν
676 1985 755 2028 ἐπὶ
789 1987 986 2037 πάντων,
1026 1988 1158 2038 θεός,
1200 1986 1439 2045 εὖλογητὸς
1465 1989 1528 2042 εἷς
1563 2008 1605 2035 τ.

113 2039 304 2092 αἰῶνας,
336 2039 465 2097 ἀμήν.
490 2067 545 2072 -
576 2043 650 2099 qui
670 2041 920 2097 (Christus)
940 2045 1142 2086 omnibus
1164 2047 1369 2104 superior
1389 2054 1480 2095 est,
1526 2051 1604 2106 qui

112 2098 234 2141 Deus
261 2104 331 2141 est
367 2098 468 2142 Joh.
494 2101 530 2151 l,
554 2099 618 2149 l.‚
667 2099 956 2142 celebrandus
987 2101 1030 2142 in
1063 2106 1287 2144 aeternum
1324 2103 1427 2148 Joh.
1456 2105 1606 2161 5,23.‚

113 2170 257 2207 amen.
317 2156 384 2199 At
415 2156 473 2197 ita
504 2171 644 2213 neque
678 2156 830 2214 Graji,
867 2172 1009 2215 neque
1051 2158 1231 2201 barbari
1268 2161 1442 2218 loquuti
1482 2171 1603 2208 sunt.

113 2212 266 2312 §nare
301 2213 410 2255 hanc
458 2213 688 2255 verborum
740 2213 1066 2257 distinctionem
1107 2215 1312 2259 Reiz-hius
1351 2219 1476 2274 sequi
1516 2235 1601 2264 non

146 2269 326 2322 ebebat,
368 2271 440 2326 qui
475 2270 700 2327 ceteroqui
733 2271 888 2324 verba,
927 2271 978 2313 de
1015 2272 1175 2328 quibus
1207 2276 1460 2329 quaeritur,
1492 2278 1602 2320 hene

113 2326 169 2368 ad
201 2326 345 2369 Deum
378 2327 551 2368 rettulit
580 2334 625 2369 et
654 2334 780 2369 acute
807 2328 860 2369 de
895 2329 990 2372 h.1.
1021 2329 1281 2387 disputavit.
1344 2331 1466 2375 Mori
1487 2350 1603 2376 com-

113 2390 261 2426 mento
284 2384 444 2425 similis
467 2384 693 2426 distinctio
715 2389 807 2437 est,
847 2399 958 2441 quae
988 2387 1169 2428 Erasmo
1191 2388 1231 2427 in
1258 2394 1442 2430 mentem
1469 2393 1604 2446 venit,

83 2473 87 2477 .
116 2440 247 2484 haec:
266 2463 320 2472 —
350 2440 399 2483 τὸ
421 2440 531 2481 κατὰ
555 2440 720 2496 σάρκα,
752 2438 802 2495 ὃ,
840 2443 899 2483 ὧν
929 2441 1004 2485 ἐπὶ
1035 2440 1212 2484 πάντων
1238 2442 1371 2494 θεός,
1413 2443 1602 2505 εὖ),ο”γη-

112 2496 192 2547 τὸς
217 2492 323 2554 (εἴη)
353 2495 417 2547 εἷς
444 2513 482 2538 τ.
510 2494 693 2547 αἰῶνας,
734 2492 861 2552 ἀμήν.
884 2524 939 2531 —
961 2525 1013 2531 —
1053 2501 1128 2557 qui
1150 2500 1425 2560 (Christus),
1466 2520 1600 2561 quum

113 2553 176 2598 sit
194 2553 319 2596 Deus
341 2569 474 2611 super
495 2555 637 2596 omnia
653 2587 664 2606 ‚
697 2554 945 2597 celebretur
968 2562 1050 2599 etc.

224 2610 284 2654 V.
303 2613 346 2654 6.
371 2637 425 2643 --
446 2613 491 2655 9.
529 2611 741 2654 Dubitari
774 2619 920 2668 potest
950 2611 1003 2654 de
1035 2613 1230 2667 ratione,
1270 2616 1356 2672 quai
1380 2630 1418 2659 v.
1436 2619 1478 2661 6.
1500 2633 1596 2662 cum

112 2672 215 2709 ante
245 2666 376 2711 dictis
407 2668 656 2713 cohaereat.
729 2667 840 2710 Nam
881 2685 1041 2726 negare
1073 2685 1112 2714 V.
1128 2673 1172 2715 6.
1204 2685 1272 2728 sq.
1307 2687 1385 2730 per
1416 2689 1601 2732 occupa-

113 2724 276 2767 tionem
318 2727 613 2782 Apostolum,
660 2740 713 2768 ex
751 2741 828 2779 eo,
876 2727 991 2783 quod
1033 2727 1204 2770 alienos
1233 2743 1331 2771 esse
1361 2745 1384 2771 a
1418 2731 1598 2775 Christo

113 2782 363 2838 salutisque
400 2797 477 2839 per
518 2798 614 2824 eum
652 2788 806 2841 partae
845 2790 1046 2826 exsortes
1084 2783 1281 2829 ,Iudaeos
1313 2801 1354 2830 v.
1377 2788 1421 2832 3.
1451 2789 1598 2831 decla-

114 2844 286 2892 rasset,
342 2847 460 2882 recte
507 2840 631 2896 cogi,
680 2840 768 2884 Dei
810 2842 1069 2897 promissum
1118 2842 1384 2898 patriarchis
1432 2845 1598 2900 datum,

1058 2897 1149 2942 Sz
