1715 3115
151 158 238 202 325
440 156 818 200 srtsToLA
852 156 953 199 Λι)
986 138 1347 199 Romanos

157 265 389 308 tumaciam
427 270 472 305 et
500 258 654 320 poenis
684 277 781 305 eum
814 263 1014 305 all'ecisse
1044 263 1145 319 quia
1172 267 1401 304 contumax
1456 262 1631 307 fuisset.

157 321 245 364 Sed
288 321 393 361 haec
433 321 721 377 repugnantia
771 320 959 376 simplici
1001 319 1257 375 antiquitati
1299 318 1632 376 hominibusque

157 376 474 429 orientalibus,
508 377 668 432 quibus
702 375 840 433 major
867 381 935 417 est
957 376 1091 417 animi
1112 378 1299 432 impetus
1323 389 1450 430 quam
1475 377 1633 417 mentis

158 434 384 477 subtilitas
424 433 585 488 quique
625 433 831 475 meliores
870 438 972 475 sunt
1006 435 1161 489 poiitae
1202 446 1329 486 quam
1368 431 1636 488 philosophi,

158 487 437 534 condonanda
461 496 544 533 est.
603 488 718 531 Nam
751 504 880 545 quum
911 495 955 530 et
976 496 1128 530 cuncta
1162 487 1318 528 invicto
1344 487 1427 529 Dei
1452 489 1634 545 imperio

160 545 431 603 subjicienda
451 560 549 588 esse
566 546 781 588 vidissent
803 552 846 586 et
870 546 1032 587 homini
1051 545 1297 586 libertatem
1320 543 1633 585 concedendam

160 618 259 647 esse
297 603 565 655 sensissent,
612 601 713 643 dum
748 616 857 643 nune
893 603 945 642 ab
976 602 1049 642 illa
1085 616 1195 642 nunc
1226 601 1280 640 ab
1311 600 1388 641 haic
1419 602 1635 643 sententia

161 660 545 719 proficiscerentur
584 659 752 714 loquuti
793 664 896 699 sunt
938 672 1089 715 parum
1137 657 1251 697 inter
1280 672 1326 698 se
1354 659 1637 710 congruentia

163 731 303 773 neque
327 716 606 768 laborarunt,
638 715 852 771 quomodo
876 714 1112 771 pugnantia
1137 714 1250 754 inter
1269 728 1315 754 se
1339 714 1638 758 conciliarent.

163 774 253 817 Sed
288 771 469 814 Paulum
500 787 575 815 eos
605 771 904 813 tantummodo
937 769 1077 812 Exodi
1106 770 1226 810 locos
1267 776 1497 825 sequutum
1527 785 1640 823 esse,

164 830 324 888 quibus
366 830 507 871 Deum
550 828 796 871 Pharaonis
844 828 1033 868 animum
1087 826 1354 867 obstinatum
1393 826 1638 869 reddidisse

163 887 351 941 legimus
382 884 643 940 (meyerus),
682 892 725 926 et
756 887 866 926 banc
902 883 1162 925 sententiam
1202 883 1478 925 subtilissime
1516 884 1640 925 intel-

167 945 319 986 lectum
353 957 403 983 ex
434 942 488 983 iis
518 941 774 997 repetiisse:
825 947 1100 981 contumaces
1132 939 1272 980 Deum
1310 939 1505 981 homines
1541 941 1640 980 red-

166 999 294 1049 dere,
326 998 383 1039 ita
419 1003 466 1039 ut
484 997 726 1054 pervicacia
758 997 994 1039 necessario
1025 997 1274 1037 imbuantur
1295 1000 1338 1036 et
1358 995 1520 1036 frustra
1549 996 1642 1038 Deo

169 1056 308 1098 obniti
328 1063 562 1107 conentur,
593 1055 819 1096 institutae
841 1053 1157 1108 disputationis
1181 1051 1434 1104 consilium,
1463 1053 1576 1093 ratio
1600 1059 1644 1093 et

170 1112 397 1155 subtilitas
423 1112 592 1153 docent.
657 1109 728 1153 Ad
756 1112 877 1151 locos
901 1113 927 1150 2
950 1109 1069 1151 Sam,
1090 1109 1162 1160 24,
1178 1110 1213 1151 l.
1234 1110 1320 1149 etl
1343 1108 1587 1161 Chron.21,
1603 1111 1643 1153 l.

169 1169 334 1211 frustra
369 1174 648 1225 provocatum
680 1173 771 1218 est,
810 1180 862 1208 ex
890 1166 1048 1221 quihus
1086 1166 1162 1206 hoc
1191 1179 1319 1206 unum
1353 1165 1496 1206 discas
1530 1167 1642 1207 mala

172 1225 356 1268 consilia
388 1225 660 1281 antiquiores
689 1223 917 1264 Hebraeos
946 1221 998 1263 ad
1024 1221 1192 1272 Deum,
1224 1222 1490 1262 recentiores
1513 1221 1645 1278 majo-

174 1296 269 1324 rum
290 1295 466 1326 suorum
488 1280 704 1322 sententia
738 1279 936 1335 deposita
964 1278 1017 1319 ad
1038 1277 1243 1320 Satanan]
1266 1284 1483 1319 auctorem
1508 1284 1646 1320 rettu-
1668 1280 1673 1287 ’

173 1339 298 1381 lisse.
366 1338 490 1393 (guae
528 1352 658 1394 quum
693 1337 750 1377 ita
783 1338 897 1388 sint,
943 1336 1114 1376 tristem
1147 1335 1272 1375 istam
1317 1335 1579 1375 sententiam
1622 1349 1644 1376 a

176 1394 317 1437 Paulo
347 1395 389 1437 h.
419 1395 450 1438 l.
477 1393 636 1435 dictam
665 1408 762 1434 esse
785 1393 877 1434 viro
905 1390 1058 1444 docto,
1090 1391 1164 1446 qui
1195 1390 1367 1446 quidem
1390 1391 1483 1432 veri
1501 1405 1647 1433 amore

177 1451 376 1503 ducatur,
406 1450 697 1492 confitendum
719 1456 787 1491 est
807 1454 868 1502 (v.
889 1448 1031 1500 Calo„
1060 1448 1198 1498 Beza,
1229 1448 1444 1499 Ammon„
1473 1447 1647 1499 Rueck„

177 1507 397 1559 Meyer-ns,
427 1507 525 1549 dW.
549 1508 644 1556 alt).
704 1506 831 1560 Quod
855 1505 929 1559 qui
950 1503 1208 1557 theologicis
1233 1504 1514 1560 praejudiciis
1533 1505 1650 1562 capti

177 1571 393 1618 negarunt
428 1570 566 1604 totum
606 1564 745 1603 locum
785 1567 1034 1618 pervertere
1072 1559 1282 1615 valdeque
1320 1561 1473 1613 nugari
1509 1562 1648 1604 coacti

179 1627 296 1663 sunt.
357 1620 487 1661 Multi
519 1618 702 1661 Paulum
733 1633 754 1658 e
792 1617 1022 1659 Pharaonis
1045 1616 1225 1657 historia
1256 1616 1360 1657 haec
1381 1617 1534 1658 docere
1555 1618 1650 1674 opi-

182 1677 273 1717 nati
293 1682 417 1718 suut:
461 1690 637 1732 parcere
673 1674 844 1730 quidem
868 1673 1007 1715 Deum
1027 1671 1235 1722 Judaeis,
1266 1674 1338 1727 qui
1362 1671 1539 1715 Christo
1558 1689 1650 1716 cre-

182 1732 284 1774 dere
309 1734 444 1774 nolint
470 1746 717 1788 poenasque
747 1745 895 1772 eorum
925 1728 1128 1780 differre,
1158 1730 1234 1769 sed
1257 1730 1295 1770 si
1320 1729 1358 1769 in
1381 1731 1651 1772 contumacia

183 1790 262 1831 suti
294 1790 557 1846 persistant,
598 1791 747 1844 postea
780 1801 876 1828 eum
906 1785 1157 1826 tarditatem
1199 1785 1404 1841 supplicii
1434 1787 1651 1840 gravitate

185 1852 563 1903 compensaturum
593 1859 689 1886 esse
719 1843 890 1898 (Gr-ot„
934 1841 1105 1893 Wetst„
1149 1841 1412 1894 Tecrrettz‘n.,
1455 1843 1652 1887 Tleoluce.

184 1903 282 1956 aL).
345 1900 612 1943 Pharaonem
648 1900 890 1942 voluntaria
922 1904 1060 1939 semet
1090 1898 1383 1939 obstinatione
1413 1898 1653 1941 obdurasse

188 1964 233 2001 et
264 1959 455 1999 voluisse
495 1973 590 1999 eum
621 1957 761 1999 Deum
794 1954 1049 2006 emendare3
1091 1955 1165 1994 sed
1199 1954 1281 1996 Dei
1310 1955 1544 1997 bonitatem
1574 1957 1654 1998 im-

190 2016 316 2071 probi
351 2015 536 2056 hominis
573 2013 885 2056 contumaciam
925 2011 1116 2053 auxisse.
1184 2009 1340 2067 Itaque
1368 2012 1653 2054 insanabilem

189 2072 328 2112 virum
361 2071 502 2113 decem
532 2072 675 2128 plagis
707 2071 870 2110 frustra
909 2068 1141 2109 coercitum
1172 2067 1356 2123 denique
1393 2067 1446 2108 ad
1484 2070 1655 2125 suppli-

190 2130 303 2169 cium
324 2129 471 2169 datum
504 2143 601 2169 esse
630 2126 770 2169 Exod.
796 2127 864 2178 14,
887 2127 954 2167 17.
975 2138 1059 2180 sq..
1119 2124 1314 2165 Similem
1343 2123 1437 2165 fore
1462 2125 1655 2166 obstina-

192 2190 333 2225 torum
353 2184 616 2228 ,ludaeorum
639 2185 871 2232 fortunam,
900 2181 984 2222 nisi
1007 2181 1280 2237 resipiscant,
1316 2178 1497 2221 Paulum
1519 2182 1658 2236 signi-

195 2243 340 2284 ficare.
408 2242 657 2283 Formulam
689 2240 809 2282 Deus
847 2243 1132 2279 contumacem
1169 2237 1349 2278 reddidit
1394 2237 1656 2280 Pharaonem

197 2298 399 2353 populari
429 2298 594 2339 trutina
621 2293 939 2352 ponderandam
970 2307 1089 2342 esse,
1131 2299 1178 2333 ut
1203 2293 1270 2333 vel
1293 2292 1345 2332 ad
1369 2291 1452 2333 Dei
1477 2295 1657 2347 permis-

195 2369 286 2395 sum
317 2355 556 2396 referatur:
594 2353 720 2394 sivit
761 2365 853 2392 eum
885 2350 1006 2391 Deus
1042 2349 1298 2390 obstinatum
1332 2347 1431 2401 sieri
1458 2350 1658 2416 (Kopp.)‚

198 2411 265 2450 vol
308 2411 366 2451 ita
407 2412 685 2467 explanetur:
734 2407 998 2463 pervicacem
1041 2420 1135 2445 eum
1173 2405 1294 2446 Deus
1334 2406 1437 2446 fecit
1473 2410 1659 2449 matema

198 2468 477 2508 (attendendae
497 2465 690 2506 malitiae
712 2465 750 2504 ei
767 2464 873 2505 date?
896 2462 1213 2513 (Turreninus,
1248 2461 1438 2505 weolncc.
1458 2463 1560 2559 313,
1589 2462 1660 2504 vel

200 2522 386 2576 denique
427 2523 488 2563 sic
529 2524 792 2577 exponatur:
831 2524 1120 2560 contumacem
1158 2531 1252 2558 eum
1294 2517 1414 2558 Deus
1455 2533 1500 2562 re
1535 2518 1660 2571 didit,

202 2583 407 2632 (finetenus
436 2578 595 2618 Pharao
614 2577 693 2629 Dei
713 2576 897 2617 bonitate
916 2574 1070 2615 abusus
1089 2579 1167 2616 est.
1228 2574 1359 2614 Recte
1377 2574 1489 2616 enim
1514 2575 1658 2626 beros,

204 2647 333 2688 (μιιιιη
376 2648 547 2674 servum
588 2633 767 2673 lenitate
807 2631 884 2672 sua
919 2629 1161 2680 segniorem
1193 2629 1468 2685 pejoremque
1499 2631 1659 2672 factum

205 2704 303 2730 esse
328 2689 645 2738 intellexerint,
685 2686 911 2741 depravavi
940 2689 1033 2725 nwa‘?
1055 2685 1313 2737 indumenta?
1347 2701 1510 2728 sermm
1531 2688 1658 2740 vulgo

207 2746 351 2786 dicere
381 2745 516 2797 (θήῃ.
541 2745 592 2784 de
621 2743 846 2798 principiis
871 2740 955 2791 lli,
980 2744 1015 2791 l,
1033 2743 1120 2789 11„
1155 2741 1406 2796 Theophyl„
1432 2744 1569 2786 Ila-eil.
1589 2758 1661 2799 ap,
1695 2776 1697 2778 .

212 2804 326 2853 (heca,
355 2800 481 2843 schol.
505 2800 666 2841 Macae.
682 2800 777 2852 uh).
837 2798 999 2839 'vscruxu
1020 2797 1130 2844 euim
1156 2813 1253 2838 xero
1276 2813 1357 2840 nou
1379 2814 1400 2840 e
1424 2798 1666 2846 Pharaonis
