1715 3115
121 184 207 227 450
409 184 787 230 EPISTOLA
820 179 923 230 AD
951 186 1314 233 ROMANOS

125 293 239 334 cibos
258 307 401 335 eorum
421 307 591 335 memae
611 294 826 350 impositos
853 292 1034 350 (Pollux
1054 298 1096 349 6,
1109 296 1183 341 84.
1210 295 1380 339 Herod.
1404 296 1594 350 1‚162.).

127 348 205 392 sed
224 364 365 391 eorum
395 363 586 392 mensam
614 350 859 407 conquisitis
886 353 1021 405 epulis
1050 358 1318 396 exstructam
1348 354 1597 406 (conferen-

129 404 211 446 dae
248 411 350 446 sunt
378 402 422 446 αἱ
453 405 540 446 τῶν
569 406 762 449 Σικελῶν
786 404 1006 462 τράπεζαι
1033 408 1147 464 apud
1176 409 1455 452 Athenaeum
1483 406 1601 459 XII,

129 461 228 504 518.
250 461 320 515 C.)
340 461 636 506 declararunt.
696 460 843 516 Igitur
862 477 902 507 v.
921 464 1110 506 ἐνώπιον
1129 462 1270 507 αὐτῶν
1289 465 1453 509 omisit.
1510 463 1602 507 Sed

131 518 216 559 istzi
240 519 460 559 exstructa
495 518 641 560 mensa
672 518 891 561 hominum
919 520 1228 574 heluationem,
1267 535 1377 578 quae
1405 521 1604 564 abdomi-

131 575 202 615 nis
226 575 526 631 voluptatibus
547 576 841 632 emancipatos
859 576 947 619 Dei
962 581 1068 618 num
1085 576 1329 619 occalluisse
1347 592 1389 622 v.
1408 579 1452 622 7.
1472 591 1604 633 neque

131 629 300 672 divinas
318 645 386 673 res
409 645 562 673 curare
581 633 835 674 ostenderet
855 634 948 690 Ap.
970 633 1113 674 notari
1133 632 1414 677 existimavit.
1458 634 1602 676 Theo-

134 687 328 731 doretus:
358 687 582 742 τράπεζαν
600 713 655 719 -
676 688 774 744 τὴν
794 703 852 743 τρ
865 704 890 730 υ
904 703 936 743 φ
950 683 973 744 ἡ
986 705 1007 729 ν
1027 687 1378 745 προςηγόρευσεν
1395 714 1467 732 ·--.
1510 689 1606 732 Vo-

135 743 290 784 cabula
315 744 387 784 καὶ
409 741 473 793 εἰς
490 741 638 801 θήραν
657 745 750 801 Ap.
769 744 953 804 adjecit,
984 759 1036 786 ne
1058 745 1268 802 primaria
1295 745 1505 802 quaedam
1534 759 1607 788 ra-

137 799 224 852 tio,
255 800 339 855 qus«
363 799 517 842 bestiis
537 801 717 842 exitium
738 806 942 858 paratur,
969 801 1283 858 praetermissa
1304 807 1446 855 esset,
1475 816 1608 858 quum

138 861 232 898 tota
254 869 326 897 res
346 855 442 911 ejus
463 856 705 918 adjectione
725 858 988 900 luculentior
1011 858 1150 901 fieret.
1209 857 1379 915 Nempe
1398 859 1510 900 alias
1534 857 1608 900 he-

140 913 252 954 stias
274 927 435 970 auceps
460 914 632 970 laqueis
661 914 832 967 irretit,
870 915 984 956 alias
1013 920 1192 956 venator
1223 915 1435 957 venabulo
1465 920 1611 957 trans-

141 969 373 1022 verberat,
404 969 517 1012 alias
549 971 790 1028 muscipula
819 971 1046 1028 opprimit.
1114 968 1344 1013 Postremo
1375 985 1417 1016 v.
1447 972 1522 1013 καί
1550 969 1613 1020 εἰς

141 1023 443 1068 ἀνταπόδοσιν
461 1041 612 1084 parum
634 1036 734 1085 apte
755 1029 868 1069 inter
888 1025 952 1077 εἰς
973 1026 1141 1083 παγίδα
1158 1034 1202 1069 et
1223 1028 1298 1070 καὶ
1329 1025 1395 1077 εἷς
1419 1024 1614 1070 σκάνδα-

143 1083 220 1124 λον
239 1082 452 1124 collocata
475 1083 518 1124 in
539 1098 604 1127 vs.
624 1085 752 1126 finem
775 1084 928 1142 rejecit
947 1085 1021 1126 καὶ
1038 1081 1103 1133 εὶς
1129 1080 1418 1137 ἀνταπόδομα
1448 1080 1613 1133 αὖτοῖς,

146 1144 196 1180 ut
219 1138 299 1180 hoc
327 1137 425 1195 ipso
454 1146 718 1182 exstructam
748 1141 967 1183 hominum
996 1153 1186 1182 mensam
1218 1140 1461 1182 mercedem
1489 1142 1617 1197 (poe-

147 1209 246 1237 nam
266 1195 410 1238 Sirac.
430 1198 576 1250 14‚6.)
596 1198 652 1239 iis
673 1198 907 1240 allaturam
928 1211 1048 1249 esse,
1081 1196 1198 1253 quod
1227 1202 1277 1238 ut
1303 1197 1516 1253 laqueus,
1544 1208 1618 1237 ve-

147 1251 267 1294 natio
286 1257 330 1294 et
353 1255 596 1310 muscipula
617 1268 694 1296 eos
719 1255 969 1296 confectura
990 1260 1134 1306 esset,
1171 1251 1466 1297 ostenderent.
1523 1249 1618 1294 Ita-

151 1322 235 1365 que
258 1307 310 1350 P.
334 1308 549 1352 Davidem
571 1325 702 1367 quum
725 1310 1003 1353 adversarios
1026 1314 1332 1352 exsecraretur
1351 1309 1483 1351 simul
1511 1308 1620 1350 haec

148 1364 194 1407 in
207 1364 475 1409 israelitasa
492 1367 586 1409 Deo
610 1382 693 1409 non
714 1367 908 1410 delectos
920 1367 1197 1409 vaticinatum
1216 1380 1311 1409 esse
1329 1364 1597 1407 existimavit
1609 1378 1628 1410 ε.

150 1421 228 1465 suat
250 1424 319 1476 (ut
337 1422 529 1466 suturam
549 1423 606 1465 iis
626 1429 788 1466 sortem
810 1423 922 1465 diris
943 1423 1329 1480 imprecationibus
1349 1421 1623 1473 denuntiem)

150 1483 377 1521 exstructa
395 1494 540 1523 eorum
559 1494 707 1523 mensa
729 1480 864 1535 (unde
887 1481 1156 1523 obstinatum
1178 1484 1220 1520 et
1238 1493 1263 1519 a
1294 1478 1428 1520 rebus
1458 1477 1622 1519 divinis

155 1548 356 1576 aversum
376 1550 525 1577 eorum
548 1536 765 1588 animum,
794 1535 873 1591 τὴν
901 1536 1113 1591 πώρωσιν
1141 1534 1284 1577 αὐτῶν
1311 1548 1353 1577 v.
1382 1535 1451 1586 7.,
1490 1533 1621 1575 facile

155 1595 413 1644 cognoscas)
432 1593 617 1647 laqueus
638 1593 714 1648 qui
734 1606 810 1634 eos
832 1593 1030 1644 irretiat,
1059 1591 1246 1643 venatio,
1279 1605 1390 1646 quae
1412 1605 1487 1632 eos
1506 1596 1624 1632 ster-

159 1652 260 1698 nat,
297 1647 456 1689 mobile
488 1649 755 1705 muscipulae
785 1648 975 1701 tigillum
1003 1651 1066 1704 (v.
1094 1653 1182 1690 not.
1214 1646 1269 1689 ad
1299 1647 1470 1700 9‚33.)‚
1508 1643 1626 1699 quod

158 1717 237 1744 eos
257 1704 508 1759 pessumdet
528 1705 580 1758 (i.
602 1719 646 1760 q.
665 1709 891 1746 exstructa
914 1719 1063 1746 eorum
1089 1718 1236 1746 mensa
1260 1704 1440 1745 exitium
1462 1701 1520 1744 iis
1547 1716 1626 1758 pa-

159 1761 250 1813 ret)
267 1766 311 1801 et
330 1761 430 1814 (hoc
449 1762 597 1817 pacto)
617 1760 853 1801 mercedem
875 1762 1101 1817 (poenam)
1115 1760 1170 1802 iis
1190 1759 1344 1801 afferat
1364 1759 1458 1815 (up.
1479 1758 1629 1800 helua-

161 1816 297 1857 tionis
317 1822 361 1857 et
380 1817 692 1868 contumaciae,
728 1817 807 1871 τῆς
834 1813 1107 1871 πωρώσεως,
1148 1830 1277 1873 quam
1309 1814 1524 1858 heluando
1554 1828 1630 1856 ex-

162 1874 465 1929 promserint).
522 1872 647 1928 Quae
670 1888 799 1929 quum
821 1873 881 1917 ita
906 1872 1018 1926 sint,
1048 1888 1087 1916 v,
1104 1887 1145 1917 ν.
1165 1874 1208 1917 9.
1228 1868 1457 1928 γενηθήτω
1474 1867 1500 1926 ἡ
1516 1866 1632 1925 τρά-

165 1927 279 1979 πεζα
301 1925 444 1972 αὐτῶν
463 1930 553 1971 κτλ.
576 1928 711 1971 Paulo
732 1929 877 1987 judice
897 1929 1009 1971 idem
1034 1929 1207 1984 dicunt,
1237 1928 1353 1985 quod
1385 1941 1499 1970 voco.
1530 1941 1569 1969 V.
1589 1925 1632 1969 8.

167 1980 329 2026 ἔδωκεν
347 1981 498 2034 αὐτοῖς
520 1982 543 2028 ὃ
564 1985 673 2035 θεὸς
691 1979 768 2028 π’νε
778 1987 864 2036 ὗμα
883 1983 1177 2036 κατανύξεως,
1207 1985 1296 2026 nisi
1317 1983 1434 2041 quod
1454 1983 1634 2039 oblique.

169 2040 284 2082 Nam
316 2042 608 2084 heluationem
639 2057 718 2099 pro
748 2043 949 2084 divinitus
975 2042 1154 2099 effectae
1182 2041 1472 2084 contumaciae
1498 2039 1633 2080 docu-

168 2102 308 2139 mento
335 2099 570 2140 memorari
599 2099 801 2143 credidit.
877 2098 1087 2140 Fortasse
1118 2098 1250 2139 etiam
1280 2100 1373 2154 Ap.
1407 2096 1488 2151 τὴν
1520 2090 1635 2147 τρά-

170 2151 308 2204 πεζαν
329 2149 471 2195 αὐτῶν
490 2169 703 2207 mensum,
733 2158 815 2211 quc?
839 2154 1132 2209 arqenturiam
1160 2153 1355 2207 facerent
1383 2153 1445 2207 (v.
1473 2149 1637 2194 Matth.

170 2209 322 2262 21‚12.
341 2209 412 2262 25,
424 2210 497 2255 27.
518 2217 563 2252 et
585 2211 718 2254 Len.
739 2212 828 2266 gr.)
847 2210 1071 2267 exposuit,
1108 2224 1132 2250 a
1153 2208 1328 2251 Davide
1354 2207 1451 2249 auri
1477 2207 1637 2248 famem

172 2265 372 2321 lucrique
396 2266 707 2324 cupiditatem,
737 2267 820 2323 qua
851 2279 1026 2332 semper
1053 2266 1236 2307 infames
1263 2263 1420 2309 Iudaei
1445 2262 1640 2316 fuerunt,

172 2336 254 2378 pro
283 2324 579 2365 contumaciae
611 2323 821 2364 divinitus
841 2321 1094 2364 efficiendae
1126 2321 1288 2364 indicio
1318 2319 1420 2377 poni
1450 2318 1645 2360 arbitra-

171 2385 263 2421 tus.
322 2377 376 2422 In
396 2380 565 2436 psalmo
583 2379 662 2433 τὴν
681 2377 904 2433 τράπεζαν
925 2392 1113 2420 mensam
1134 2392 1257 2430 esse,
1295 2389 1406 2442 quae
1429 2374 1641 2417 conviviis

174 2432 461 2489 adhibeatur,
488 2450 572 2478 non
593 2435 796 2502 objiciet,
836 2434 910 2490 qui
937 2441 1099 2491 quanta
1130 2435 1390 2489 allegoricae
1422 2430 1537 2474 inter
1571 2444 1643 2485 re-

178 2489 361 2533 tationis
400 2493 579 2534 licentia
618 2498 679 2534 sit
715 2491 976 2536 meminerit.
1043 2489 1409 2545 σκοτισθήτωσαν
1445 2483 1488 2529 οἱ
1526 2487 1640 2543 οφθ.

178 2544 324 2589 αὐτῶν
345 2562 385 2590 τ.
404 2563 452 2602 μ.
472 2549 565 2603 βλ]
594 2548 840 2591 hebetentur
857 2561 1002 2591 eorum
1029 2546 1138 2590 oculi
1165 2560 1217 2588 ne
1245 2544 1414 2587 videant
1439 2542 1470 2587 i.
1498 2557 1537 2589 e.
1565 2542 1644 2585 ob-

180 2602 391 2646 tundatur
418 2604 477 2647 iis
505 2605 663 2648 mentis
691 2605 834 2654 acies,
873 2618 926 2645 ne
953 2617 1101 2645 verum
1130 2602 1273 2644 animo
1299 2604 1479 2641 cernant
1503 2611 1646 2655 neque

182 2659 295 2701 viam
317 2661 491 2712 ineant,
532 2675 642 2718 quae
663 2661 718 2702 ad
753 2660 1013 2702 messianam
1041 2659 1226 2701 salutem
1257 2657 1386 2699 terat.
1444 2655 1647 2711 Respon-

184 2715 288 2757 dent
324 2730 364 2760 ν.
402 2715 767 2771 σκοτισθήτωσαν
791 2739 845 2748 —-
870 2716 950 2758 τοῦ
988 2713 1049 2770 μὴ
1075 2712 1258 2766 βλέπειν
1281 2711 1505 2754 vocabulis
1532 2724 1573 2754 v.
1598 2709 1645 2754 8.

185 2771 453 2829 ὀφθαλμοὺς
468 2778 552 2815 τοῦ
570 2772 629 2827 μὴ
649 2772 843 2824 βλέπειν.
863 2772 935 2813 καὶ
953 2786 990 2812 τ.
1015 2787 1051 2812 ν.
1071 2766 1212 2812 αὐτῶν
1231 2767 1306 2809 διὰ
1324 2765 1488 2816 παντὸς
1499 2763 1646 2822 odyn]
1699 2777 1701 2780 ’

185 2844 407 2887 eorumque
427 2830 597 2874 dorsum
619 2842 786 2887 semper
805 2828 978 2872 incurva
1005 2827 1036 2873 i.
1058 2840 1096 2870 e.
1121 2825 1324 2869 fortunae
1353 2822 1541 2868 tristitia
1569 2835 1648 2866 eos
