1715 3115
0 2886 14 2970 l

0 2976 15 3018 εἰ

463 171 621 218 GAP.
655 171 750 219 XI.
800 175 892 218 Vs,
923 176 1002 221 13.
1032 180 1085 218 et
1118 177 1211 222 14..
1481 179 1567 224 481

94 279 243 322 eadem
263 279 395 338 opera
417 279 664 338 promoveri
685 281 826 337 possit
845 278 897 325 P.
919 281 961 325 h.
977 282 1009 324 l.
1027 281 1185 324 docere
1203 281 1392 326 videtur.
1440 283 1564 327 Beza

93 336 283 380 Paulum
313 351 393 379 suo
422 338 623 394 exemplo
651 337 838 392 gentiles
868 352 1066 391 monere,
1107 344 1155 380 ut
1178 339 1264 395 ipsi
1288 354 1462 395 quoqne
1482 341 1563 384 Ju-

92 393 300 436 daeorum
321 393 666 436 emendationem
688 399 993 451 promoveant,
1033 395 1241 451 opinatur
1264 397 1341 450 (cf.
1361 396 1564 443 Rosenm.

93 449 150 492 ad
171 464 211 493 v.
235 451 342 503 14.).
405 451 593 506 Koppo'us
612 451 860 507 apostolum
880 464 1052 492 versum
1078 451 1147 495 14.
1168 451 1410 508 adjecisse,
1443 468 1496 496 ne
1517 455 1562 496 in

88 506 294 566 judaicae
324 507 480 563 stirpis
501 507 779 550 Christianos
801 507 1078 549 memoranda
1101 508 1179 549 sua
1202 508 1257 549 ad
1280 508 1479 552 ethnicos
1499 511 1564 552 le-

91 564 269 617 gatione
290 564 494 605 invidiam
516 564 750 618 odiumque
772 564 985 606 excitaret
1003 564 1120 617 (Chr.
1135 565 1208 608 Fr.
1222 564 1412 608 Schmid.
1433 592 1486 598 -
1506 582 1560 609 ne

92 621 173 663 hae
192 634 240 661 re
256 620 459 676 judaicae
480 620 665 672 originis
689 620 958 663 Christianis
980 620 1325 675 indignationem
1349 625 1564 678 moveret)

91 677 352 720 arbitratur.
425 677 598 718 Deinde
625 677 890 734 interpretes
921 678 1100 719 voculae
1125 676 1205 729 μέν
1231 678 1445 720 rationem
1475 694 1563 723 nou

91 734 319 789 asseqnuti
341 738 459 777 sunt.
525 731 756 775 Postremo
784 734 830 775 in
862 747 978 777 voce.
1007 732 1085 789 τὴν
1117 732 1345 776 διακονίαν
1372 750 1459 786 μου
1486 737 1561 779 δο-

91 789 222 842 ξάζω,
243 785 397 839 εἴπως
415 815 466 820 -
486 791 779 847 explicatione
798 791 913 846 lapsi
933 796 1052 834 sunt.
1104 790 1452 844 Theophylactus,
1484 794 1562 849 qui

91 847 163 889 hic
185 860 356 903 quoque
377 845 716 900 chrysostomum
739 847 982 904 excerpsit,
1021 847 1130 888 hanc
1154 852 1306 889 nostro
1328 848 1361 890 l.
1383 855 1560 891 senten-

91 904 196 944 tiam
226 903 419 945 affinxit:
459 901 631 945 ἐπαινῶ
654 899 790 954 ὑμᾶς,
823 897 857 945 ὦ
880 901 1078 955 ἐθνικοί,
1109 900 1184 944 διὰ
1208 904 1288 945 δύο
1306 904 1471 946 ταῦτα·
1512 903 1561 948 ἓν

89 961 170 1013 μὲν
197 955 268 1001 ὅτι
294 955 482 1014 ἀνάγκην
511 957 618 1011 ἔχω,
658 958 734 1001 ἅτε
761 957 839 1015 τὴν
866 958 1155 1002 διδασκαλίαν
1177 954 1298 1011 ὑμῶν
1320 957 1561 1016 ἐγκεχειρι-

91 1014 271 1068 σμένος,
312 1014 511 1066 δοξάζειν
537 1014 617 1070 τὴν
644 1014 871 1058 διακονίαν
895 1031 1005 1069 μου,
1034 1016 1263 1058 τουτέστιν
1289 1009 1403 1069 ὗμᾶς
1432 1018 1558 1073 [sic],

93 1068 145 1113 δι’
171 1069 321 1124 ἕτερον
342 1072 389 1114 δὲ
409 1070 479 1113 ἵνα
499 1071 834 1127 παραζηλώσω,
875 1072 1102 1115 τουτέστιν
1129 1069 1194 1121 εἰς
1224 1071 1354 1127 ζῆλον
1379 1073 1559 1126 ἐμβάλω

89 1128 169 1181 τῂν
201 1130 345 1180 σάρκα
369 1143 456 1180 μου
484 1129 680 1182 (Chrysa
722 1154 773 1160 —-
803 1127 858 1170 δι’
881 1127 1033 1183 ἕτερον
1062 1128 1112 1171 δὲ
1143 1126 1214 1169 ἵνα
1242 1127 1297 1170 δι’
1317 1125 1437 1180 ιιι-μῶν
1466 1128 1559 1173 ἑτέ-

89 1198 196 1240 ρους
217 1183 384 1237 σώσω).
434 1184 614 1226 Nullum
640 1184 768 1244 hujus
789 1186 1035 1227 sententiae
1058 1185 1290 1238 vestigium
1316 1184 1440 1227 Pauli
1462 1201 1560 1228 ver-

89 1241 159 1282 his
181 1240 326 1281 inesse
348 1242 491 1296 quivis
511 1242 584 1297 qui
607 1257 688 1282 non
713 1243 870 1299 lippiat
892 1241 1010 1284 videt
1029 1255 1211 1298 eamque
1231 1243 1293 1283 sic
1313 1244 1559 1298 exprimen-

89 1296 189 1338 dam
211 1298 349 1338 fuisse
368 1298 495 1339 facile
521 1299 751 1349 intelligit:
791 1298 961 1341 ἐπαινῶ
981 1296 1063 1354 γὰρ
1084 1297 1217 1351 ὑμᾶς,
1248 1297 1303 1340 τὰ
1323 1297 1457 1354 ἔθνη,
1489 1297 1560 1342 ὅτι

89 1352 183 1404 εἰμὶ
209 1352 293 1407 ἐγὼ
320 1351 461 1394 ἐθνῶν
489 1350 742 1403 ἀπόστολος
770 1356 843 1396 καὶ
873 1351 944 1395 ὅτι
978 1353 1092 1409 ζητῶ
1118 1353 1442 1410 παραζηλῶσαι
1469 1371 1558 1408 μου

88 1409 167 1465 τὴν
188 1412 346 1465 σάρκα.
397 1411 615 1462 EIsvwrns,
646 1425 816 1452 versum
841 1411 911 1454 15.
933 1425 1027 1452 cum
1048 1424 1088 1453 v.
1103 1413 1170 1453 12.
1192 1413 1426 1454 cohaerere
1446 1414 1559 1454 male

90 1468 325 1523 opinatus,
356 1481 420 1509 vs.
448 1469 512 1510 13.
532 1473 576 1508 et
600 1468 666 1510 14.
686 1468 940 1523 parenthesi
964 1467 1143 1509 inclusit
1172 1465 1336 1521 Wolfio,
1368 1468 1463 1511 Chr.
1486 1469 1558 1511 Fr.

88 1523 329 1573 Sclunfflio,
363 1524 717 1577 Rosennmellero,
750 1525 907 1574 Flauo,
937 1522 1115 1565 Ree'clee‘o
1133 1524 1322 1579 aliisque
1345 1525 1557 1579 plauden-

89 1580 210 1622 tibus
229 1580 357 1635 eique
379 1582 490 1621 hunc
510 1595 685 1621 sensum
707 1579 921 1638 subjecit:
951 1580 1004 1621 de
1024 1580 1175 1636 populi
1190 1579 1287 1636 jud.
1310 1581 1558 1637 privilegiis

88 1642 134 1679 et
164 1637 311 1678 sutura
342 1636 639 1678 emendatione
669 1638 786 1691 apud
815 1651 883 1678 ros
907 1637 1086 1690 yentiles
1109 1638 1374 1689 potissimum
1407 1639 1556 1693 [quasi

87 1707 191 1735 vero
213 1707 362 1734 omnes
381 1693 566 1735 Romani
587 1694 690 1734 olim
710 1694 898 1747 gentiles
919 1694 1152 1747 fuissentl]
1183 1693 1312 1734 verba
1335 1695 1445 1735 facio
1461 1726 1472 1747 ,
1502 1709 1556 1736 ne

90 1750 176 1792 fide
210 1750 355 1790 vestr-'i
394 1750 662 1806 superbiatis
700 1750 865 1806 spretis
902 1748 1106 1792 Iudaeis:
1153 1750 1348 1805 alioquin
1380 1752 1556 1806 quoties

90 1820 186 1849 cum
219 1806 394 1846 Judaeis
423 1806 667 1860 eonyredior
692 1806 884 1858 gentium
914 1805 1041 1846 tidem
1075 1807 1290 1846 extollere
1321 1808 1464 1859 soleo,
1506 1812 1556 1848 ut

89 1863 196 1904 illos
215 1861 268 1901 ad
288 1862 622 1902 aemulationem
644 1876 870 1917 provocem
894 1861 966 1915 (M)
989 1862 1030 1903 h.
1050 1875 1089 1903 e.
1118 1860 1222 1915 παρ’
1242 1858 1341 1913 ὑμῖν
1365 1863 1446 1915 μὲν
1471 1864 1555 1919 γὰρ

89 1922 184 1967 τοῖς
203 1917 355 1960 ἔθνεσι
378 1916 546 1969 δοξάζω
566 1916 670 1968 τοὺς
688 1915 948 1967 Ἰουδαίους,
974 1914 1207 1966 Ἰουδαίοις
1227 1918 1274 1959 δὲ
1297 1917 1450 1970 συνών,
1483 1920 1555 1961 ὅτι

91 1973 184 2027 εἰμί
212 1972 294 2028 ἐγώ
329 1973 472 2016 ἐθνῶν
499 1972 774 2021 ἀπόστολος.
821 1972 900 2028 τῆν
931 1971 1081 2014 πίστιν
1116 1971 1234 2024 ΐνμῶν
1270 1974 1463 2025 δοξάζω.
1514 1972 1559 2017 εἴ

90 2045 188 2080 πως
215 2031 322 2071 κτλ..
394 2029 518 2072 Bezcc
548 2044 588 2072 v.
617 2026 716 2080 ὑμῖν
745 2028 827 2083 γὰρ
855 2028 967 2083 λέγω
994 2033 1086 2078 τοῖς
1110 2027 1307 2079 ἔθνεσιν,
1349 2028 1417 2084 ἐφ’
1449 2028 1554 2072 ὅσον

89 2088 169 2141 μὲν
188 2084 280 2138 εἰμί
300 2085 384 2139 ἐγώ
406 2084 545 2127 ἐθνῶν
562 2083 814 2134 ἀπόστολος
835 2086 957 2127 uncis
979 2087 1090 2127 male
1109 2087 1302 2129 inclusit.
1342 2086 1555 2129 Ruecker·

89 2149 160 2187 tus
178 2150 270 2184 tres
290 2143 604 2199 explicationes
628 2142 995 2199 proposuit-juxta
1021 2143 1206 2199 ineptas,
1238 2157 1421 2199 quarum
1444 2144 1555 2185 hanc

87 2200 186 2257 ipse
198 2200 421 2257 probavit:
452 2206 665 2255 quatenus
681 2200 901 2254 yentilinm
924 2199 1096 2255 quidem
1111 2201 1445 2256 apostolussnm
1461 2215 1557 2242 mu-

88 2257 186 2298 neri
214 2257 318 2297 mihi
348 2255 607 2297 demandato
627 2271 706 2312 pro
725 2255 893 2297 viribus
916 2257 1171 2297 satisfacere
1191 2271 1243 2298 ac
1262 2257 1438 2309 proinde
1455 2261 1554 2313 quot

87 2327 255 2368 possum
272 2314 451 2368 yentiles
471 2314 527 2354 ml
538 2312 692 2354 christi
710 2326 838 2354 saera
859 2313 1067 2354 adducere
1088 2313 1194 2367 [sim
1224 2313 1279 2355 cf.
1292 2313 1446 2368 supra]
1463 2319 1552 2355 stu-

87 2370 190 2422 deo,
226 2369 265 2411 si
294 2370 405 2410 forte
432 2370 629 2422 cognatis
651 2369 757 2410 meis
780 2370 1116 2411 aemulationem
1138 2368 1316 2425 injicere
1336 2375 1468 2424 atque
1490 2369 1552 2410 ita

88 2439 237 2468 eorum
261 2427 494 2468 nonnullos
518 2426 646 2466 beare
665 2425 848 2482 possim.
895 2424 992 2469 Jam
1017 2425 1336 2481 oppositionem
1358 2440 1382 2466 a
1405 2424 1456 2468 P.
1480 2440 1552 2467 co-

92 2483 300 2537 gitatam,
336 2497 420 2524 non
450 2482 740 2535 enuntiatam,
778 2481 890 2523 hanc
919 2496 1017 2523 osse
1042 2481 1197 2523 Rueck.
1230 2482 1420 2538 putavit:
1471 2482 1551 2523 sed

90 2545 305 2595 quatenus
331 2539 502 2581 natione
534 2539 721 2580 Judaeus
751 2552 846 2580 sum
878 2538 1150 2580 nihilominus
1177 2534 1256 2592 (⁴3)
1285 2537 1436 2594 populi
1468 2538 1551 2580 mei

87 2596 411 2637 restitutionem
434 2596 476 2636 in
500 2595 715 2648 integrum
739 2609 886 2651 spero.
946 2594 1187 2637 Gentilium
1217 2595 1418 2651 apostolo
1449 2609 1552 2647 apo-

87 2652 235 2703 stolus,
253 2666 372 2709 quem
392 2658 433 2694 et
452 2653 624 2693 Jmlaezs
642 2657 681 2693 ei
695 2651 924 2706 yentilibus
943 2651 1183 2704 prospicere
1201 2656 1409 2705 oporteat,
1431 2659 1547 2692 recte

86 2709 348 2765 opponitur,
387 2723 468 2750 non
490 2708 709 2759 Judaeus,
750 2707 824 2763 qui
843 2721 1011 2764 pagano
1035 2707 1194 2763 opponi
1215 2708 1347 2750 solet.
1407 2708 1549 2748 Acce-

88 2764 154 2807 dit
185 2765 426 2809 sententiae
457 2767 668 2822 pravitas.
746 2763 850 2806 Nisi
880 2761 1046 2805 Paulus
1075 2763 1301 2818 yentt'lium
1333 2766 1547 2818 apostolus

86 2820 351 2874 Iudaeorum
382 2821 720 2863 emendationem
751 2826 1001 2879 sperasset,
1040 2819 1233 2862 scribere
1263 2833 1346 2862 uon
1376 2821 1547 2876 potuis-

132 2887 321 2923 Friezsche
344 2888 410 2935 Ep.
437 2888 479 2924 ad
505 2889 610 2924 Rom.
645 2887 686 2925 Ρ.
710 2887 753 2924 ll.
1058 2873 1105 2920 H
1122 2874 1152 2918 h
