1715 3115
503 184 662 231 CAP.
695 184 861 231 Vlll.
897 185 986 230 Vs·
1022 188 1077 232 1..
1470 191 1526 234 83

59 294 244 351 Χριστῷ
265 290 311 336 '1.
343 286 455 336 εἶναι
484 292 821 349 explicationem
851 307 902 333 ex
933 293 1144 349 allegoria
1175 293 1275 338 Joh.
1301 295 1420 346 15,3.
1441 310 1526 354 sq.,

55 351 268 395 undeilla
290 350 464 392 minime
505 349 681 390 ›rosecta
708 355 801 401 est,
846 357 1008 391 temere
1040 351 1278 407 petierunt..
1351 353 1523 397 Deinde

55 408 308 451 collationis
330 406 443 449 ratio
464 364 565 450 Jloh.
591 405 656 456 15,
668 406 710 447 3.
733 421 800 461 sq.
830 406 1029 460 (tertium
1057 409 1418 465 comparationis)
1447 427 1524 455 eos

52 465 206 518 latuit,
237 465 279 505 in
303 464 382 506 hoc
402 478 486 505 uno
507 463 647 519 posita
664 497 672 509 ,
706 461 821 518 quod
843 462 1201 517 ‹piemadmodum
1224 467 1428 522 palmites
1460 470 1524 511 vi-

53 522 174 564 tibus
205 520 441 562 sustentati
477 520 684 568 floreant,
737 520 792 559 ab
825 519 879 560 iis
912 520 1088 577 abrupti
1127 530 1408 573 exarescant,
1458 526 1523 568 sic

53 577 222 622 Christi
241 576 447 634 discipuli
470 576 681 617 fortunati
704 575 840 616 futuri
869 577 980 628 sint,
1020 577 1058 618 si
1092 576 1270 622 Christo
1303 580 1522 638 conjuncti

53 634 320 685 manserint,
366 632 433 675 sin
467 633 692 675 Christum
721 631 1021 684 deseruerint,
1060 635 1226 680 miseri.
1298 637 1416 680 Male
1445 641 1524 682 hoe

53 692 198 734 doceri
225 691 291 732 illi
313 696 588 739 sumserunt,
621 689 980 744 quemadmodum
1002 690 1113 732 vites
1141 707 1235 734 cum
1267 696 1523 751 palmitibus

54 763 227 790 succum
253 746 517 804 participent
536 746 597 787 sic
617 745 790 802 quidem
816 754 859 787 ut
883 747 946 787 rei
972 747 1085 789 ratio
1105 763 1126 788 a
1150 750 1319 792 nemine
1352 754 1524 811 perspi-

54 805 217 857 ciatur,
257 805 317 845 ita
352 804 465 844 vires
496 809 540 844 et
570 803 758 844 virtutes
788 817 840 843 ex
877 803 1054 845 Christo
1087 804 1128 846 in
1162 806 1441 852 Christianos
1472 826 1524 854 eo

54 861 181 903 modo
203 860 473 911 redundare,
514 859 589 915 qui
613 860 824 900 luunanae
859 860 1180 913 intelligentiae
1209 865 1427 909 notionem
1456 868 1525 911 su-

53 920 163 973 giat,
232 917 347 959 Tum
378 930 462 957 non
493 916 673 967 mystica
702 915 969 958 Christianis
1001 932 1094 958 cum
1124 918 1304 963 Christo
1335 926 1526 967 necessi-

53 974 159 1018 tudo
181 979 274 1027 est,
305 973 381 1015 sed
403 973 602 1014 coierunt
621 987 714 1013 cum
736 987 787 1014 eo
810 975 1062 1015 societatem
1090 976 1164 1031 qui
1195 977 1290 1035 ejus
1321 978 1522 1033 dogmata

54 1038 100 1073 et
139 1037 371 1089 praecepta
411 1036 531 1071 sarta
569 1034 681 1070 tecta
715 1029 875 1071 habent
904 1031 1088 1087 ejusque
1123 1047 1265 1076 mores
1298 1035 1527 1089 imitantur

54 1088 157 1133 Joh.
178 1088 301 1140 15,7.
327 1088 396 1128 10.
427 1088 449 1127 l
469 1085 571 1129 Joh.
596 1086 734 1137 2‚3—
751 1088 811 1129 6..
874 1085 1104 1129 Postremo
1137 1104 1274 1146 neque
1304 1093 1345 1134 in
1368 1094 1528 1139 Christi

55 1158 179 1199 corp
192 1159 252 1186 us
282 1157 355 1185 nos
372 1157 450 1197 per
472 1143 728 1195 baptismum
756 1144 908 1195 inseri,
942 1158 1081 1200 neque
1109 1145 1151 1186 id
1185 1148 1278 1188 lieri
1303 1154 1527 1202 μυστικῶς

56 1200 108 1244 Ρ.
131 1200 328 1257 scripsit.
391 1200 491 1242 Gal.
512 1198 634 1249 3,27.
660 1199 856 1240 homines
878 1215 1004 1242 sacro
1025 1202 1198 1243 lavacro
1224 1203 1392 1247 Christi
1416 1208 1526 1257 (Dei

55 1258 275 1309 filii4,4.)
298 1255 492 1297 habitum
514 1255 694 1296 induere
725 1255 829 1296 dicit
863 1257 905 1298 h.
935 1272 973 1299 e.
1007 1260 1261 1302 servitutem
1290 1277 1452 1306 exuere
1483 1272 1527 1308 et

54 1314 142 1357 Dei
165 1314 354 1355 liliorum
382 1312 483 1370 jura
514 1313 733 1369 accipere,
776 1312 935 1369 quippe
956 1314 1042 1354 Dei
1075 1315 1155 1357 lilii
1188 1316 1432 1375 discipulos
1460 1321 1526 1363 fa-

53 1379 146 1414 ctos
169 1372 310 1423 (3,26,
331 1395 380 1402 --
402 1369 536 1421 4‚7.).
596 1369 632 1410 R
644 1384 753 1424 eque
776 1369 980 1412 Christus
1002 1371 1096 1427 ipse
1129 1387 1279 1427 corpus
1308 1377 1525 1431 quoddam

53 1428 304 1479 constituit,
334 1426 376 1467 in
401 1426 516 1482 quod
537 1425 807 1477 inseramur,
838 1426 914 1467 sed
945 1428 1049 1468 facit
1080 1443 1240 1486 corpus
1269 1446 1364 1474 cum
1391 1433 1526 1477 disei-

57 1484 197 1542 pulis,
238 1485 368 1525 itaut
398 1483 473 1523 ille
502 1482 661 1539 capitis
694 1482 950 1536 dignitatem
982 1484 1198 1538 obtineat,
1239 1488 1284 1529 hi
1314 1491 1526 1534 membro-

54 1556 149 1584 rum
171 1542 255 1582 vim
278 1541 489 1589 habeant,
532 1541 574 1583 h.
599 1554 633 1581 et
668 1538 808 1580 demta
839 1541 1132 1582 similitudine
1165 1544 1372 1587 familiam
1395 1547 1525 1591 Chri-

54 1604 151 1640 stus
171 1612 265 1639 cum
286 1597 516 1652 discipulis
537 1596 789 1647 constituit,
821 1611 947 1652 quam
972 1604 1121 1650 regat,
1159 1607 1337 1643 tucatur
1369 1610 1413 1646 et
1445 1621 1523 1648 nu-

54 1656 162 1697 triat
186 1654 295 1711 Eph.
321 1654 439 1703 1‚23.
461 1655 503 1703 4,
522 1653 586 1695 15.
609 1667 677 1708 sq.
698 1652 793 1695 Col.
816 1655 951 1705 l‚18..
1012 1654 1159 1709 Quare
1181 1657 1394 1701 formulae
1413 1656 1527 1704 εἶναι

56 1709 101 1753 ἐν
124 1711 307 1768 Χριστῷ
327 1725 422 1750 cum
443 1710 497 1750 iis
519 1710 546 1750 l.
563 1742 573 1760 ,
606 1710 648 1750 in
671 1710 830 1765 quihus
852 1709 1057 1753 Christus
1074 1727 1167 1754 cum
1193 1715 1424 1772 discipulis
1458 1720 1526 1760 in-

55 1770 223 1819 tegrum
248 1766 460 1821 quoddam
481 1781 639 1822 corpus
659 1767 801 1808 iacere
822 1766 1007 1820 dicitur,
1037 1770 1202 1811 nullum
1222 1776 1525 1818 commercium

57 1828 141 1865 est.
208 1821 358 1872 Tetigi
391 1837 639 1878 perversam
672 1824 792 1863 illam
823 1824 1094 1879 loquutionis
1124 1825 1168 1867 ἓν
1201 1830 1386 1886 Χριστῷ
1413 1825 1526 1875 εἶναι

58 1879 489 1934 interpretationem,
518 1887 606 1920 tum
631 1880 730 1935 quia
753 1881 949 1921 nonnulli
977 1896 1067 1922 eam
1091 1897 1227 1940 nuper
1250 1893 1526 1941 reem-erunt,

59 1941 149 1977 tum
173 1935 373 1990 quoniam
407 1949 562 1987 graves
595 1950 769 1976 errores
802 1939 988 1993 peperit.
1060 1939 1135 1980 Sic
1163 1940 1286 1982 Besa
1315 1944 1364 1984 ea
1397 1944 1524 1987 nixus

58 2006 98 2034 ν.
134 1991 278 2034 1-4,
319 1991 397 2031 hoe
437 1990 584 2031 doceri
615 1992 805 2047 putavit,
842 1999 1076 2044 „exemtos
1116 2009 1214 2037 esse
1246 1997 1524 2044 Christianos

57 2048 173 2090 omni
201 2046 573 2097 condemnationi,
618 2061 697 2086 non
732 2061 807 2103 per
841 2051 1214 2100 regenerationem
1247 2054 1286 2094 in
1319 2056 1428 2110 ipsis
1457 2058 1525 2100 in-

57 2106 280 2155 choatam,
309 2103 386 2144 sed
407 2105 505 2159 quia
541 2118 617 2159 per
648 2103 771 2143 tidem
804 2104 904 2144 laeti
935 2105 1023 2147 sint
1052 2122 1180 2149 unum
1210 2124 1304 2152 cum
1329 2112 1524 2165 Christo,

58 2162 101 2203 in
144 2175 228 2217 quo
266 2161 584 2216 persei-tissima
628 2161 684 2199 sit
725 2161 935 2202 humanae
979 2170 1158 2205 naturae
1191 2169 1525 2214 sanctilicati0.”

59 2217 145 2260 Sed
169 2218 370 2273 quoniam
392 2217 558 2258 siu-isti
578 2216 807 2272 discipulis
830 2217 1035 2261 Christus
1057 2226 1260 2276 tanquam
1294 2225 1416 2267 locus
1442 2234 1524 2281 cst,

57 2275 100 2316 in
123 2289 207 2330 quo
236 2274 350 2325 sint,
393 2274 626 2321 multarum
657 2275 720 2313 vis
752 2275 1076 2329 loquutionum,
1117 2293 1226 2332 (piae
1260 2281 1327 2321 illi
1357 2284 1523 2335 cogita-

57 2331 166 2373 tioni
190 2335 520 2387 superstructae
543 2335 668 2381 sunt,
701 2333 810 2371 satis
833 2337 969 2387 patet.
1034 2332 1141 2375 Nam
1167 2350 1217 2375 ne
1242 2337 1292 2376 (le
1322 2339 1522 2382 formulis

59 2387 101 2429 in
136 2387 294 2443 quihus
326 2387 434 2427 nihil
476 2386 753 2427 dillicultatis
794 2395 884 2438 est,
931 2386 1220 2440 εὑρίσκεσθαι
1260 2390 1305 2433 ἐν
1337 2396 1523 2450 Χρισιῶ

61 2442 179 2486 Phil.
207 2443 299 2488 3,9.
333 2443 530 2496 (Christi
562 2443 820 2499 discipulum
848 2447 1104 2499 cognosci),
1151 2448 1326 2504 σιήκειι·
1359 2440 1523 2504 (lug-'resp

61 2503 85 2543 l
105 2500 205 2544 Joh.
225 2501 341 2553 2,G.)
371 2499 415 2541 ἐν
444 2497 579 2554 κυρίῳ
611 2499 727 2542 Phil.
752 2502 794 2550 4,
813 2504 846 2542 l.
882 2504 900 2541 l
925 2501 1086 2545 Thess.
1115 2505 1210 2553 3,8.
1243 2511 1522 2563 (persistere,

61 2571 315 2615 permanere
337 2557 378 2597 in
391 2557 814 2607 Christisocietate),
835 2559 1296 2618 ,τεραπαιεῖνἐνκυῃιίμ
1311 2564 1404 2609 Col,
1419 2567 1520 2618 255„

58 2608 170 2655 εἶναί
187 2628 231 2655 τι
253 2611 297 2655 ἐν
319 2613 503 2668 Χριστῷ
529 2612 639 2667 Eph.
661 2614 756 2659 5,8.
791 2614 890 2655 (iat.
912 2616 1032 2665 3³28·
1065 2618 1135 2660 26.
1165 2620 1383 2676 (alicujus
1406 2622 1521 2664 modi

58 2684 180 2722 esse,
224 2676 454 2726 postquam
488 2669 654 2711 Christi
686 2670 930 2726 discipulus
963 2672 1102 2714 sactus
1133 2676 1239 2727 sis),
1280 2671 1523 2733 ἅνθρωπος

59 2725 103 2768 ἐν
127 2729 206 2781 Χρ.
236 2727 265 2767 2
287 2726 390 2769 Cor.
414 2726 532 2776 12‚2.
562 2726 708 2776 (homo
741 2727 916 2779 christ.)
946 2730 1124 2784 loquar,
1158 2741 1364 2788 apparet,
1397 2735 1525 2791 quid-

59 2783 162 2838 quid
184 2783 427 2826 Christiani
451 2784 515 2823 vel
538 2783 700 2824 saciant
720 2785 785 2825 vel
819 2784 1066 2840 patiantur,
1107 2787 1148 2828 id
1172 2804 1247 2831 vos
1275 2788 1318 2831 ἐν
1350 2793 1520 2847 Υριστῳ

59 2845 262 2894 tanquam
285 2840 328 2881 in
351 2854 430 2881 suo
449 2839 668 2882 domicilio
689 2841 757 2884 vel
777 2842 920 2882 faeere
945 2843 1031 2941 vell
1042 2845 1229 2902 perpeti.
1287 2846 1312 2888 l
1334 2847 1436 2893 Cor.
1459 2849 1513 2891 15

1028 2901 1044 2931 ε’
1076 2902 1103 2940 2
