1715 3115
703 163 865 211 CAP.
897 164 993 212 xl.
1500 167 1588 211 431

117 273 280 324 δαῖε
259 291 311 322 εν
324 272 463 338 Ἠλίᾳ
486 274 534 321 τί
556 273 678 340 λίγει
696 272 725 336 ἡ
746 272 946 355 γραφή,·
983 272 1048 327 ιῦς
1070 270 1354 357 ἕντυγχάιιῖι
1379 280 1451 339 τῷ
1479 276 1587 339 θεῷ

113 340 241 391 κατὰ
261 348 351 390 τοῦ
369 340 583 406 Ἰσραήλ·
655 347 701 391 3.
738 339 940 405 Κύριε,
977 360 1120 396 τους
1139 361 1459 405 προφητινς
1479 359 1588 392 σου

116 409 410 458 ‹int—‘Aren‘
425 429 525 467 αν,
563 407 714 474 [καὶ]
748 429 820 457 τα
854 408 1281 473 θυσιαστήριά
1326 427 1437 460 σου
1476 430 1588 459 κα-

113 477 462 540 τέσκαψαν,
522 481 624 544 κάρ
629 477 691 525 ὠ
748 476 1147 540 ὑπελείφθην
1200 475 1415 539 μόνος,
1483 479 1588 528 καὶ

116 543 369 607 ζητοῦσι
402 546 511 608 τὴν
543 561 752 609 ψυχην
779 563 913 606 μου.
979 547 1025 593 4.
1054 543 1269 593 Ἀλλὰτί
1297 547 1420 612 λέγει
1449 548 1587 595 αὐτῶ

114 611 141 659 ὃ
169 612 530 675 χρηιιατισιιόςς
584 613 922 661 κατέλιπον
963 613 1587 677 ἕμαυτιῦὲπτακισχι-

115 679 290 734 λίους
319 681 579 744 ἄιὸρας,
616 699 850 735 οιτινες
880 681 990 729 οὐκ
1020 682 1305 746 ἔκαμψαν
1334 679 1491 747 γόνυ
1516 688 1586 746 τῇ

113 745 300 796 Βάαλ.
380 749 426 796 5.
467 749 638 803 Οίῑως
668 745 760 796 οὖν
787 747 871 796 καὶ
904 750 958 797 ἐν
986 754 1058 813 τῷ
1089 754 1185 797 νῦν
1216 755 1373 813 καιρῷ
1404 754 1586 813 λεῖμμα

77 815 217 863 ’κατ’
244 818 386 882 ἐκλογ
374 816 449 879 ὴι
465 815 667 879 χάριτος
693 835 842 899 γεγοι
846 836 911 865 εν
982 819 1027 866 6,
1064 819 1124 864 Εἰ
1154 814 1207 865 δὲ
1235 815 1428 880 χάριτι,
1468 819 1584 866 οὐκ-

114 902 182 931 ετι
208 885 258 938 ἐξ
281 885 366 951 ἔρῃ
370 904 440 932 ιον
452 922 465 941 ,
517 884 615 932 ἐπει
635 883 825 967 ηχάρις
849 884 1009 933 οὐκέτι
1032 883 1220 950 γίνεται
1245 883 1410 947 χάρις·
1459 889 1499 934 εἰ
1529 885 1585 935 δὲ

115 953 167 1006 ἐξ
182 952 365 1016 ἔργων,
405 952 563 1000 οὐκέτι
590 952 689 1000 ἐστὶ
687 951 869 1037 ζάρις,
905 951 1004 1000 ἐπει
1021 952 1076 1001 τὸ
1100 953 1244 1019 ἔργον
1267 953 1426 1002 οὐκέτι
1452 954 1585 1002 ἐστὶν

114 1019 277 1086 ἔργον.
347 1022 391 1069 7.
432 1019 491 1067 Ίί
517 1017 634 1078 οὖν,·
670 1020 927 1083 ὃέπιζητεῖ
937 1019 1150 1083 Ισραηλ,
1188 1026 1336 1070 τοῦτο
1361 1022 1453 1070 οὐκ
1480 1023 1585 1070 ἑπέ-

112 1105 287 1149 τυχεν,
335 1108 364 1150 η
389 1086 442 1136 δὲ
466 1087 638 1154 ἐκλογὴ
670 1088 923 1151 ἐπετυχεν·
968 1090 1014 1136 οἱ
1041 1087 1093 1138 δὲ
1124 1088 1281 1137 λοιποὶ
1313 1088 1585 1154 ἐπωρώθη-

115 1172 236 1212 σαν,
285 1159 330 1205 8.
353 1155 525 1210 καθώς
547 1157 819 1240 γέγραπται
852 1156 1078 1206 ἔδωκεν
1113 1157 1330 1212 αὐτοῖς
1372 1157 1397 1206 ὃ
1438 1158 1586 1214 θεὸς

113 1228 358 1285 πνεῦμα
411 1223 836 1282 κατανύξεως,
915 1224 1289 1289 ὀφθαλμοὺς
1342 1231 1451 1273 τοῦ
1503 1227 1583 1290 μὴ

112 1291 366 1356 βλέπειν
419 1291 524 1340 καὶ
571 1302 695 1340 ωτα
745 1298 855 1341 τοῦ
909 1293 986 1356 tw)
1033 1291 1288 1342 ἀκούειν
1330 1294 1437 1348 ἕως
1479 1301 1585 1358 τῆς

116 1357 392 1423 σήμερον
437 1359 465 1423 ἡ
478 1359 683 1442 ,,ἰιερας.
776 1362 821 1410 9.
876 1361 974 1408 Και
1005 1360 1171 1410 Δαυῖὃ
1197 1361 1344 1426 λ·εγει
1399 1381 1585 1443 γενη-

113 1425 288 1490 θητω
323 1427 353 1491 ἡ
388 1426 661 1515 τράπεζα
697 1428 904 1478 αὐτῶν
940 1432 1024 1484 εἰς
1070 1428 1306 1495 παγίδα
1350 1449 1450 1478 και
1496 1434 1584 1486 εἰς

111 1493 319 1559 θήραν
353 1496 454 1544 καὶ
499 1499 577 1551 εἰς
623 1494 981 1546 σκάνδαλον
1030 1496 1135 1545 καὶ
1179 1500 1265 1552 εἰς
1311 1497 1584 1547 ἀτταπό-

112 1563 272 1626 ὃομα
307 1565 543 1618 αὐτοῖς·
585 1567 662 1613 10.
683 1562 1215 1628 σκοτισθήτωσαν
1251 1566 1305 1613 οἱ
1340 1567 1583 1631 ὀφθαλ-

112 1631 218 1695 μοὶ
274 1632 478 1680 αὐτῶν
519 1638 627 1681 τοῦ
670 1632 748 1696 μὴ
791 1633 1049 1696 βλέπειν
1089 1632 1191 1681 καὶ
1235 1633 1344 1683 τὸν
1382 1640 1583 1685 νῶτον

113 1700 321 1748 αὐτῶν
356 1699 727 1756 διαπαντὸς
763 1699 1160 1767 σύγκαμψον.

223 1805 290 1847 Ex
311 1820 386 1858 eo,
419 1806 534 1863 quod
556 1808 681 1849 Deus
709 1812 800 1850 tum
828 1807 1070 1863 gentilibus
1099 1809 1361 1852 messianam
1392 1810 1581 1852 felicita-

112 1867 198 1905 tem
219 1876 300 1921 per
320 1838 469 1904 Mosen
491 1871 533 1904 et
550 1863 746 1928 JesaJ'am
770 1865 996 1920 pollicitus
1016 1872 1135 1908 esset
1155 1867 1244 1921 (10
1257 1868 1324 1908 19.
1343 1867 1413 1908 20.
1417 1867 1458 1922 ),
1487 1873 1581 1910 tum

112 1921 167 1961 de
188 1919 413 1962 Israelitis
437 1918 587 1976 Jesaja
617 1935 725 1961 usus
751 1921 992 1978 interprete
1019 1928 1286 1979 conquestus
1312 1931 1433 1964 esset
1464 1924 1581 1980 quod

112 1978 279 2018 frustra
302 1990 475 2031 semper
503 1991 577 2017 eos
608 1978 753 2032 passis
785 1978 986 2020 manibus
1015 1978 1069 2019 ad
1101 1979 1286 2020 salutem
1317 1981 1578 2023 messianam

111 2033 346 2076 imit-'isset
366 2034 457 2088 (10,
469 2033 538 2076 21.
546 2034 576 2087 )‚
608 2036 712 2074 haec
733 2034 866 2075 alicui
885 2034 1078 2091 suspicio
1103 2035 1294 2077 incidere
1317 2037 1475 2102 potuit,
1491 2052 1579 2080 re-

107 2091 322 2147 jecisse
349 2090 490 2131 Deum
511 2090 730 2131 ncttionem
756 2090 1060 2139 israeliticam,
1102 2092 1180 2134 hoc
1211 2107 1307 2134 cuin
1337 2094 1486 2135 citatis
1510 2096 1580 2148 10,

117 2148 187 2191 19.
206 2171 259 2178 -
280 2146 353 2189 21.
392 2146 502 2186 locis
531 2146 805 2200 significasse
834 2155 955 2190 rato:
989 2153 1217 2204 propterea
1245 2164 1290 2191 se
1319 2151 1580 2194 messianum

112 2203 362 2246 beatitatem
402 2203 460 2243 ad
494 2216 685 2268 paqcmos
722 2204 1018 2257 transtulisse,
1061 2206 1171 2262 quod
1206 2205 1378 2261 Τι’-κείνα
1408 2221 1578 2262 semper

112 2259 342 2302 Israelitas
360 2259 415 2299 ad
434 2273 528 2300 eam
557 2259 779 2302 imitasset
805 2260 1053 2317 nulleque
1078 2276 1134 2303 se
1161 2276 1261 2316 pas
1273 2277 1363 2304 sas
1391 2277 1577 2306 manus

112 2316 179 2358 ad
206 2329 319 2357 eum
355 2316 608 2369 populum
643 2316 862 2358 tendere
897 2317 1125 2360 diutius.
1191 2318 1317 2359 nmo
1348 2317 1399 2364 P.
1429 2320 1576 2377 suspi-

112 2372 280 2414 cionem
305 2372 399 2429 ipse
420 2380 576 2422 movet,
603 2378 650 2414 nt
669 2386 763 2413 eam
784 2387 935 2414 ianam
956 2387 1053 2415 esse
1075 2373 1229 2416 doceat
1249 2377 1315 2427 ll,
1332 2374 1366 2418 Ι.
1410 2376 1576 2418 Osten-

91 2428 180 2471 -dit
198 2428 358 2483 igitur,
389 2442 472 2469 non
494 2442 592 2469 esse
611 2416 916 2471 Israelitarum
948 2431 1166 2472 nationem
1193 2446 1215 2472 a
1239 2431 1338 2472 Deo
1367 2432 1575 2490 rejectam

111 2498 166 2527 ex
185 2498 238 2527 eo
266 2486 462 2535 elucere,
500 2483 616 2541 quod
643 2486 806 2542 aliquos
828 2485 1061 2528 israelitas
1094 2487 1277 2543 benigne
1301 2490 1424 2531 Deus
1453 2489 1576 2533 dele-

114 2542 277 2596 gisset,
306 2542 380 2598 qui
402 2556 482 2598 per
502 2542 725 2584 Christum
745 2542 979 2584 hearentur
999 2557 1039 2586 v.
1065 2544 1105 2586 1.
1117 2548 1243 2589 —-6..
1302 2543 1452 2600 Quare
1479 2561 1574 2590 rem

112 2598 226 2640 hano
245 2612 343 2640 esse
362 2599 563 2655 exponit:
594 2598 798 2640 delectos
805 2613 829 2641 a
850 2599 947 2642 Deo
966 2597 1199 2643 israelitas
1229 2602 1472 2645 messianae
1501 2618 1574 2645 sa-

112 2654 224 2696 lutis
241 2655 480 2711 participes
508 2655 646 2696 factos
673 2669 796 2707 esse,
837 2662 1009 2698 ceteros
1034 2654 1266 2700 Israelitas
1295 2665 1574 2703 contumaces

111 2709 259 2752 Deum
279 2711 550 2764 reddidisse,
582 2711 655 2767 qui
675 2713 861 2754 salutem
881 2719 1208 2757 contemnerent
1227 2729 1267 2758 v.
1286 2717 1329 2759 7.
1342 2718 1480 2761 -10,
1501 2731 1573 2759 sa-

110 2765 250 2826 pienti
270 2767 443 2824 quidem
463 2768 650 2810 consilio
670 2769 843 2810 ductum
871 2783 912 2814 v.
935 2771 1006 2814 11.
1024 2796 1076 2804 ——
1096 2771 1169 2817 24.
1158 2803 1195 2827 .,
1228 2786 1368 2829 neque
1398 2773 1443 2815 in
1470 2787 1572 2830 per-

106 2830 312 2905 petuum,
339 2825 417 2867 sed
437 2824 493 2868 ad
510 2831 685 2882 tempus
706 2838 746 2871 v.
763 2825 835 2871 25.
853 2827 1015 2872 -32..
