1715 3115
135 199 223 242 542
411 196 792 241 EPlSTOLA
823 196 926 241 AD
959 196 1319 244 ROMANOS

140 318 226 362 que
255 303 417 345 habere
444 303 715 360 propositum
746 305 874 360 quasi
905 304 1032 345 finem
1063 309 1108 345 et
1136 310 1373 347 extremum
1405 308 1596 359 (omnem

137 363 376 410 naturam),
405 374 450 401 se
470 366 516 401 ut
537 360 754 402 custodiat
775 362 816 402 in
842 375 968 418 quam
991 361 1154 417 optimo
1177 363 1246 402 sui
1265 362 1438 415 generis
1460 368 1597 406 statu.

139 417 258 460 Ibid.
277 418 320 468 4,
342 418 407 465 19,
425 417 496 459 53.
519 416 573 458 Et
594 417 684 466 ais,
717 419 755 458 si
777 432 857 458 una
884 418 1010 458 litera
1034 423 1242 458 commota
1267 418 1341 471 sit,
1369 418 1476 468 lore,
1505 423 1598 460 tota

138 480 186 516 ut
215 475 334 514 labet
362 472 610 528 disciplina.
670 473 784 515 Vide
806 475 935 515 etiam
959 480 1048 516 not.
1071 473 1122 513 ad
1145 475 1291 526 7‚21..
1351 473 1597 517 Verborum

133 531 385 588 juncturam
418 544 543 584 quam
577 530 854 586 probavimus
886 530 1175 571 necessariam
1205 544 1304 571 esse
1325 530 1365 571 ei
1390 531 1464 587 qui
1483 532 1598 573 hunc

138 589 171 629 l.
201 587 349 643 paullo
377 583 633 639 diligentius
659 587 1005 628 consideraverit
1027 587 1302 643 perspicuum
1336 587 1397 628 sit
1422 601 1600 630 necesse

138 650 224 686 est.
293 642 584 698 Comparatur
613 644 840 697 gentilium
871 649 1013 685 status
1039 658 1132 684 cum
1159 641 1425 685 Iudaeorum
1451 644 1599 686 condi-

138 700 277 742 tione.
333 699 463 740 Ratio
485 706 529 740 et
553 700 714 740 similis
731 708 799 741 est
821 707 862 740 et
885 699 1008 742 valde
1030 699 1276 743 dissimilis,
1343 699 1598 742 Similitudo

138 756 183 797 in
216 770 267 797 eo
298 755 519 806 cernitur,
558 756 672 812 quod
694 762 735 797 et
752 757 930 811 yeniiles
950 761 991 798 et
1010 756 1192 798 Jmlaeos
1216 756 1340 797 Deus
1363 755 1600 811 induravit,

138 813 243 855 illos
265 812 364 853 alirn
384 812 559 866 (ποτέ),
592 813 948 866 hosianna-(vah).
1009 812 1341 854 Dissimilitudo
1369 813 1411 853 in
1440 827 1491 854 eo
1521 827 1600 869 po-

138 870 225 911 sita
257 875 347 920 est,
395 868 510 924 quod
538 868 662 911 Deus
694 882 961 923 paganorum
997 870 1311 910 contumaciam
1343 869 1601 912 Judaeorum

136 924 407 968 ccmtnmacz'a
435 926 603 966 sanavit
633 940 672 968 v.
691 927 760 968 30.
791 929 907 979 (nam
930 925 1195 969 Judaeornm
1225 925 1467 982 pervicacia
1496 940 1600 980 gen-

137 983 294 1024 tilibus
317 981 525 1022 salutaris
547 982 627 1022 suit
657 996 694 1026 v.
718 985 828 1032 IL),
867 982 1132 1025 Iudaeorum
1161 983 1472 1024 contumaciam
1498 996 1601 1038 yen-

135 1039 279 1079 tv'lium
308 1037 500 1093 obsequio
529 1043 570 1080 et
594 1037 680 1091 fide
709 1039 880 1080 sanabit
907 1053 947 1081 v.
966 1041 1054 1082 31..
1122 1037 1247 1080 Hanc
1271 1040 1383 1080 enim
1407 1053 1526 1095 spem
1555 1043 1600 1080 et

136 1092 324 1136 Paulum
365 1093 527 1136 fovisse
559 1102 602 1135 et
631 1095 672 1138 h.
702 1095 732 1138 l.
769 1096 1021 1136 enuntiasse
1064 1109 1115 1136 ex
1150 1097 1216 1147 10,
1238 1097 1304 1139 19.
1338 1097 1405 1147 ll,
1430 1097 1498 1139 11.
1529 1094 1599 1139 14.

136 1158 302 1191 certum
325 1156 408 1193 est.
477 1149 652 1194 Putavit
672 1166 742 1206 ap.
765 1152 999 1205 allegorica
1019 1152 1104 1193 loci
1126 1152 1262 1195 Dent.
1281 1151 1351 1204 32,
1370 1154 1441 1195 21.
1461 1152 1600 1192 inter-

134 1207 384 1264 pretatione
413 1207 602 1248 confisus
635 1209 958 1250 contumacibus
982 1207 1163 1252 Judaeis
1193 1209 1368 1266 recepta
1391 1209 1598 1250 libertate

135 1266 253 1321 piam
283 1277 552 1320 paganorum
583 1264 707 1305 tidem
738 1280 884 1306 curam
912 1272 956 1306 et
981 1265 1320 1306 sollicitudinem
1338 1264 1599 1323 injecturam

137 1334 302 1376 eosque
332 1327 376 1360 et
407 1316 529 1375 ipsos
559 1322 613 1361 ad
646 1321 769 1362 tidem
799 1322 1015 1377 proclives
1048 1322 1259 1362 facturam
1294 1336 1407 1364 esse.
1480 1321 1598 1363 Hinc

135 1378 267 1418 etiam
298 1376 523 1430 intelligas
550 1378 611 1431 τῷ
640 1373 834 1433 ὑμετέρῳ
866 1376 980 1420 ἐλέει
1004 1388 1091 1432 per·
1108 1379 1452 1420 misericordiam
1475 1378 1598 1420 vobis

135 1435 345 1475 tributam
375 1434 676 1488 explicandum
706 1449 803 1475 esse
834 1439 952 1487 (nam
975 1436 1116 1475 minus
1139 1442 1254 1476 recte
1271 1439 1446 1490 propter
1468 1435 1598 1476 mise-

135 1489 369 1532 ricordiam
390 1490 511 1531 vobis
531 1490 673 1531 datam
699 1491 1025 1547 interpreteris)
1055 1497 1098 1531 et
1116 1505 1191 1532 eos
1210 1492 1331 1542 falli,
1372 1490 1448 1546 qui
1477 1493 1538 1546 (V.
1557 1504 1596 1534 c.

137 1548 316 1599 Ileum.)
356 1559 395 1588 ν.
431 1548 495 1602 τῷ
533 1542 728 1601 ὑμετέρῳ
768 1545 883 1589 ἐλέει
919 1545 990 1587 ἵνα
1019 1549 1093 1587 καὶ
1123 1544 1249 1589 αὔτοί
1279 1546 1503 1602 ἐλεηθιῦσι
1532 1548 1598 1588 sio

136 1608 420 1644 enarrarunt:
462 1607 510 1642 ut
534 1609 578 1642 et
611 1604 697 1657 ipsi
727 1603 815 1643 Dei
845 1603 1189 1644 misericordiam
1218 1617 1269 1644 eo
1300 1602 1598 1658 experiantur,

137 1659 252 1714 quod
295 1659 350 1698 iis
388 1658 500 1700 robis
538 1659 701 1699 tributa
731 1659 1020 1700 misericordia
1051 1657 1194 1701 detur.
1263 1658 1331 1702 Cf.
1359 1657 1599 1700 Matthiaez'

137 1718 256 1763 Ἡιιὲΐ.
276 1727 329 1768 gt.
353 1715 427 1759 (ὃν.
461 1716 502 1768 §.
520 1714 622 1756 408.
653 1716 693 1757 l.
716 1722 828 1766 not.‚
867 1714 941 1755 ubi
966 1729 1006 1756 v.
1027 1729 1065 1757 c,
1088 1716 1268 1756 all‘ertur
1291 1714 1406 1756 Plat.
1427 1714 1533 1768 Leg.
1553 1715 1596 1758 3.

136 1786 181 1828 p.
201 1773 299 1814 695.
324 1770 384 1813 D.
411 1765 434 1809 ὁ
461 1772 513 1826 τῇ
543 1771 752 1826 βασιλικῇ
778 1772 852 1812 καὶ
877 1771 1089 1826 τρυφώσῃ
1120 1772 1384 1819 παιδευθεὶς
1412 1770 1597 1827 παιδείᾳ

137 1826 320 1882 Ξέρξης.
381 1825 468 1881 Qui
489 1840 528 1870 v.
547 1827 608 1879 τῷ
627 1824 824 1881 ὑμετέρῳ
856 1825 971 1868 ἐλέει
999 1827 1052 1866 al·
1081 1824 1336 1881 ἠπείθησαν
1354 1826 1597 1883 suspende-

135 1892 240 1925 runt
269 1884 411 1938 (Syn,
452 1883 534 1934 ln,
580 1882 724 1937 anq.‚
755 1884 984 1934 Erasmus,
1013 1883 1197 1934 Calvin„
1230 1884 1406 1937 Zeyer„
1435 1883 1597 1939 Estius,

147 1940 338 1994 n‘blfiecs,
378 1938 555 1990 Morus,
595 1938 889 1982 Bretsclmeid.
912 1939 1016 1982 Lex,
1037 1954 1076 1982 s,
1097 1953 1135 1981 v,
1159 1937 1384 1988 ἀπειθέα),
1416 1939 1595 1983 Lachm.

135 1997 217 2049 al.)
247 2010 331 2036 non
361 1997 501 2036 solum
530 1995 772 2035 antitheton
796 2000 1072 2046 everterunt,
1101 1995 1179 2036 sed
1200 1996 1330 2037 etiam
1354 1996 1597 2038 sententias

133 2053 294 2109 partim
326 2051 540 2093 absurdas
570 2051 726 2106 partim
758 2065 781 2091 a
813 2050 942 2092 Pauli
970 2052 1154 2093 consilio
1179 2052 1347 2093 alienas
1366 2052 1410 2093 in
1430 2052 1542 2093 hunc
1561 2053 1594 2095 l.

133 2112 415 2152 invexerunt.
481 2107 700 2149 Lutleerus
728 2107 804 2161 (cf.
833 2109 989 2161 Syrus,
1026 2109 1200 2164 listins,
1239 2109 1469 2164 Zeqerus):
1516 2109 1594 2160 also

134 2163 856 2217 authieuebabenjetgtnid2tn>011en
888 2165 1102 2219 gtanben
1134 2178 1192 2208 αη
1221 2164 1292 2207 bie
1325 2167 1596 2217 §Batmbetz

133 2222 337 2276 ὄίςῗείτ,
393 2220 464 2263 bie
510 2223 608 2269 eud)
658 2220 993 2271 mibetfabren
1040 2221 1109 2272 ist,
1163 2223 1251 2272 auf
1289 2223 1378 2274 bo&
1417 2221 1466 2273 fic
1503 2221 1594 2273 aud)

132 2276 458 2331 §Barnnbergigfeit
485 2276 745 2319 izbetf‘ommen
768 2275 838 2330 (Ξ)
869 2276 911 2319 h.
934 2291 973 2318 c.
1001 2277 1065 2317 sic
1093 2277 1222 2316 etiam
1249 2276 1294 2317 hi
1320 2276 1497 2318 credere
1517 2290 1595 2318 no-

131 2334 311 2375 luerunt
332 2333 456 2373 vohis
479 2331 821 2373 misericordiam
842 2331 1052 2374 tributam
1074 2346 1194 2384 esse,
1225 2338 1273 2374 ut
1302 2339 1346 2374 et
1373 2333 1484 2390 ipsis
1513 2332 1594 2373 mi-

133 2389 374 2431 sericordia
403 2388 647 2430 tribuatur!
722 2387 949 2429 Sententia
983 2403 1122 2444 neque
1154 2388 1434 2445 praecedenti
1463 2388 1591 2432 v.30.

135 2445 378 2487 sententiae
416 2443 654 2500 respondet
688 2449 731 2484 et
760 2444 854 2500 ipsa
887 2444 1075 2486 absurda
1107 2453 1189 2487 est.
1259 2445 1448 2486 Accedit
1477 2445 1594 2500 quod

134 2500 343 2543 ἀπειθεῖν
369 2516 455 2542 τινι
488 2501 614 2542 fidem
647 2500 778 2541 alicui
809 2502 873 2541 vel
903 2514 1115 2557 personae
1147 2501 1217 2542 vel
1244 2502 1310 2543 rei
1333 2514 1493 2554 negare
1514 2501 1594 2541 mi-

135 2558 249 2599 nime
270 2557 507 2609 significat.
565 2556 739 2598 Docent
757 2556 1075 2614 Lexicographi
1098 2570 1243 2598 vocem
1272 2554 1469 2611 ἅπειθής
1496 2571 1592 2598 eum

134 2614 395 2666 designare,
434 2613 503 2654 cui
531 2613 790 2668 persuaderi
818 2621 1005 2669 nequeat
1033 2619 1077 2654 et
1105 2610 1310 2654 ἀπειθεῖν
1329 2613 1460 2654 talem
1480 2627 1594 2667 esse,

135 2671 204 2711 cui
228 2668 484 2726 persuaderi
506 2683 588 2710 non
610 2669 775 2726 possit,
802 2670 1002 2722 Ilesychii
1020 2669 1282 2710 auctoritate
1302 2668 1426 2711 freti:
1465 2666 1594 2712 ἄπει-

135 2725 246 2779 ῧής,
296 2723 617 2774 ἇνυπότακτος·
665 2725 925 2778 ἄπιστος,
975 2725 1205 2780 Σοφοκλῆς
1243 2722 1592 2775 Αἰχμαλωτίσιν.

135 2781 226 2824 Sed
247 2796 299 2822 ex
322 2796 373 2823 eo
395 2781 570 2823 minime
589 2781 892 2837 consequitur,
925 2779 1130 2823 ἀπειθεῖν
1147 2796 1232 2822 τινι
1254 2794 1346 2821 eum
1368 2795 1488 2834 esse,
1520 2782 1592 2823 cni

135 2839 246 2894 qnod
271 2839 328 2879 cul
350 2851 579 2891 personam
613 2843 687 2880 aut
719 2852 809 2880 rem
843 2837 1028 2881 attineat
1066 2838 1192 2891 (ergo
1220 2837 1269 2878 de
1294 2838 1483 2895 persona
1514 2842 1591 2880 aut

1675 2878 1695 3115 mih-Lasinae&
1690 2849 1695 2868 .-
1693 2797 1697 2841 ...ἡ
