1715 3115
459 201 547 244 CA
565 199 615 243 P.
647 198 810 244 VIII.
843 199 933 244 Vs.
965 200 1008 244 3.
1039 204 1092 243 et
1121 201 1183 245 4..
1516 205 1571 245 {10

93 308 206 370 quod
226 309 374 352 habita
398 305 611 349 Peccatum
631 305 746 347 ratio
769 305 911 347 Deum
936 311 983 347 ut
1002 305 1226 350 Christum
1253 306 1449 348 mitteret
1473 322 1562 349 mo-

91 371 238 420 verat,
269 368 348 407 hoc
368 364 513 406 cll'ecit
536 365 656 418 Ap„
685 361 829 404 Deum
862 363 1083 405 Peccatum
1104 362 1272 406 Christi
1299 366 1432 420 opera
1457 379 1562 422 sup-

91 425 223 483 plicio
245 421 464 463 addictum
485 421 694 462 voluisse.
752 418 867 460 Nan»
900 420 938 460 si
968 420 1054 460 alia
1085 421 1232 476 potius
1261 422 1399 474 ratio,
1431 436 1560 477 quam

89 481 148 524 ad
176 480 404 522 Peccatum
435 477 611 518 habitus
641 479 868 532 respectus
899 475 1041 517 Deum
1074 483 1121 517 ut
1145 476 1368 519 Christum
1400 480 1451 518 ad
1484 478 1562 519 ho-

89 537 232 578 mines
264 536 433 589 legaret
463 533 758 590 perpulisset,
798 531 941 574 Deum
974 533 1197 574 Peccatum
1226 532 1393 576 Christi
1425 535 1561 575 inter-

89 599 221 637 ventu
241 591 459 658 supplicio
484 591 659 630 allicere
677 588 873 630 voluisse
894 588 988 629 sine
1012 588 1166 630 idonea
1199 592 1329 633 causa
1359 591 1560 633 credere-

87 664 186 693 mus
209 651 271 705 (v.
294 648 444 701 infra).
505 645 661 687 Multis
683 644 823 687 modis
846 645 889 686 in
910 645 1061 686 borum
1085 647 1373 715 explicatione
1405 649 1558 690 verho-

87 721 185 749 rum
216 711 438 763 peccatum
469 710 553 746 est.
616 702 844 756 Theophyl.
877 726 930 731 ——
990 702 1096 758 περὶ
1127 702 1364 760 αμαρτίας]
1398 704 1557 747 τουτέ-

88 777 185 805 στιν
233 760 392 803 ἕνεκα
441 761 537 801 τοῦ
578 755 1081 812 καταγωνίσασθαι
1128 757 1224 815 τὴν
1263 758 1553 815 ἁμαρτίαν.

90 820 213 863 Oec.:
243 818 347 871 περὶ
369 811 587 872 ἁμαρτίας
605 816 678 870 —]
703 814 929 856 τουτέστιν
950 812 1074 855 ἕνεκα
1096 817 1174 871 τῆς
1204 812 1443 873 ἁμαρτίας,
1475 817 1557 860 τοῦ

87 875 242 929 ἐξᾶραι
265 872 398 928 αὐτὴν
419 874 492 913 καὶ
521 870 825 925 ἐλευθερῶσαι
851 868 970 926 ἡμᾶς
997 869 1086 913 <ind
1108 869 1283 928 ταύτης.
1342 873 1555 917 Castalio:

87 946 168 989 pro
188 931 385 988 peccato]
419 930 476 970 ad
496 927 716 969 delendum
732 931 973 981 peccatum.
1033 927 1120 969 Sed
1144 942 1284 984 neque
1306 931 1449 971 verbis
1475 931 1556 972 hoe

86 991 225 1040 inest,
263 999 404 1042 neque
435 986 544 1025 hanc
571 982 889 1040 expositionem
919 981 1048 1025 Pauli
1075 984 1315 1041 disputatio
1342 988 1555 1043 postulat,

85 1050 135 1088 ut
154 1045 248 1086 illis
266 1044 405 1085 visum
428 1048 496 1082 est
517 1043 577 1095 (v.
599 1040 772 1097 supra).
832 1038 1048 1082 Permulti
1070 1049 1142 1082 aut
1165 1049 1263 1098 post
1283 1044 1387 1099 περὶ
1408 1040 1556 1096 ἆμαρ-

85 1101 184 1151 τίας
214 1105 354 1142 mente
385 1097 640 1156 adjecerunt
668 1095 835 1138 θυσίαν
861 1097 986 1151 (περὶ
1020 1096 1241 1152 ἁμαρτίας
1277 1100 1374 1142 scil.
1412 1099 1554 1142 θυσία

87 1157 202 1215 quod
256 1160 404 1212 ropter
426 1153 700 1196 commissum
722 1159 947 1209 peccatum
969 1152 1152 1195 offertur
1174 1156 1434 1198 sacrificium
1461 1157 1490 1200 i.
1512 1171 1553 1199 e.

85 1172 348 1268 sacrificium
375 1211 620 1267 piaculare3
661 1209 812 1253 LXX.
841 1209 974 1254 Num.
996 1210 1093 1259 8‚8.
1129 1211 1275 1265 [hebr.
1304 1216 1446 1272 πεζῇ]
1476 1214 1551 1258 Ps.

85 1272 210 1322 4o,7.
238 1269 381 1325 [hebr.
403 1268 547 1324 ,ηδ-ἐτι]
571 1267 627 1308 cl.
651 1265 758 1310 Lev.
780 1268 821 1318 6,
834 1266 905 1310 30.
934 1265 1085 1310 LXX.
1109 1266 1250 1311 Hebr.
1284 1271 1402 1321 10‚‹›·.
1433 1273 1476 1314 8.
1506 1276 1553 1311 et

85 1328 273 1371 Philone
296 1325 364 1367 De
385 1323 648 1365 animalibus
670 1322 841 1364 idoneis
862 1323 1080 1365 sacrificio
1102 1322 1272 1376 ll,240.
1296 1332 1340 1367 et
1358 1328 1459 1371 246.
1480 1327 1550 1370 ed.

85 1384 264 1439 Many.)
283 1383 325 1426 h.
350 1396 410 1424 r.:
444 1381 568 1422 Deus
591 1380 726 1421 misso
754 1394 834 1421 suo
863 1381 954 1422 filio
985 1380 1060 1436 qui
1090 1381 1425 1426 similitudinem
1454 1399 1552 1426 cor-

85 1441 208 1499 poris
229 1438 436 1482 Peccatui
459 1436 633 1478 obnoxii
656 1436 838 1478 haberet
854 1441 897 1478 et
916 1441 1096 1491 peccata
1117 1439 1317 1492 expiaret
1332 1466 1381 1471 —
1396 1441 1552 1494 (Cala,

86 1499 273 1552 Garpz.,
304 1495 400 1538 Chr.
430 1495 500 1537 Fr.
519 1492 704 1537 Schmid.
722 1525 733 1545 ,
763 1492 904 1548 Kopp.
934 1494 1040 1545 aL),
1075 1499 1152 1535 aut
1182 1509 1313 1551 quum
1346 1499 1420 1539 καὶ
1444 1500 1552 1553 περὶ

84 1550 303 1608 ἁμαρτίας
323 1552 559 1593 vertissent
578 1554 619 1591 et
636 1555 815 1603 propter
832 1555 1055 1603 peccatum
1074 1549 1118 1591 id
1143 1551 1207 1592 sic
1236 1552 1442 1610 deinceps
1472 1570 1548 1597 ex-

84 1615 329 1669 posuerunt
348 1613 390 1650 et
422 1612 467 1649 ut
491 1611 672 1661 patrata
697 1606 895 1661 facinora
923 1606 1191 1650 oblitteraret
1218 1622 1360 1651 eorum
1389 1625 1551 1665 poenas

83 1667 326 1709 sustinendo
346 1667 392 1720 (1
415 1662 536 1706 Petr.
555 1662 680 1714 3,18.
701 1662 838 1715 Grot„
868 1663 1040 1713 Heum„
1069 1662 1227 1708 Rueck.
1256 1666 1354 1720 aL).
1415 1667 1550 1710 Recte

83 1723 230 1765 Beza:
258 1745 312 1752 —
331 1734 513 1776 „neque
536 1733 647 1760 nunc
669 1722 761 1775 Ap.
783 1719 874 1773 agit
894 1718 947 1760 de
972 1718 1141 1762 Christi
1162 1728 1299 1763 morte
1324 1729 1368 1765 et
1397 1739 1551 1781 pecca-

87 1786 233 1820 torum
260 1785 508 1820 nostrorum
540 1776 815 1832 expiatione,
858 1775 938 1817 sed
963 1775 1017 1818 de
1049 1775 1217 1820 Christi
1249 1779 1551 1825 incarnatione

87 1840 132 1877 et
159 1841 341 1875 naturae
369 1838 545 1875 nostrae
571 1833 852 1889 corruptione
881 1846 961 1889 per
989 1847 1084 1875 eam
1122 1833 1342 1879 „sublata”
1416 1837 1551 1881 Prae-

85 1898 208 1933 terea
230 1889 358 1948 hujus
376 1890 408 1932 1.
429 1902 608 1930 acumen
629 1887 909 1940 obtunditur,
948 1889 1036 1931 nisi
1063 1903 1153 1931 rem
1182 1897 1282 1933 ante
1311 1893 1443 1949 pedes
1471 1910 1551 1951 po-

87 1948 217 1990 sitam
235 1945 520 1996 concesseris,
539 1942 777 1998 Ἁμαρτίας
796 1945 1050 1987 vocabulum
1072 1952 1142 1988 ter
1161 1947 1309 1990 eadem
1329 1956 1550 2007 potestate

86 2006 170 2047 hoe
198 2017 262 2047 vs.
295 2002 527 2058 repetitum
550 2001 775 2042 Peccatum
801 2001 1060 2055 (Malitiam)
1089 2001 1330 2050 declarare.
1390 2007 1551 2064 Neque

85 2061 121 2104 ii
143 2061 256 2102 huno
278 2060 306 2101 l.
332 2059 667 2108 intellexerunt,
710 2056 785 2111 qui
817 2071 856 2099 v.
886 2059 961 2098 καὶ
986 2059 1092 2112 περὶ
1121 2053 1339 2114 ἁμαρτίας
1366 2065 1428 2117 (et
1450 2079 1550 2119 pec..

87 2117 176 2160 cati
196 2118 349 2169 causa)
369 2116 509 2156 omnia
532 2127 642 2169 quae
662 2111 867 2155 Christus
888 2113 1067 2156 fecisset
1095 2120 1143 2156 ut
1171 2116 1367 2160 homines
1396 2135 1419 2161 a
1448 2135 1549 2177 pec-

87 2180 184 2216 cato
203 2173 475 2214 abalienaret
494 2170 723 2225 complecti
744 2169 829 2211 sibi
863 2178 1176 2226 persuaserunt
1207 2173 1248 2215 h.
1277 2189 1338 2218 r.:
1380 2182 1423 2218 et
1448 2192 1550 2231 pro-

83 2235 184 2286 pter
201 2233 423 2283 peccatum
446 2228 487 2270 h.
509 2241 548 2271 e.
570 2232 619 2268 ut
640 2226 816 2268 tolleret
835 2232 1056 2283 peccatum
1076 2243 1149 2285 np.
1170 2230 1373 2282 docendo,
1403 2234 1551 2276 cohor-

89 2286 233 2338 tando,
252 2285 425 2328 virtutis
444 2283 684 2338 exemplum
703 2284 966 2337 praeeundo,
993 2284 1168 2340 denique
1187 2288 1397 2330 moriendo
1415 2290 1551 2343 (Tur-

86 2347 196 2394 ret.',
225 2340 369 2393 Mor„
403 2340 543 2383 muz.
569 2354 614 2396 p.
644 2340 712 2383 14.
743 2341 840 2392 al.).
898 2339 1128 2382 Postremo
1158 2356 1331 2396 eorum,
1370 2346 1446 2401 qui
1475 2350 1552 2390 καὶ

86 2393 445 2454 περὶἍμαρτιάς
465 2411 560 2438 cum
581 2410 621 2438 v.
645 2409 770 2452 seqq.
794 2396 1020 2453 κατέκρινε
1041 2412 1080 2441 τ.
1092 2392 1157 2439 ‘A.
1178 2396 1214 2440 ἑ.
1236 2415 1272 2441 τ.
1304 2416 1343 2443 σ.
1370 2403 1549 2459 copula..

86 2459 268 2507 verunt,
297 2453 411 2495 ratio
432 2454 553 2495 nullo
581 2458 708 2509 pacto
738 2454 847 2494 ferri
875 2459 1038 2509 potest.
1095 2453 1209 2496 Nam
1239 2464 1548 2516 praeterquam

122 2509 205 2553 uod
223 2508 500 2565 κατακρίνειν
517 2506 615 2550 τινα
633 2507 765 2563 περί
784 2524 936 2559 τινος
956 2510 1140 2567 aliquem
1162 2513 1412 2568 alicujus
1439 2531 1548 2559 sce-

114 2568 225 2610 eris
247 2567 456 2609 damnare
474 2565 668 2607 insolens
687 2572 907 2607 structura
934 2572 1026 2618 est,
1055 2581 1184 2622 quam
1212 2571 1334 2613 nulla
1362 2581 1548 2629 urgente

88 2623 355 2665 necessitate
394 2623 438 2663 in
475 2622 589 2663 hunc
623 2622 656 2664 l.
692 2621 904 2664 invectam
935 2622 1036 2667 Joh.
1069 2626 1188 2678 16,8.
1228 2625 1416 2683 ἐλέγχειν
1450 2630 1550 2672 τινὰ

87 2677 226 2735 περί
253 2694 407 2729 τινος
438 2679 614 2720 minime
642 2679 810 2731 firmat,
851 2678 926 2721 καί
954 2680 1148 2736 ineptum
1179 2689 1269 2736 est,
1312 2687 1549 2741 quomodo..

88 2749 260 2792 cunque
279 2734 323 2776 id
343 2735 637 2778 enarraveris.
696 2735 747 2777 Si
766 2750 843 2790 pro
863 2736 1010 2789 copula
1036 2737 1241 2781 habueris
1271 2743 1549 2786 anacoluthon

89 2791 410 2846 agnoscendum
449 2796 544 2843 est,
582 2805 667 2848 quo
694 2794 789 2848 Ap.
827 2794 919 2834 καὶ
947 2808 995 2834 π.
1019 2789 1113 2846 ‘Aa
1144 2794 1369 2853 κατέκρινε
1394 2814 1431 2840 τ.
1454 2798 1549 2852 ‘Apu

89 2849 345 2906 scripserit,
374 2850 579 2905 quoniam
600 2847 804 2904 ἔπεμψεν
825 2863 903 2906 pro
929 2848 1116 2903 πέμψας
1136 2866 1341 2896 exarasse
1371 2856 1457 2898 sibi
1489 2858 1550 2899 vi-

1029 2909 1068 2950 (i
1097 2909 1126 2949 2
