1715 3115
1185 67 1200 85 p

144 172 234 214 544
430 171 806 217 EPISTOLA
837 172 939 216 AD
969 171 1328 218 ROMANOS

149 295 292 325 maces
321 279 591 327 reddidisse,
627 284 673 320 ut
695 282 844 335 postea
864 282 944 321 sm?
968 279 1251 325 benevolentia
1277 283 1511 325 bearentur
1534 295 1610 323 ne-

151 353 235 396 que
256 338 419 396 justam
443 337 550 378 bene
573 337 785 378 sactorum
809 337 1045 378 mercedem
1068 345 1316 394 reportasse
1337 338 1612 381 viderentur:

149 411 284 453 quos,
320 394 358 434 si
381 408 404 434 a
427 393 522 434 Deo
544 407 627 434 non
652 393 841 434 indurati
864 407 994 448 quum
1017 393 1071 435 ad
1094 395 1218 435 tidem
1244 396 1428 452 primum
1454 409 1611 438 evoca-

148 459 303 494 rentur
327 450 421 491 Deo
443 450 719 506 paruissent,
755 451 1042 505 obsequiosos
1067 452 1205 492 videri
1232 453 1427 508 potuisse
1458 459 1502 494 et
1530 451 1610 493 sua

149 510 313 552 virtute
344 507 529 548 salutem
560 506 760 562 adeptOS.
819 511 886 548 At
914 521 963 547 eo
991 507 1074 548 line
1097 507 1236 548 Deum
1258 507 1439 551 ,Indaeis
1467 509 1612 566 pervi-

149 565 311 607 caciam
345 563 580 613 indidisse,
619 569 665 604 ut
696 577 773 619 per
800 577 893 604 eam
924 577 1113 619 paganos
1144 564 1292 606 bearet
1312 565 1538 622 perspicue
1561 563 1611 607 Ρ.

151 622 264 664 dixit
294 635 332 663 v.
359 623 424 663 11.
444 620 514 663 28.
538 621 624 662 30..
688 619 858 660 Deinde
888 621 1157 661 constantiae
1187 627 1329 673 osset,
1367 621 1446 662 hae
1477 622 1612 663 inter-

150 679 395 736 pretatione
425 677 467 718 in
499 690 670 718 versum
695 677 766 718 30.
797 677 1011 718 translata
1044 678 1107 718 sic
1138 678 1417 721 existimare:
1469 677 1609 719 Deum

151 736 281 778 etiam
306 729 493 787 gentiles
514 733 592 774 hac
613 738 753 774 mente
775 747 1025 774 occaecasse
1041 766 1052 782 ‚
1092 741 1138 774 ut
1167 735 1312 777 divina
1342 734 1613 789 ὂεηῑρηὶίιιίε,

149 807 234 834 non
265 792 359 833 suis
390 790 494 831 hene
524 789 651 830 factis
681 797 903 831 aeternam
938 790 1190 831 felicitatem
1221 790 1479 847 consequuti
1513 804 1612 831 esse

150 848 422 891 viderentur.
492 845 658 887 Verum
689 846 803 887 enim
831 861 933 887 vero
955 846 1096 887 Deum
1123 853 1397 888 contumaces
1426 847 1614 901 gentiles

151 906 409 948 Jmlaeorum
438 903 730 954 contumacia,
772 903 1019 959 pervicaces
1053 902 1246 947 Judaeos
1271 903 1493 958 qentilium
1520 902 1615 945 obe-

149 963 313 1004 dientis?
341 960 562 1013 corrigere
591 964 900 1015 correctosque
931 960 1060 1001 beare
1087 961 1277 1002 voluisse
1298 959 1443 1017 planis
1468 959 1614 1002 verbis

151 1018 379 1074 apostolus
409 1031 449 1060 v.
468 1017 686 1059 30.—32.
707 1015 870 1060 docuit.
929 1015 994 1058 Ut
1021 1016 1064 1057 id
1096 1017 1220 1058 lieret
1249 1021 1446 1072 utrosque
1469 1031 1492 1056 a
1520 1015 1614 1058 Deo

150 1073 418 1117 indurandos
444 1073 581 1114 fuisse
610 1073 649 1113 in
682 1079 852 1129 promtu
881 1077 966 1117 est.
1026 1072 1181 1130 Neque
1208 1073 1396 1126 gentiles
1423 1070 1615 1116 Judaeo-

150 1147 244 1174 rum
275 1129 542 1171 contumacia
573 1129 795 1170 emendari
826 1129 1096 1185 potuissent,
1135 1131 1220 1171 nisi
1249 1129 1371 1186 pravi
1397 1135 1474 1171 aut
1499 1128 1614 1171 tales

148 1188 449 1239 exstitissent,
491 1185 649 1242 quihus
692 1187 992 1227 emendatione
1031 1201 1140 1242 opus
1177 1192 1317 1238 esset,
1365 1200 1505 1242 neque
1536 1183 1616 1229 Ju-

149 1246 357 1287 daeorum
388 1243 654 1284 contumacia
685 1243 912 1295 gentilium
940 1243 1186 1284 obedientia
1215 1243 1361 1284 sanari
1382 1241 1616 1298 potuisset,

150 1303 238 1343 nisi
267 1300 534 1342 contumacia
565 1314 711 1340 eorum
742 1300 901 1340 animis
935 1299 1097 1351 indita,
1147 1300 1215 1340 cui
1247 1299 1458 1340 medicina
1489 1297 1615 1340 adhi-

150 1358 289 1401 benda
310 1362 445 1400 esset.
503 1355 732 1398 Postremo
758 1355 832 1408 P„
865 1362 911 1396 ut
925 1355 1127 1413 judaicae
1148 1356 1302 1413 stirpis
1321 1354 1616 1407 Christianos,

153 1430 262 1472 quos
291 1413 436 1468 gentis
461 1412 663 1470 judaicae
696 1428 792 1454 sors
823 1413 1038 1454 sollicitos
1062 1414 1260 1466 baberet,
1296 1413 1617 1464 consolaretur,

151 1478 244 1514 toto
264 1472 406 1526 capite
428 1484 509 1511 non
534 1470 610 1510 hoc
630 1470 744 1522 egit,
777 1476 822 1510 ut
841 1469 984 1510 Deum
1016 1470 1266 1512 universum
1295 1483 1432 1523 genus
1465 1469 1616 1510 huma-

154 1544 254 1570 num
294 1525 664 1569 benevolentia
704 1525 936 1566 adductum
968 1526 1190 1567 beatarum
1221 1540 1320 1568 esse
1348 1525 1616 1576 ostenderet,

152 1585 229 1627 sed
250 1599 345 1625 eum
366 1581 559 1626 Judaeos
582 1596 664 1622 non
686 1569 975 1636 minns¹quam
995 1582 1183 1633 gentiles
1205 1581 1396 1623 benevole
1426 1581 1616 1622 beatu-

152 1656 261 1685 rum
294 1654 390 1681 esse
419 1638 751 1680 demonstravit.
818 1636 974 1692 Itaque
996 1636 1222 1678 ἐλεεῖσθαι
1242 1651 1282 1680 ν.
1297 1637 1370 1680 30.
1391 1642 1435 1678 et
1451 1637 1523 1680 31.
1544 1636 1615 1677 bc-

153 1697 293 1739 nevolt»
317 1695 544 1751 (benevola
573 1695 729 1734 salutis
765 1694 1006 1734 messianae
1037 1693 1280 1746 oblatione)
1310 1692 1487 1744 beari,
1527 1706 1611 1734 non

157 1753 405 1796 benevole
443 1751 728 1804 (benevola
761 1755 808 1791 et
839 1764 992 1806 (secam
1027 1750 1228 1790 virtute
1266 1752 1359 1791 tut?
1400 1748 1615 1789 minime

155 1808 511 1863 expuynaris
531 1821 722 1847 summae
752 1806 909 1846 salutis
940 1805 1180 1858 oblatione)
1203 1804 1321 1847 beari
1338 1803 1532 1848 denotat.
1561 1828 1616 1835 —

156 1866 371 1922 Perplexa
405 1862 530 1905 Pauli
563 1862 805 1913 sententia,
850 1861 988 1903 Deum
1021 1876 1285 1918 paganorum
1315 1861 1508 1902 renisum
1539 1860 1616 1902 Ju-

153 1924 355 1965 ‹laem-um
385 1920 653 1962 contumacia
689 1919 948 1970 sustulisse,
997 1918 1264 1961 ,ludaeorum
1301 1917 1614 1959 contumaciam

151 1981 416 2035 pafflmorum
443 1975 633 2030 obseqm'o
661 1982 913 2016 sanaturum
947 1989 1070 2027 esse,
1107 1982 1231 2016 acuta
1260 1974 1400 2030 primo
1430 1974 1617 2024 videtur,

152 2034 426 2078 considerata
456 2033 597 2072 minus
629 2033 855 2088 probatur.
916 2030 1007 2087 Qui
1028 2031 1140 2072 enim
1167 2030 1472 2072 sanctissimus
1491 2028 1616 2070 Deus

154 2100 203 2133 ut
226 2091 394 2132 Titium
428 2087 626 2129 emendet
644 2088 783 2131 ,Iudae
810 2088 999 2129 animum
1028 2088 1260 2144 depravet,
1290 2094 1334 2128 et
1353 2085 1492 2130 Judae
1515 2099 1617 2127 con-

155 2149 256 2190 silia
280 2151 530 2200 corrumpat
560 2152 606 2185 ut
628 2145 767 2188 ,iudae
795 2145 1008 2186 insaniam
1028 2144 1141 2185 Titii
1174 2145 1361 2184 sanitate
1390 2137 1616 2196 corrigat?

153 2207 248 2249 Aut
278 2206 354 2258 qui
386 2202 594 2257 optimum
628 2216 780 2241 numen
810 2201 941 2242 alteri
969 2214 1177 2241 summam
1210 2200 1462 2241 felicitatem
1520 2202 1616 2256 aret

153 2261 341 2302 alterius
375 2254 541 2299 exitio?
620 2260 677 2298 Et
707 2258 848 2298 minus
879 2257 1085 2313 impedita
1119 2272 1189 2298 res
1220 2262 1363 2308 esset,
1409 2256 1450 2298 si
1518 2285 1531 2298 .
1562 2254 1615 2296 de

154 2319 323 2359 duobus
348 2315 593 2355 hominihus
617 2315 800 2369 loquens
820 2313 962 2354 Deum
985 2321 1030 2354 ut
1055 2319 1286 2368 utrumque
1309 2317 1409 2354 ante
1435 2315 1613 2353 mortem

154 2373 403 2416 emendaret
426 2371 904 2426 unius*perversitatem
927 2369 1112 2411 alterius
1140 2368 1472 2425 depravatione,
1505 2368 1614 2407 alte-

157 2432 250 2472 rius
286 2426 599 2482 turpitudinem
631 2427 750 2468 illius
782 2427 909 2466 unius
930 2427 1157 2468 honestate
1179 2426 1413 2467 sustulisse
1437 2422 1616 2466 diceret.

160 2490 223 2528 At
252 2485 438 2540 gentiles
470 2489 514 2524 et
540 2481 719 2534 Judaei,
759 2483 810 2522 de
842 2483 1000 2537 quibus
1023 2485 1116 2538 Ap.
1139 2482 1361 2538 disputat,
1397 2479 1613 2521 hominum

157 2556 334 2596 corpora
356 2545 481 2590 sunt,
513 2554 694 2594 quorum
718 2539 906 2580 membra
929 2540 1117 2592 singulis
1138 2539 1356 2579 aetatibus
1379 2536 1615 2587 intereunt,

159 2607 205 2641 ut
227 2612 333 2639 nova
357 2611 466 2652 quae
487 2596 782 2637 succreverint
800 2595 988 2636 membra
1008 2598 1387 2636 intermortuorum
1404 2592 1616 2633 membro-

159 2671 253 2697 rum
283 2654 423 2694 locum
452 2658 683 2708 occupent,
731 2652 844 2693 sicut
872 2652 1106 2708 pleraeque
1140 2652 1322 2692 arbores
1356 2661 1616 2704 unoquoque

160 2726 259 2753 vere
288 2710 393 2750 nova
425 2709 576 2749 fronde
607 2709 865 2750 vestiuntur.
923 2707 1019 2751 Jam
1050 2709 1211 2758 Deum,
1252 2711 1297 2747 ut
1324 2719 1398 2745 eos
1427 2705 1615 2759 denique

160 2767 408 2808 emendaret
437 2764 774 2820 emendatosque
805 2764 976 2816 bearet,
1017 2764 1088 2819 qui
1117 2764 1198 2805 sul)
1224 2761 1390 2804 Christi
1418 2761 1470 2802 de
1497 2760 1617 2801 caelo

162 2825 204 2865 in
237 2828 384 2864 orbem
416 2829 631 2862 terrarum
663 2821 848 2862 reditum
876 2834 1141 2877 paganorum
1168 2825 1209 2860 et
1232 2817 1494 2860 Iudaeorum
1522 2830 1617 2857 cor-

1542 2884 1616 2926 1³0·
