<?xml version="1.0" encoding="UTF-8"?>
<!DOCTYPE html PUBLIC "-//W3C//DTD XHTML 1.0 Transitional//EN"
    "http://www.w3.org/TR/xhtml1/DTD/xhtml1-transitional.dtd">
<html xmlns="http://www.w3.org/1999/xhtml" xml:lang="en" lang="en">
 <head>
  <title>
</title>
<meta http-equiv="Content-Type" content="text/html;charset=utf-8" />
  <meta name='ocr-system' content='tesseract 3.04.00' />
  <meta name='ocr-capabilities' content='ocr_page ocr_carea ocr_par ocr_line ocrx_word'/>
</head>
<body>
  <div class='ocr_page' id='page_1' title='image "./pauliadromanosep02frituoft/pauliadromanosep02frituoft_0237.png"; bbox 0 0 1715 3115; ppageno 0'>
   <div class='ocr_carea' id='block_1_1' title="bbox 406 175 1532 227">
    <p class='ocr_par' dir='ltr' id='par_1_1' title="bbox 406 175 1532 227">
     <span class='ocr_line' id='line_1_1' title="bbox 406 175 1532 227; baseline -0.003 0"><span class='ocrx_word' id='word_1_1' title='bbox 406 182 565 227; x_wconf 85' lang='lat' dir='ltr'>CAP.</span> <span class='ocrx_word' id='word_1_2' title='bbox 600 178 763 224; x_wconf 75' lang='lat' dir='ltr'>vill.</span> <span class='ocrx_word' id='word_1_3' title='bbox 796 179 888 225; x_wconf 82' lang='lat' dir='ltr'>Vs.</span> <span class='ocrx_word' id='word_1_4' title='bbox 918 180 985 222; x_wconf 79' lang='lat'>35</span> <span class='ocrx_word' id='word_1_5' title='bbox 1014 204 1067 211; x_wconf 90' lang='lat'>—</span> <span class='ocrx_word' id='word_1_6' title='bbox 1096 179 1198 225; x_wconf 85' lang='lat'><strong>37..</strong></span> <span class='ocrx_word' id='word_1_7' title='bbox 1446 175 1532 224; x_wconf 77' lang='lat'>223</span> 
     </span>
    </p>
   </div>
   <div class='ocr_carea' id='block_1_2' title="bbox 59 283 1544 2895">
    <p class='ocr_par' dir='ltr' id='par_1_2' title="bbox 59 283 1544 2895">
     <span class='ocr_line' id='line_1_2' title="bbox 62 283 1532 346; baseline -0.003 -15"><span class='ocrx_word' id='word_1_8' title='bbox 62 292 260 346; x_wconf 61' lang='grc' dir='ltr'>ι’)’φραξμε</span> <span class='ocrx_word' id='word_1_9' title='bbox 288 287 387 343; x_wconf 80' lang='grc' dir='ltr'><em>βίος</em></span> <span class='ocrx_word' id='word_1_10' title='bbox 414 286 504 346; x_wconf 65' lang='grc' dir='ltr'>ἔχῃ.</span> <span class='ocrx_word' id='word_1_11' title='bbox 555 288 662 332; x_wconf 86' lang='lat' dir='ltr'>Ael.</span> <span class='ocrx_word' id='word_1_12' title='bbox 696 286 754 331; x_wconf 89' lang='lat' dir='ltr'>V.</span> <span class='ocrx_word' id='word_1_13' title='bbox 783 285 841 329; x_wconf 88' lang='lat' dir='ltr'>H.</span> <span class='ocrx_word' id='word_1_14' title='bbox 877 287 913 336; x_wconf 92' lang='lat' dir='ltr'>l,</span> <span class='ocrx_word' id='word_1_15' title='bbox 931 285 1003 331; x_wconf 78' lang='lat'>24.</span> <span class='ocrx_word' id='word_1_16' title='bbox 1037 286 1111 327; x_wconf 83' lang='grc' dir='ltr'>καὶ</span> <span class='ocrx_word' id='word_1_17' title='bbox 1139 283 1183 327; x_wconf 80' lang='grc' dir='ltr'>ἕν</span> <span class='ocrx_word' id='word_1_18' title='bbox 1210 285 1320 326; x_wconf 75' lang='grc' dir='ltr'>πᾶσι</span> <span class='ocrx_word' id='word_1_19' title='bbox 1354 284 1532 335; x_wconf 75' lang='grc' dir='ltr'><em>τούτοις</em></span> 
     </span>
     <span class='ocr_line' id='line_1_3' title="bbox 63 341 1533 403; baseline -0.005 -13"><span class='ocrx_word' id='word_1_20' title='bbox 63 347 245 403; x_wconf 75' lang='grc' dir='ltr'><em>ἡττᾶται</em></span> <span class='ocrx_word' id='word_1_21' title='bbox 264 344 529 400; x_wconf 75' lang='grc' dir='ltr'>Λεπρὲας.).</span> <span class='ocrx_word' id='word_1_22' title='bbox 587 344 911 399; x_wconf 76' lang='grc' dir='ltr'>ὑπερνικῶμεν]</span> <span class='ocrx_word' id='word_1_23' title='bbox 928 342 1025 396; x_wconf 76' lang='lat' dir='ltr'>plus</span> <span class='ocrx_word' id='word_1_24' title='bbox 1044 357 1171 398; x_wconf 79' lang='lat' dir='ltr'>qnmn</span> <span class='ocrx_word' id='word_1_25' title='bbox 1191 341 1408 394; x_wconf 70' lang='lat' dir='ltr'>vincimus,</span> <span class='ocrx_word' id='word_1_26' title='bbox 1438 342 1469 384; x_wconf 90' lang='lat' dir='ltr'>i.</span> <span class='ocrx_word' id='word_1_27' title='bbox 1490 356 1533 386; x_wconf 88' lang='lat' dir='ltr'>e.</span> 
     </span>
     <span class='ocr_line' id='line_1_4' title="bbox 61 398 1531 458; baseline -0.004 -12"><span class='ocrx_word' id='word_1_28' title='bbox 61 404 223 458; x_wconf 73' lang='lat' dir='ltr'>eqreye&#39;e</span> <span class='ocrx_word' id='word_1_29' title='bbox 251 404 478 454; x_wconf 73' lang='lat' dir='ltr'>vincimus,</span> <span class='ocrx_word' id='word_1_30' title='bbox 519 417 602 444; x_wconf 86' lang='lat' dir='ltr'>nen</span> <span class='ocrx_word' id='word_1_31' title='bbox 627 402 767 442; x_wconf 84' lang='lat' dir='ltr'>solnm</span> <span class='ocrx_word' id='word_1_32' title='bbox 798 413 926 456; x_wconf 84' lang='lat' dir='ltr'>pares</span> <span class='ocrx_word' id='word_1_33' title='bbox 949 414 1098 440; x_wconf 87' lang='lat' dir='ltr'>sumus</span> <span class='ocrx_word' id='word_1_34' title='bbox 1122 399 1270 450; x_wconf 84' lang='lat' dir='ltr'>malis,</span> <span class='ocrx_word' id='word_1_35' title='bbox 1302 398 1378 440; x_wconf 89' lang='lat' dir='ltr'>sed</span> <span class='ocrx_word' id='word_1_36' title='bbox 1400 399 1531 441; x_wconf 82' lang='lat' dir='ltr'>etiam</span> 
     </span>
     <span class='ocr_line' id='line_1_5' title="bbox 62 455 1533 516; baseline -0.001 -15"><span class='ocrx_word' id='word_1_37' title='bbox 62 461 119 501; x_wconf 88' lang='lat' dir='ltr'>iis</span> <span class='ocrx_word' id='word_1_38' title='bbox 149 461 278 514; x_wconf 78' lang='lat' dir='ltr'>longe</span> <span class='ocrx_word' id='word_1_39' title='bbox 311 459 577 516; x_wconf 76' lang='lat' dir='ltr'><strong>superiores.</strong></span> <span class='ocrx_word' id='word_1_40' title='bbox 645 457 820 514; x_wconf 77' lang='lat' dir='ltr'>Quippe</span> <span class='ocrx_word' id='word_1_41' title='bbox 850 456 961 497; x_wconf 73' lang='lat' dir='ltr'>salvi</span> <span class='ocrx_word' id='word_1_42' title='bbox 992 471 1015 498; x_wconf 89' lang='lat' dir='ltr'>e</span> <span class='ocrx_word' id='word_1_43' title='bbox 1043 456 1169 498; x_wconf 76' lang='lat' dir='ltr'>malis</span> <span class='ocrx_word' id='word_1_44' title='bbox 1188 457 1449 508; x_wconf 79' lang='lat' dir='ltr'>emergimus</span> <span class='ocrx_word' id='word_1_45' title='bbox 1468 455 1533 511; x_wconf 77' lang='lat' dir='ltr'>(V.</span> 
     </span>
     <span class='ocr_line' id='line_1_6' title="bbox 59 512 1533 572; baseline -0.001 -14"><span class='ocrx_word' id='word_1_46' title='bbox 59 517 132 561; x_wconf 77' lang='lat'>28.</span> <span class='ocrx_word' id='word_1_47' title='bbox 153 518 180 557; x_wconf 87' lang='grc'><strong>2</strong></span> <span class='ocrx_word' id='word_1_48' title='bbox 199 516 301 560; x_wconf 81' lang='lat' dir='ltr'>Cor.</span> <span class='ocrx_word' id='word_1_49' title='bbox 319 515 414 568; x_wconf 79' lang='lat'><strong>4‚8.</strong></span> <span class='ocrx_word' id='word_1_50' title='bbox 437 517 528 571; x_wconf 86' lang='lat' dir='ltr'>sq.)</span> <span class='ocrx_word' id='word_1_51' title='bbox 548 513 897 572; x_wconf 81' lang='lat' dir='ltr'>impavidumque</span> <span class='ocrx_word' id='word_1_52' title='bbox 920 517 988 553; x_wconf 83' lang='lat' dir='ltr'>est</span> <span class='ocrx_word' id='word_1_53' title='bbox 1007 518 1157 570; x_wconf 88' lang='lat' dir='ltr'>pectus</span> <span class='ocrx_word' id='word_1_54' title='bbox 1181 513 1386 556; x_wconf 84' lang='lat' dir='ltr'>servatis.</span> <span class='ocrx_word' id='word_1_55' title='bbox 1456 512 1533 556; x_wconf 91' lang='lat' dir='ltr'>In-</span> 
     </span>
     <span class='ocr_line' id='line_1_7' title="bbox 62 565 1535 629; baseline 0 -15"><span class='ocrx_word' id='word_1_56' title='bbox 62 574 204 616; x_wconf 78' lang='lat' dir='ltr'><strong>tendit</strong></span> <span class='ocrx_word' id='word_1_57' title='bbox 231 568 346 625; x_wconf 79' lang='grc' dir='ltr'>ὖπὲρ</span> <span class='ocrx_word' id='word_1_58' title='bbox 374 573 495 614; x_wconf 85' lang='lat' dir='ltr'>verbi</span> <span class='ocrx_word' id='word_1_59' title='bbox 523 571 736 629; x_wconf 86' lang='lat' dir='ltr'>simplicis</span> <span class='ocrx_word' id='word_1_60' title='bbox 765 571 868 613; x_wconf 81' lang='lat' dir='ltr'>vim.</span> <span class='ocrx_word' id='word_1_61' title='bbox 927 568 996 613; x_wconf 76' lang='lat' dir='ltr'>Cl&#39;.</span> <span class='ocrx_word' id='word_1_62' title='bbox 1023 565 1387 623; x_wconf 67' lang='grc' dir='ltr'><em>ὖπερφοβεῑσθαι</em></span> <span class='ocrx_word' id='word_1_63' title='bbox 1413 569 1535 615; x_wconf 88' lang='lat' dir='ltr'>Xen.</span> 
     </span>
     <span class='ocr_line' id='line_1_8' title="bbox 63 623 1535 686; baseline -0.002 -13"><span class='ocrx_word' id='word_1_64' title='bbox 63 631 170 686; x_wconf 84' lang='lat' dir='ltr'>Cyr.</span> <span class='ocrx_word' id='word_1_65' title='bbox 203 632 240 681; x_wconf 89' lang='lat'>1,</span> <span class='ocrx_word' id='word_1_66' title='bbox 260 630 304 681; x_wconf 80' lang='lat'>4,</span> <span class='ocrx_word' id='word_1_67' title='bbox 321 630 364 672; x_wconf 87' lang='grc'>2.</span> <span class='ocrx_word' id='word_1_68' title='bbox 403 623 747 685; x_wconf 71' lang='grc' dir='ltr'><em>ὖπερεχθαίρειν</em></span> <span class='ocrx_word' id='word_1_69' title='bbox 775 625 913 683; x_wconf 87' lang='lat' dir='ltr'>Soph.</span> <span class='ocrx_word' id='word_1_70' title='bbox 934 626 1093 680; x_wconf 85' lang='lat' dir='ltr'>Antig.</span> <span class='ocrx_word' id='word_1_71' title='bbox 1117 627 1214 670; x_wconf 91' lang='grc'><strong>127.</strong></span> <span class='ocrx_word' id='word_1_72' title='bbox 1239 631 1283 668; x_wconf 89' lang='lat' dir='ltr'>et</span> <span class='ocrx_word' id='word_1_73' title='bbox 1303 632 1393 670; x_wconf 85' lang='lat' dir='ltr'>not.</span> <span class='ocrx_word' id='word_1_74' title='bbox 1415 627 1470 669; x_wconf 82' lang='lat' dir='ltr'>ad</span> <span class='ocrx_word' id='word_1_75' title='bbox 1490 627 1535 681; x_wconf 84' lang='lat'>5,</span> 
     </span>
     <span class='ocr_line' id='line_1_9' title="bbox 61 679 1536 742; baseline -0.001 -14"><span class='ocrx_word' id='word_1_76' title='bbox 61 689 135 731; x_wconf 86' lang='grc'>20.</span> <span class='ocrx_word' id='word_1_77' title='bbox 168 685 316 739; x_wconf 84' lang='grc' dir='ltr'>Ι,351.</span> <span class='ocrx_word' id='word_1_78' title='bbox 373 686 512 742; x_wconf 86' lang='lat' dir='ltr'>(Male</span> <span class='ocrx_word' id='word_1_79' title='bbox 542 685 683 740; x_wconf 80' lang='lat' dir='ltr'>Kopp.</span> <span class='ocrx_word' id='word_1_80' title='bbox 715 681 798 725; x_wconf 68' lang='lat' dir='ltr'>hnc</span> <span class='ocrx_word' id='word_1_81' title='bbox 826 683 999 725; x_wconf 89' lang='lat' dir='ltr'>rettulit</span> <span class='ocrx_word' id='word_1_82' title='bbox 1027 679 1309 736; x_wconf 74' lang='grc' dir='ltr'><em>ὑπερισχύειν</em></span> <span class='ocrx_word' id='word_1_83' title='bbox 1327 689 1371 725; x_wconf 85' lang='lat' dir='ltr'>et</span> <span class='ocrx_word' id='word_1_84' title='bbox 1390 679 1536 741; x_wconf 76' lang='grc' dir='ltr'><em>ὕπερ-</em></span> 
     </span>
     <span class='ocr_line' id='line_1_10' title="bbox 63 740 1535 799; baseline 0 -15"><span class='ocrx_word' id='word_1_85' title='bbox 63 747 235 798; x_wconf 76' lang='grc' dir='ltr'><em>κρατεῖν</em></span> <span class='ocrx_word' id='word_1_86' title='bbox 263 742 447 799; x_wconf 87' lang='lat' dir='ltr'>Joseph.</span> <span class='ocrx_word' id='word_1_87' title='bbox 477 743 538 786; x_wconf 87' lang='lat' dir='ltr'>A.</span> <span class='ocrx_word' id='word_1_88' title='bbox 566 741 610 786; x_wconf 86' lang='lat' dir='ltr'>J.</span> <span class='ocrx_word' id='word_1_89' title='bbox 652 743 720 792; x_wconf 85' lang='lat'>11,</span> <span class='ocrx_word' id='word_1_90' title='bbox 748 742 790 793; x_wconf 86' lang='grc'>3,</span> <span class='ocrx_word' id='word_1_91' title='bbox 822 740 865 784; x_wconf 92' lang='grc'>2.</span> <span class='ocrx_word' id='word_1_92' title='bbox 896 745 940 781; x_wconf 88' lang='lat' dir='ltr'>et</span> <span class='ocrx_word' id='word_1_93' title='bbox 963 741 1006 783; x_wconf 82' lang='lat'>3.</span> <span class='ocrx_word' id='word_1_94' title='bbox 1033 740 1399 794; x_wconf 78' lang='lat' dir='ltr'><em>praeponderare,</em></span> <span class='ocrx_word' id='word_1_95' title='bbox 1436 741 1535 795; x_wconf 75' lang='lat' dir='ltr'>plus</span> 
     </span>
     <span class='ocr_line' id='line_1_11' title="bbox 60 791 1533 856; baseline -0.001 -15"><span class='ocrx_word' id='word_1_96' title='bbox 60 800 220 855; x_wconf 80' lang='lat' dir='ltr'>pollere</span> <span class='ocrx_word' id='word_1_97' title='bbox 240 814 367 856; x_wconf 71' lang='lat' dir='ltr'>(suam</span> <span class='ocrx_word' id='word_1_98' title='bbox 389 801 475 852; x_wconf 83' lang='lat'>-).</span> <span class='ocrx_word' id='word_1_99' title='bbox 536 798 582 840; x_wconf 90' lang='lat' dir='ltr'>ln</span> <span class='ocrx_word' id='word_1_100' title='bbox 613 797 772 840; x_wconf 87' lang='lat' dir='ltr'>ceteris</span> <span class='ocrx_word' id='word_1_101' title='bbox 801 797 858 849; x_wconf 77' lang='lat' dir='ltr'>L,</span> <span class='ocrx_word' id='word_1_102' title='bbox 900 797 943 838; x_wconf 91' lang='lat' dir='ltr'>in</span> <span class='ocrx_word' id='word_1_103' title='bbox 968 796 1128 853; x_wconf 87' lang='lat' dir='ltr'>quibus</span> <span class='ocrx_word' id='word_1_104' title='bbox 1151 791 1393 851; x_wconf 78' lang='grc' dir='ltr'><em>ὑπερνικᾶν</em></span> <span class='ocrx_word' id='word_1_105' title='bbox 1421 797 1533 851; x_wconf 81' lang='lat' dir='ltr'>legi-</span> 
     </span>
     <span class='ocr_line' id='line_1_12' title="bbox 66 851 1536 909; baseline -0.001 -12"><span class='ocrx_word' id='word_1_106' title='bbox 66 864 166 908; x_wconf 88' lang='lat' dir='ltr'>tur,</span> <span class='ocrx_word' id='word_1_107' title='bbox 208 856 427 899; x_wconf 74' lang='lat' dir='ltr'><strong><em>immodice</em></strong></span> <span class='ocrx_word' id='word_1_108' title='bbox 464 856 653 908; x_wconf 78' lang='lat' dir='ltr'>vincere,</span> <span class='ocrx_word' id='word_1_109' title='bbox 685 853 809 909; x_wconf 79' lang='lat' dir='ltr'>justo</span> <span class='ocrx_word' id='word_1_110' title='bbox 842 852 987 908; x_wconf 78' lang='lat' dir='ltr'>plures</span> <span class='ocrx_word' id='word_1_111' title='bbox 1019 857 1061 894; x_wconf 82' lang='lat' dir='ltr'>et</span> <span class='ocrx_word' id='word_1_112' title='bbox 1098 851 1288 907; x_wconf 78' lang='lat' dir='ltr'>majores</span> <span class='ocrx_word' id='word_1_113' title='bbox 1330 853 1536 896; x_wconf 71' lang='lat' dir='ltr'>victorias</span> 
     </span>
     <span class='ocr_line' id='line_1_13' title="bbox 62 907 1536 968; baseline -0.002 -13"><span class='ocrx_word' id='word_1_114' title='bbox 62 917 284 968; x_wconf 76' lang='lat' dir='ltr'>reportare</span> <span class='ocrx_word' id='word_1_115' title='bbox 303 913 504 965; x_wconf 84' lang='lat' dir='ltr'>designat</span> <span class='ocrx_word' id='word_1_116' title='bbox 529 918 571 953; x_wconf 89' lang='lat' dir='ltr'>et</span> <span class='ocrx_word' id='word_1_117' title='bbox 594 912 636 953; x_wconf 93' lang='lat' dir='ltr'>in</span> <span class='ocrx_word' id='word_1_118' title='bbox 658 911 763 953; x_wconf 75' lang='lat' dir='ltr'>vitio</span> <span class='ocrx_word' id='word_1_119' title='bbox 789 910 982 967; x_wconf 83' lang='lat' dir='ltr'>ponitur.</span> <span class='ocrx_word' id='word_1_120' title='bbox 1041 907 1248 950; x_wconf 84' lang='lat' dir='ltr'>Socrates</span> <span class='ocrx_word' id='word_1_121' title='bbox 1268 909 1327 953; x_wconf 89' lang='lat' dir='ltr'>H.</span> <span class='ocrx_word' id='word_1_122' title='bbox 1344 909 1391 953; x_wconf 87' lang='lat' dir='ltr'>E.</span> <span class='ocrx_word' id='word_1_123' title='bbox 1411 910 1536 962; x_wconf 88' lang='lat'><strong>3‚21.</strong></span> 
     </span>
     <span class='ocr_line' id='line_1_14' title="bbox 65 962 1537 1025; baseline -0.002 -14"><span class='ocrx_word' id='word_1_124' title='bbox 65 968 89 1011; x_wconf 84' lang='grc' dir='ltr'><em>ὃ</em></span> <span class='ocrx_word' id='word_1_125' title='bbox 111 970 159 1012; x_wconf 79' lang='grc' dir='ltr'>δὲ</span> <span class='ocrx_word' id='word_1_126' title='bbox 184 969 433 1025; x_wconf 82' lang='lat' dir='ltr'>(Julianus)</span> <span class='ocrx_word' id='word_1_127' title='bbox 461 967 539 1010; x_wconf 77' lang='grc' dir='ltr'><em>οὔκ</em></span> <span class='ocrx_word' id='word_1_128' title='bbox 566 967 710 1009; x_wconf 71' lang='grc' dir='ltr'><em>ἔπαθε</em></span> <span class='ocrx_word' id='word_1_129' title='bbox 728 967 806 1023; x_wconf 73' lang='grc' dir='ltr'>τὴν</span> <span class='ocrx_word' id='word_1_130' title='bbox 838 966 980 1022; x_wconf 77' lang='grc' dir='ltr'><em>ψυχὴν</em></span> <span class='ocrx_word' id='word_1_131' title='bbox 1011 964 1112 1008; x_wconf 77' lang='grc' dir='ltr'><em>οῦδὲ</em></span> <span class='ocrx_word' id='word_1_132' title='bbox 1140 963 1244 1014; x_wconf 70' lang='grc' dir='ltr'><em>τοὺς</em></span> <span class='ocrx_word' id='word_1_133' title='bbox 1263 962 1537 1017; x_wconf 78' lang='grc' dir='ltr'><em>ἱκετεύοντας</em></span> 
     </span>
     <span class='ocr_line' id='line_1_15' title="bbox 65 1016 1538 1081; baseline -0.001 -14"><span class='ocrx_word' id='word_1_134' title='bbox 65 1023 262 1081; x_wconf 81' lang='grc' dir='ltr'><em>ἠλέησεν·</em></span> <span class='ocrx_word' id='word_1_135' title='bbox 295 1024 387 1067; x_wconf 78' lang='grc' dir='ltr'>ἀλλ’</span> <span class='ocrx_word' id='word_1_136' title='bbox 422 1021 523 1067; x_wconf 67' lang='grc' dir='ltr'><em>οὐδὲ</em></span> <span class='ocrx_word' id='word_1_137' title='bbox 550 1023 598 1066; x_wconf 82' lang='grc' dir='ltr'>τὸ</span> <span class='ocrx_word' id='word_1_138' title='bbox 629 1024 710 1066; x_wconf 81' lang='grc' dir='ltr'><em>τοῦ</em></span> <span class='ocrx_word' id='word_1_139' title='bbox 736 1020 870 1078; x_wconf 76' lang='grc' dir='ltr'><em>λόγου</em></span> <span class='ocrx_word' id='word_1_140' title='bbox 902 1020 1011 1064; x_wconf 81' lang='grc' dir='ltr'><em>κατὰ</em></span> <span class='ocrx_word' id='word_1_141' title='bbox 1030 1022 1132 1063; x_wconf 83' lang='grc' dir='ltr'><em>νοῦν</em></span> <span class='ocrx_word' id='word_1_142' title='bbox 1153 1017 1330 1075; x_wconf 75' lang='grc' dir='ltr'>ἔλαβεν,</span> <span class='ocrx_word' id='word_1_143' title='bbox 1370 1020 1428 1071; x_wconf 80' lang='grc' dir='ltr'>ὡς</span> <span class='ocrx_word' id='word_1_144' title='bbox 1449 1016 1538 1079; x_wconf 60' lang='grc' dir='ltr'>ἄρα</span> 
     </span>
     <span class='ocr_line' id='line_1_16' title="bbox 65 1073 1537 1137; baseline -0.001 -14"><span class='ocrx_word' id='word_1_145' title='bbox 65 1084 188 1124; x_wconf 80' lang='grc' dir='ltr'><em>νικᾶν</em></span> <span class='ocrx_word' id='word_1_146' title='bbox 205 1083 284 1134; x_wconf 72' lang='grc' dir='ltr'>μὲν</span> <span class='ocrx_word' id='word_1_147' title='bbox 312 1081 467 1131; x_wconf 77' lang='grc' dir='ltr'>καλόν,</span> <span class='ocrx_word' id='word_1_148' title='bbox 504 1073 742 1137; x_wconf 74' lang='grc' dir='ltr'><em>ὖπερνικᾶν</em></span> <span class='ocrx_word' id='word_1_149' title='bbox 768 1079 816 1122; x_wconf 74' lang='grc' dir='ltr'>δὲ</span> <span class='ocrx_word' id='word_1_150' title='bbox 836 1077 1102 1132; x_wconf 69' lang='grc' dir='ltr'><em>ἐπίφθονον.</em></span> <span class='ocrx_word' id='word_1_151' title='bbox 1160 1077 1263 1121; x_wconf 83' lang='grc' dir='ltr'>Νοη</span> <span class='ocrx_word' id='word_1_152' title='bbox 1289 1093 1415 1121; x_wconf 88' lang='lat' dir='ltr'>secus</span> <span class='ocrx_word' id='word_1_153' title='bbox 1437 1080 1481 1121; x_wconf 91' lang='lat' dir='ltr'>in</span> <span class='ocrx_word' id='word_1_154' title='bbox 1502 1081 1537 1125; x_wconf 91' lang='lat' dir='ltr'>l.</span> 
     </span>
     <span class='ocr_line' id='line_1_17' title="bbox 65 1133 1540 1192; baseline 0 -13"><span class='ocrx_word' id='word_1_155' title='bbox 65 1153 89 1179; x_wconf 81' lang='lat' dir='ltr'>a</span> <span class='ocrx_word' id='word_1_156' title='bbox 130 1138 276 1182; x_wconf 73' lang='lat' dir='ltr'>Werst.</span> <span class='ocrx_word' id='word_1_157' title='bbox 308 1139 480 1181; x_wconf 86' lang='lat' dir='ltr'>citatis:</span> <span class='ocrx_word' id='word_1_158' title='bbox 516 1137 607 1179; x_wconf 89' lang='lat' dir='ltr'>Leo</span> <span class='ocrx_word' id='word_1_159' title='bbox 637 1137 767 1181; x_wconf 83' lang='lat' dir='ltr'>Tact.</span> <span class='ocrx_word' id='word_1_160' title='bbox 800 1135 951 1187; x_wconf 81' lang='lat'><strong>14‚25.</strong></span> <span class='ocrx_word' id='word_1_161' title='bbox 981 1135 1075 1189; x_wconf 90' lang='lat' dir='ltr'>(ubi</span> <span class='ocrx_word' id='word_1_162' title='bbox 1094 1133 1288 1192; x_wconf 87' lang='lat' dir='ltr'>ejusdem</span> <span class='ocrx_word' id='word_1_163' title='bbox 1310 1136 1540 1192; x_wconf 84' lang='lat' dir='ltr'>proverbii</span> 
     </span>
     <span class='ocr_line' id='line_1_18' title="bbox 67 1191 1538 1254; baseline 0.001 -18"><span class='ocrx_word' id='word_1_164' title='bbox 67 1195 227 1236; x_wconf 90' lang='lat' dir='ltr'>mentio</span> <span class='ocrx_word' id='word_1_165' title='bbox 251 1196 468 1254; x_wconf 83' lang='lat' dir='ltr'>injicitur)</span> <span class='ocrx_word' id='word_1_166' title='bbox 490 1201 534 1236; x_wconf 91' lang='lat' dir='ltr'>et</span> <span class='ocrx_word' id='word_1_167' title='bbox 557 1194 668 1236; x_wconf 79' lang='lat' dir='ltr'>Meta</span> <span class='ocrx_word' id='word_1_168' title='bbox 707 1194 774 1237; x_wconf 91' lang='lat' dir='ltr'>hr.</span> <span class='ocrx_word' id='word_1_169' title='bbox 803 1192 937 1235; x_wconf 83' lang='lat' dir='ltr'>MSC.</span> <span class='ocrx_word' id='word_1_170' title='bbox 962 1191 1018 1235; x_wconf 84' lang='lat' dir='ltr'>ll.</span> <span class='ocrx_word' id='word_1_171' title='bbox 1041 1206 1091 1248; x_wconf 81' lang='grc' dir='ltr'>φ.</span> <span class='ocrx_word' id='word_1_172' title='bbox 1110 1193 1227 1236; x_wconf 82' lang='grc'><strong>315..</strong></span> <span class='ocrx_word' id='word_1_173' title='bbox 1285 1193 1420 1236; x_wconf 82' lang='lat' dir='ltr'>Recte</span> <span class='ocrx_word' id='word_1_174' title='bbox 1443 1192 1538 1239; x_wconf 85' lang='lat' dir='ltr'>PP.</span> 
     </span>
     <span class='ocr_line' id='line_1_19' title="bbox 67 1208 1538 1309; baseline 0 -16"><span class='ocrx_word' id='word_1_175' title='bbox 67 1266 136 1307; x_wconf 86' lang='lat' dir='ltr'>gr.</span> <span class='ocrx_word' id='word_1_176' title='bbox 175 1260 411 1309; x_wconf 81' lang='lat' dir='ltr'>praeeunte</span> <span class='ocrx_word' id='word_1_177' title='bbox 444 1251 637 1306; x_wconf 74' lang='lat' dir='ltr'>Origene</span> <span class='ocrx_word' id='word_1_178' title='bbox 670 1208 708 1302; x_wconf 67' lang='lat' dir='ltr'>f,</span> <span class='ocrx_word' id='word_1_179' title='bbox 729 1252 830 1295; x_wconf 84' lang='lat'><strong>317.</strong></span> <span class='ocrx_word' id='word_1_180' title='bbox 861 1247 1100 1304; x_wconf 73' lang='grc' dir='ltr'><em>ὖπερνικᾶν</em></span> <span class='ocrx_word' id='word_1_181' title='bbox 1131 1250 1231 1306; x_wconf 89' lang='lat' dir='ltr'>plus</span> <span class='ocrx_word' id='word_1_182' title='bbox 1269 1265 1367 1292; x_wconf 83' lang='lat' dir='ltr'>esse</span> <span class='ocrx_word' id='word_1_183' title='bbox 1406 1265 1538 1307; x_wconf 85' lang='lat' dir='ltr'>quam</span> 
     </span>
     <span class='ocr_line' id='line_1_20' title="bbox 66 1299 1540 1363; baseline 0.001 -14"><span class='ocrx_word' id='word_1_184' title='bbox 66 1309 187 1350; x_wconf 83' lang='grc' dir='ltr'><em>νικᾶν</em></span> <span class='ocrx_word' id='word_1_185' title='bbox 217 1315 491 1353; x_wconf 86' lang='lat' dir='ltr'>monuerunt.</span> <span class='ocrx_word' id='word_1_186' title='bbox 550 1307 637 1349; x_wconf 88' lang='lat' dir='ltr'>Sed</span> <span class='ocrx_word' id='word_1_187' title='bbox 666 1322 804 1363; x_wconf 89' lang='lat' dir='ltr'>neque</span> <span class='ocrx_word' id='word_1_188' title='bbox 835 1306 947 1348; x_wconf 85' lang='lat' dir='ltr'>satis</span> <span class='ocrx_word' id='word_1_189' title='bbox 974 1313 1174 1348; x_wconf 83' lang='lat' dir='ltr'>accurate</span> <span class='ocrx_word' id='word_1_190' title='bbox 1203 1299 1441 1362; x_wconf 66' lang='grc' dir='ltr'><em>ὑπερνικᾶν</em></span> <span class='ocrx_word' id='word_1_191' title='bbox 1463 1322 1540 1350; x_wconf 85' lang='lat' dir='ltr'>ex-</span> 
     </span>
     <span class='ocr_line' id='line_1_21' title="bbox 68 1362 1540 1422; baseline 0.001 -16"><span class='ocrx_word' id='word_1_192' title='bbox 68 1372 310 1422; x_wconf 88' lang='lat' dir='ltr'>posuerunt</span> <span class='ocrx_word' id='word_1_193' title='bbox 338 1365 496 1422; x_wconf 76' lang='lat' dir='ltr'>facile,</span> <span class='ocrx_word' id='word_1_194' title='bbox 536 1365 626 1406; x_wconf 73' lang='lat' dir='ltr'>sine</span> <span class='ocrx_word' id='word_1_195' title='bbox 650 1363 793 1406; x_wconf 81' lang='lat' dir='ltr'>labore</span> <span class='ocrx_word' id='word_1_196' title='bbox 822 1378 874 1406; x_wconf 81' lang='lat' dir='ltr'>ac</span> <span class='ocrx_word' id='word_1_197' title='bbox 908 1362 1070 1418; x_wconf 74' lang='lat' dir='ltr'>neyote‘o</span> <span class='ocrx_word' id='word_1_198' title='bbox 1095 1363 1261 1405; x_wconf 78' lang='lat' dir='ltr'>vincere</span> <span class='ocrx_word' id='word_1_199' title='bbox 1287 1370 1331 1406; x_wconf 88' lang='lat' dir='ltr'>et</span> <span class='ocrx_word' id='word_1_200' title='bbox 1359 1365 1401 1406; x_wconf 91' lang='lat' dir='ltr'>in</span> <span class='ocrx_word' id='word_1_201' title='bbox 1434 1379 1475 1410; x_wconf 90' lang='lat' dir='ltr'>v.</span> <span class='ocrx_word' id='word_1_202' title='bbox 1494 1363 1540 1408; x_wconf 77' lang='grc' dir='ltr'>ἐν</span> 
     </span>
     <span class='ocr_line' id='line_1_22' title="bbox 66 1419 1543 1487; baseline 0.002 -25"><span class='ocrx_word' id='word_1_203' title='bbox 66 1419 244 1472; x_wconf 82' lang='grc' dir='ltr'><em>τούτοις</em></span> <span class='ocrx_word' id='word_1_204' title='bbox 282 1424 441 1470; x_wconf 83' lang='grc' dir='ltr'><em>πᾶσιν,</em></span> <span class='ocrx_word' id='word_1_205' title='bbox 492 1435 602 1477; x_wconf 84' lang='lat' dir='ltr'>quae</span> <span class='ocrx_word' id='word_1_206' title='bbox 642 1421 914 1487; x_wconf 80' lang='lat' dir='ltr'>explicarent</span> <span class='ocrx_word' id='word_1_207' title='bbox 946 1433 1026 1474; x_wconf 80' lang='lat' dir='ltr'>per</span> <span class='ocrx_word' id='word_1_208' title='bbox 1050 1419 1154 1462; x_wconf 80' lang='lat' dir='ltr'>haec</span> <span class='ocrx_word' id='word_1_209' title='bbox 1178 1422 1320 1463; x_wconf 79' lang='lat' dir='ltr'>omnia</span> <span class='ocrx_word' id='word_1_210' title='bbox 1346 1423 1543 1476; x_wconf 82' lang='lat' dir='ltr'>argutati</span> 
     </span>
     <span class='ocr_line' id='line_1_23' title="bbox 67 1476 1542 1535; baseline 0.001 -15"><span class='ocrx_word' id='word_1_211' title='bbox 67 1484 192 1531; x_wconf 86' lang='lat' dir='ltr'>sunt,</span> <span class='ocrx_word' id='word_1_212' title='bbox 264 1494 361 1521; x_wconf 92' lang='lat' dir='ltr'>uum</span> <span class='ocrx_word' id='word_1_213' title='bbox 393 1480 497 1521; x_wconf 82' lang='lat' dir='ltr'>haec</span> <span class='ocrx_word' id='word_1_214' title='bbox 522 1478 608 1519; x_wconf 87' lang='lat' dir='ltr'>dici</span> <span class='ocrx_word' id='word_1_215' title='bbox 639 1484 948 1535; x_wconf 76' lang='lat' dir='ltr'>opinarentur:</span> <span class='ocrx_word' id='word_1_216' title='bbox 986 1489 1036 1517; x_wconf 84' lang='lat' dir='ltr'>ea</span> <span class='ocrx_word' id='word_1_217' title='bbox 1069 1476 1164 1533; x_wconf 80' lang='lat' dir='ltr'>ipsa</span> <span class='ocrx_word' id='word_1_218' title='bbox 1196 1491 1308 1532; x_wconf 81' lang='lat' dir='ltr'>quae</span> <span class='ocrx_word' id='word_1_219' title='bbox 1326 1493 1404 1520; x_wconf 86' lang='lat' dir='ltr'>nos</span> <span class='ocrx_word' id='word_1_220' title='bbox 1422 1478 1542 1522; x_wconf 84' lang='lat' dir='ltr'>affli-</span> 
     </span>
     <span class='ocr_line' id='line_1_24' title="bbox 68 1533 1542 1592; baseline 0.001 -15"><span class='ocrx_word' id='word_1_221' title='bbox 68 1540 178 1589; x_wconf 85' lang='lat' dir='ltr'>gunt</span> <span class='ocrx_word' id='word_1_222' title='bbox 212 1550 235 1577; x_wconf 84' lang='lat' dir='ltr'>a</span> <span class='ocrx_word' id='word_1_223' title='bbox 273 1543 402 1578; x_wconf 88' lang='lat' dir='ltr'>erunt</span> <span class='ocrx_word' id='word_1_224' title='bbox 442 1535 567 1577; x_wconf 90' lang='lat' dir='ltr'>nobis</span> <span class='ocrx_word' id='word_1_225' title='bbox 603 1535 830 1577; x_wconf 73' lang='lat' dir='ltr'>victoriam</span> <span class='ocrx_word' id='word_1_226' title='bbox 865 1534 987 1575; x_wconf 88' lang='lat' dir='ltr'>nullo</span> <span class='ocrx_word' id='word_1_227' title='bbox 1025 1533 1199 1587; x_wconf 78' lang='lat' dir='ltr'>negotio</span> <span class='ocrx_word' id='word_1_228' title='bbox 1230 1536 1542 1592; x_wconf 78' lang='lat' dir='ltr'>reportandam</span> 
     </span>
     <span class='ocr_line' id='line_1_25' title="bbox 68 1587 1544 1652; baseline 0.001 -17"><span class='ocrx_word' id='word_1_229' title='bbox 68 1592 264 1648; x_wconf 75' lang='lat' dir='ltr'>(Chrys.‚</span> <span class='ocrx_word' id='word_1_230' title='bbox 307 1593 511 1647; x_wconf 61' lang='lat' dir='ltr'>Theoph„</span> <span class='ocrx_word' id='word_1_231' title='bbox 552 1592 688 1643; x_wconf 64' lang='lat' dir='ltr'>Oea).</span> <span class='ocrx_word' id='word_1_232' title='bbox 760 1590 834 1633; x_wconf 77' lang='grc' dir='ltr'>διὰ</span> <span class='ocrx_word' id='word_1_233' title='bbox 865 1592 945 1632; x_wconf 87' lang='grc' dir='ltr'><em>τοῦ</em></span> <span class='ocrx_word' id='word_1_234' title='bbox 973 1587 1040 1644; x_wconf 79' lang='grc' dir='ltr'>ἇγ.</span> <span class='ocrx_word' id='word_1_235' title='bbox 1072 1589 1197 1644; x_wconf 69' lang='grc' dir='ltr'><em>ἡμᾶς]</em></span> <span class='ocrx_word' id='word_1_236' title='bbox 1224 1606 1302 1647; x_wconf 80' lang='lat' dir='ltr'>per</span> <span class='ocrx_word' id='word_1_237' title='bbox 1322 1608 1440 1646; x_wconf 82' lang='lat' dir='ltr'>eum,</span> <span class='ocrx_word' id='word_1_238' title='bbox 1469 1595 1544 1652; x_wconf 74' lang='lat' dir='ltr'>qui</span> 
     </span>
     <span class='ocr_line' id='line_1_26' title="bbox 69 1646 1541 1699; baseline 0.001 -9"><span class='ocrx_word' id='word_1_239' title='bbox 69 1662 142 1690; x_wconf 80' lang='lat' dir='ltr'>nos</span> <span class='ocrx_word' id='word_1_240' title='bbox 175 1650 337 1692; x_wconf 73' lang='lat' dir='ltr'>amavit</span> <span class='ocrx_word' id='word_1_241' title='bbox 363 1650 406 1692; x_wconf 88' lang='lat' dir='ltr'>h.</span> <span class='ocrx_word' id='word_1_242' title='bbox 434 1664 473 1692; x_wconf 87' lang='lat' dir='ltr'>e.</span> <span class='ocrx_word' id='word_1_243' title='bbox 502 1649 670 1691; x_wconf 82' lang='lat' dir='ltr'>viribus</span> <span class='ocrx_word' id='word_1_244' title='bbox 697 1648 753 1689; x_wconf 84' lang='lat' dir='ltr'>ab</span> <span class='ocrx_word' id='word_1_245' title='bbox 784 1662 835 1689; x_wconf 90' lang='lat' dir='ltr'>eo</span> <span class='ocrx_word' id='word_1_246' title='bbox 865 1646 1006 1699; x_wconf 83' lang='lat' dir='ltr'>datis,</span> <span class='ocrx_word' id='word_1_247' title='bbox 1044 1647 1208 1688; x_wconf 84' lang='lat' dir='ltr'>auxilio</span> <span class='ocrx_word' id='word_1_248' title='bbox 1246 1649 1374 1691; x_wconf 89' lang='lat' dir='ltr'>nobis</span> <span class='ocrx_word' id='word_1_249' title='bbox 1403 1651 1459 1691; x_wconf 83' lang='lat' dir='ltr'>ab</span> <span class='ocrx_word' id='word_1_250' title='bbox 1487 1665 1541 1693; x_wconf 90' lang='lat' dir='ltr'>eo</span> 
     </span>
     <span class='ocr_line' id='line_1_27' title="bbox 70 1703 1543 1761; baseline 0.002 -14"><span class='ocrx_word' id='word_1_251' title='bbox 70 1706 176 1750; x_wconf 82' lang='lat' dir='ltr'>lato.</span> <span class='ocrx_word' id='word_1_252' title='bbox 235 1706 411 1748; x_wconf 80' lang='lat' dir='ltr'>Dicitur</span> <span class='ocrx_word' id='word_1_253' title='bbox 435 1707 550 1748; x_wconf 79' lang='lat' dir='ltr'>Deus</span> <span class='ocrx_word' id='word_1_254' title='bbox 567 1709 672 1759; x_wconf 89' lang='lat' dir='ltr'>(non</span> <span class='ocrx_word' id='word_1_255' title='bbox 696 1705 902 1748; x_wconf 83' lang='lat' dir='ltr'>Christus</span> <span class='ocrx_word' id='word_1_256' title='bbox 923 1718 963 1747; x_wconf 82' lang='lat' dir='ltr'>v.</span> <span class='ocrx_word' id='word_1_257' title='bbox 984 1710 1073 1746; x_wconf 88' lang='lat' dir='ltr'>not.</span> <span class='ocrx_word' id='word_1_258' title='bbox 1093 1703 1147 1744; x_wconf 77' lang='lat' dir='ltr'>ad</span> <span class='ocrx_word' id='word_1_259' title='bbox 1167 1719 1206 1748; x_wconf 85' lang='lat' dir='ltr'>v.</span> <span class='ocrx_word' id='word_1_260' title='bbox 1227 1705 1323 1761; x_wconf 85' lang='lat'><strong>25.)</strong></span> <span class='ocrx_word' id='word_1_261' title='bbox 1342 1711 1386 1748; x_wconf 86' lang='lat' dir='ltr'>et</span> <span class='ocrx_word' id='word_1_262' title='bbox 1403 1708 1543 1750; x_wconf 85' lang='lat' dir='ltr'>Aeri-</span> 
     </span>
     <span class='ocr_line' id='line_1_28' title="bbox 68 1760 1542 1820; baseline 0.003 -16"><span class='ocrx_word' id='word_1_263' title='bbox 68 1766 137 1804; x_wconf 86' lang='lat' dir='ltr'>sto</span> <span class='ocrx_word' id='word_1_264' title='bbox 167 1761 221 1803; x_wconf 80' lang='lat' dir='ltr'>ad</span> <span class='ocrx_word' id='word_1_265' title='bbox 249 1763 419 1806; x_wconf 79' lang='lat' dir='ltr'>Christi</span> <span class='ocrx_word' id='word_1_266' title='bbox 446 1762 709 1819; x_wconf 83' lang='lat' dir='ltr'>supplicium</span> <span class='ocrx_word' id='word_1_267' title='bbox 740 1760 980 1813; x_wconf 75' lang='lat' dir='ltr'>alluditur,</span> <span class='ocrx_word' id='word_1_268' title='bbox 1020 1775 1105 1817; x_wconf 86' lang='lat' dir='ltr'>quo</span> <span class='ocrx_word' id='word_1_269' title='bbox 1137 1761 1257 1803; x_wconf 89' lang='lat' dir='ltr'>Deus</span> <span class='ocrx_word' id='word_1_270' title='bbox 1288 1779 1413 1806; x_wconf 84' lang='lat' dir='ltr'>suum</span> <span class='ocrx_word' id='word_1_271' title='bbox 1435 1779 1542 1820; x_wconf 82' lang='lat' dir='ltr'>erga</span> 
     </span>
     <span class='ocr_line' id='line_1_29' title="bbox 69 1817 1544 1875; baseline 0.003 -16"><span class='ocrx_word' id='word_1_272' title='bbox 69 1833 148 1859; x_wconf 89' lang='lat' dir='ltr'>nos</span> <span class='ocrx_word' id='word_1_273' title='bbox 169 1834 359 1861; x_wconf 80' lang='lat' dir='ltr'>anmrem</span> <span class='ocrx_word' id='word_1_274' title='bbox 381 1819 674 1862; x_wconf 77' lang='lat' dir='ltr'>manifestavit</span> <span class='ocrx_word' id='word_1_275' title='bbox 694 1820 756 1875; x_wconf 76' lang='lat' dir='ltr'>(V.</span> <span class='ocrx_word' id='word_1_276' title='bbox 776 1832 817 1861; x_wconf 75' lang='lat' dir='ltr'>V.</span> <span class='ocrx_word' id='word_1_277' title='bbox 838 1818 908 1862; x_wconf 88' lang='grc'>32.</span> <span class='ocrx_word' id='word_1_278' title='bbox 931 1817 1032 1861; x_wconf 87' lang='lat' dir='ltr'><strong>Joh.</strong></span> <span class='ocrx_word' id='word_1_279' title='bbox 1055 1817 1096 1869; x_wconf 88' lang='lat'>3,</span> <span class='ocrx_word' id='word_1_280' title='bbox 1114 1819 1213 1874; x_wconf 78' lang='lat'>10.).</span> <span class='ocrx_word' id='word_1_281' title='bbox 1282 1820 1441 1864; x_wconf 78' lang='lat' dir='ltr'>Rueck.</span> <span class='ocrx_word' id='word_1_282' title='bbox 1465 1820 1544 1864; x_wconf 79' lang='grc' dir='ltr'>τὸν</span> 
     </span>
     <span class='ocr_line' id='line_1_30' title="bbox 68 1873 1542 1931; baseline 0.003 -15"><span class='ocrx_word' id='word_1_283' title='bbox 68 1873 358 1930; x_wconf 68' lang='grc' dir='ltr'><em>ἀγαπήσαντα</em></span> <span class='ocrx_word' id='word_1_284' title='bbox 390 1876 602 1918; x_wconf 73' lang='lat' dir='ltr'>Christum</span> <span class='ocrx_word' id='word_1_285' title='bbox 630 1875 776 1916; x_wconf 83' lang='lat' dir='ltr'>vocari</span> <span class='ocrx_word' id='word_1_286' title='bbox 812 1875 1004 1931; x_wconf 82' lang='lat' dir='ltr'>putavit,</span> <span class='ocrx_word' id='word_1_287' title='bbox 1049 1881 1139 1916; x_wconf 88' lang='lat' dir='ltr'>tum</span> <span class='ocrx_word' id='word_1_288' title='bbox 1174 1876 1289 1931; x_wconf 86' lang='lat' dir='ltr'>quod</span> <span class='ocrx_word' id='word_1_289' title='bbox 1336 1877 1542 1921; x_wconf 82' lang='lat' dir='ltr'>Christus</span> 
     </span>
     <span class='ocr_line' id='line_1_31' title="bbox 72 1930 1541 1987; baseline 0.002 -13"><span class='ocrx_word' id='word_1_290' title='bbox 72 1930 211 1974; x_wconf 78' lang='lat' dir='ltr'>Paulo</span> <span class='ocrx_word' id='word_1_291' title='bbox 233 1932 271 1973; x_wconf 85' lang='lat' dir='ltr'>is</span> <span class='ocrx_word' id='word_1_292' title='bbox 300 1932 381 1983; x_wconf 82' lang='lat' dir='ltr'>sit,</span> <span class='ocrx_word' id='word_1_293' title='bbox 419 1946 495 1985; x_wconf 79' lang='lat' dir='ltr'>per</span> <span class='ocrx_word' id='word_1_294' title='bbox 514 1946 640 1986; x_wconf 84' lang='lat' dir='ltr'>quem</span> <span class='ocrx_word' id='word_1_295' title='bbox 664 1932 787 1974; x_wconf 89' lang='lat' dir='ltr'>Deus</span> <span class='ocrx_word' id='word_1_296' title='bbox 808 1932 1003 1974; x_wconf 75' lang='lat' dir='ltr'>Salutem</span> <span class='ocrx_word' id='word_1_297' title='bbox 1033 1931 1158 1972; x_wconf 89' lang='lat' dir='ltr'>nobis</span> <span class='ocrx_word' id='word_1_298' title='bbox 1208 1934 1422 1987; x_wconf 79' lang='lat' dir='ltr'>araverit,</span> <span class='ocrx_word' id='word_1_299' title='bbox 1448 1942 1541 1977; x_wconf 83' lang='lat' dir='ltr'>tum</span> 
     </span>
     <span class='ocr_line' id='line_1_32' title="bbox 68 1986 1542 2046; baseline 0.004 -17"><span class='ocrx_word' id='word_1_300' title='bbox 68 1994 250 2046; x_wconf 85' lang='lat' dir='ltr'>propter</span> <span class='ocrx_word' id='word_1_301' title='bbox 269 1986 386 2031; x_wconf 86' lang='lat' dir='ltr'>Phil.</span> <span class='ocrx_word' id='word_1_302' title='bbox 414 1989 457 2039; x_wconf 85' lang='lat'>4,</span> <span class='ocrx_word' id='word_1_303' title='bbox 481 1987 569 2032; x_wconf 88' lang='lat'><strong>13..</strong></span> <span class='ocrx_word' id='word_1_304' title='bbox 625 1990 694 2031; x_wconf 88' lang='lat' dir='ltr'>At</span> <span class='ocrx_word' id='word_1_305' title='bbox 716 1988 758 2032; x_wconf 75' lang='lat' dir='ltr'>li.</span> <span class='ocrx_word' id='word_1_306' title='bbox 777 1988 806 2029; x_wconf 91' lang='lat' dir='ltr'>l.</span> <span class='ocrx_word' id='word_1_307' title='bbox 828 1987 882 2029; x_wconf 88' lang='lat' dir='ltr'>de</span> <span class='ocrx_word' id='word_1_308' title='bbox 903 1987 1046 2029; x_wconf 84' lang='lat' dir='ltr'>salute</span> <span class='ocrx_word' id='word_1_309' title='bbox 1073 2002 1150 2043; x_wconf 88' lang='lat' dir='ltr'>per</span> <span class='ocrx_word' id='word_1_310' title='bbox 1192 1988 1396 2031; x_wconf 59' lang='lat' dir='ltr'>*hristum</span> <span class='ocrx_word' id='word_1_311' title='bbox 1414 1992 1542 2035; x_wconf 88' lang='lat' dir='ltr'>nobis</span> 
     </span>
     <span class='ocr_line' id='line_1_33' title="bbox 69 2042 1542 2104; baseline 0.003 -18"><span class='ocrx_word' id='word_1_312' title='bbox 69 2046 195 2102; x_wconf 62' lang='lat' dir='ltr'>partin</span> <span class='ocrx_word' id='word_1_313' title='bbox 228 2059 311 2086; x_wconf 91' lang='lat' dir='ltr'>non</span> <span class='ocrx_word' id='word_1_314' title='bbox 331 2045 477 2098; x_wconf 80' lang='lat' dir='ltr'>agitur</span> <span class='ocrx_word' id='word_1_315' title='bbox 495 2046 557 2099; x_wconf 83' lang='lat' dir='ltr'>(v.</span> <span class='ocrx_word' id='word_1_316' title='bbox 579 2047 751 2100; x_wconf 87' lang='lat' dir='ltr'>supra).</span> <span class='ocrx_word' id='word_1_317' title='bbox 813 2042 923 2084; x_wconf 85' lang='lat' dir='ltr'>Item</span> <span class='ocrx_word' id='word_1_318' title='bbox 953 2044 1139 2084; x_wconf 81' lang='lat' dir='ltr'>alterum</span> <span class='ocrx_word' id='word_1_319' title='bbox 1163 2044 1389 2089; x_wconf 66' lang='lat' dir='ltr'>Receclferti</span> <span class='ocrx_word' id='word_1_320' title='bbox 1409 2063 1542 2104; x_wconf 82' lang='lat' dir='ltr'>argu-</span> 
     </span>
     <span class='ocr_line' id='line_1_34' title="bbox 69 2098 1542 2150; baseline 0.003 -6"><span class='ocrx_word' id='word_1_321' title='bbox 69 2107 257 2144; x_wconf 84' lang='lat' dir='ltr'>mentum</span> <span class='ocrx_word' id='word_1_322' title='bbox 276 2107 477 2143; x_wconf 76' lang='lat' dir='ltr'>contexta</span> <span class='ocrx_word' id='word_1_323' title='bbox 499 2101 640 2142; x_wconf 84' lang='lat' dir='ltr'>oratio</span> <span class='ocrx_word' id='word_1_324' title='bbox 661 2100 902 2150; x_wconf 71' lang='lat' dir='ltr'>redarguit.</span> <span class='ocrx_word' id='word_1_325' title='bbox 953 2098 1104 2141; x_wconf 80' lang='lat' dir='ltr'>Potest</span> <span class='ocrx_word' id='word_1_326' title='bbox 1124 2115 1229 2143; x_wconf 83' lang='lat' dir='ltr'>sane</span> <span class='ocrx_word' id='word_1_327' title='bbox 1247 2104 1386 2144; x_wconf 84' lang='lat' dir='ltr'>altera</span> <span class='ocrx_word' id='word_1_328' title='bbox 1409 2106 1542 2148; x_wconf 90' lang='lat' dir='ltr'>lectio</span> 
     </span>
     <span class='ocr_line' id='line_1_35' title="bbox 68 2153 1543 2219; baseline 0.001 -20"><span class='ocrx_word' id='word_1_329' title='bbox 68 2158 144 2199; x_wconf 79' lang='grc' dir='ltr'>διὰ</span> <span class='ocrx_word' id='word_1_330' title='bbox 179 2154 255 2200; x_wconf 67' lang='grc' dir='ltr'>τᾶν</span> <span class='ocrx_word' id='word_1_331' title='bbox 294 2155 581 2214; x_wconf 58' lang='grc' dir='ltr'><em>ἀγαπήσαντα</em></span> <span class='ocrx_word' id='word_1_332' title='bbox 614 2153 723 2213; x_wconf 63' lang='grc' dir='ltr'>’ζμᾶς</span> <span class='ocrx_word' id='word_1_333' title='bbox 759 2156 841 2214; x_wconf 85' lang='grc' dir='ltr'><strong>(Ι).</strong></span> <span class='ocrx_word' id='word_1_334' title='bbox 873 2156 922 2199; x_wconf 85' lang='grc' dir='ltr'>Ε.</span> <span class='ocrx_word' id='word_1_335' title='bbox 956 2155 1006 2199; x_wconf 87' lang='lat' dir='ltr'>F.</span> <span class='ocrx_word' id='word_1_336' title='bbox 1034 2157 1089 2200; x_wconf 77' lang='lat' dir='ltr'>G.</span> <span class='ocrx_word' id='word_1_337' title='bbox 1123 2157 1258 2213; x_wconf 83' lang='lat' dir='ltr'>Vulg.</span> <span class='ocrx_word' id='word_1_338' title='bbox 1290 2161 1395 2215; x_wconf 77' lang='lat' dir='ltr'>aL),</span> <span class='ocrx_word' id='word_1_339' title='bbox 1430 2177 1543 2219; x_wconf 77' lang='lat' dir='ltr'>quae</span> 
     </span>
     <span class='ocr_line' id='line_1_36' title="bbox 69 2213 1543 2276; baseline 0.003 -18"><span class='ocrx_word' id='word_1_340' title='bbox 69 2215 210 2258; x_wconf 78' lang='lat' dir='ltr'><em>Minio</em></span> <span class='ocrx_word' id='word_1_341' title='bbox 235 2213 357 2259; x_wconf 88' lang='lat' dir='ltr'>Prol.</span> <span class='ocrx_word' id='word_1_342' title='bbox 380 2217 420 2268; x_wconf 58' lang='grc' dir='ltr'>ξ.</span> <span class='ocrx_word' id='word_1_343' title='bbox 443 2215 544 2256; x_wconf 80' lang='grc'><strong>452.</strong></span> <span class='ocrx_word' id='word_1_344' title='bbox 567 2215 755 2269; x_wconf 76' lang='lat' dir='ltr'>placuit,</span> <span class='ocrx_word' id='word_1_345' title='bbox 786 2214 847 2253; x_wconf 82' lang='lat' dir='ltr'>sic</span> <span class='ocrx_word' id='word_1_346' title='bbox 869 2213 1103 2269; x_wconf 85' lang='lat' dir='ltr'>explicari:</span> <span class='ocrx_word' id='word_1_347' title='bbox 1138 2221 1314 2270; x_wconf 72' lang='lat' dir='ltr'>propter</span> <span class='ocrx_word' id='word_1_348' title='bbox 1332 2232 1439 2269; x_wconf 79' lang='lat' dir='ltr'>enm,</span> <span class='ocrx_word' id='word_1_349' title='bbox 1470 2221 1543 2276; x_wconf 78' lang='lat' dir='ltr'>qui</span> 
     </span>
     <span class='ocr_line' id='line_1_37' title="bbox 66 2270 1540 2328; baseline 0.003 -15"><span class='ocrx_word' id='word_1_350' title='bbox 66 2286 143 2314; x_wconf 76' lang='lat' dir='ltr'>nos</span> <span class='ocrx_word' id='word_1_351' title='bbox 169 2273 332 2315; x_wconf 72' lang='lat' dir='ltr'>amavit</span> <span class='ocrx_word' id='word_1_352' title='bbox 364 2272 406 2314; x_wconf 87' lang='lat' dir='ltr'>h.</span> <span class='ocrx_word' id='word_1_353' title='bbox 437 2286 475 2314; x_wconf 86' lang='lat' dir='ltr'>e.</span> <span class='ocrx_word' id='word_1_354' title='bbox 507 2273 605 2327; x_wconf 74' lang='lat' dir='ltr'>quia</span> <span class='ocrx_word' id='word_1_355' title='bbox 633 2285 756 2327; x_wconf 88' lang='lat' dir='ltr'>opem</span> <span class='ocrx_word' id='word_1_356' title='bbox 789 2270 913 2311; x_wconf 86' lang='lat' dir='ltr'>nobis</span> <span class='ocrx_word' id='word_1_357' title='bbox 947 2271 1033 2311; x_wconf 84' lang='lat' dir='ltr'>sert</span> <span class='ocrx_word' id='word_1_358' title='bbox 1065 2271 1138 2326; x_wconf 88' lang='lat' dir='ltr'>qui</span> <span class='ocrx_word' id='word_1_359' title='bbox 1168 2286 1244 2313; x_wconf 75' lang='lat' dir='ltr'>nos</span> <span class='ocrx_word' id='word_1_360' title='bbox 1278 2275 1461 2328; x_wconf 68' lang='lat' dir='ltr'>anlavit,</span> <span class='ocrx_word' id='word_1_361' title='bbox 1491 2283 1540 2318; x_wconf 84' lang='lat' dir='ltr'>ut</span> 
     </span>
     <span class='ocr_line' id='line_1_38' title="bbox 69 2326 1541 2384; baseline 0.003 -14"><span class='ocrx_word' id='word_1_362' title='bbox 69 2329 148 2370; x_wconf 88' lang='lat' dir='ltr'>hoc</span> <span class='ocrx_word' id='word_1_363' title='bbox 169 2343 254 2370; x_wconf 88' lang='lat' dir='ltr'>uno</span> <span class='ocrx_word' id='word_1_364' title='bbox 276 2343 298 2369; x_wconf 81' lang='lat' dir='ltr'>a</span> <span class='ocrx_word' id='word_1_365' title='bbox 321 2329 494 2383; x_wconf 67' lang='lat' dir='ltr'>vulgata</span> <span class='ocrx_word' id='word_1_366' title='bbox 519 2328 737 2384; x_wconf 73' lang='lat' dir='ltr'>scriptura</span> <span class='ocrx_word' id='word_1_367' title='bbox 761 2326 1003 2384; x_wconf 83' lang='lat' dir='ltr'>discrepet,</span> <span class='ocrx_word' id='word_1_368' title='bbox 1035 2328 1147 2383; x_wconf 84' lang='lat' dir='ltr'>quod</span> <span class='ocrx_word' id='word_1_369' title='bbox 1183 2329 1322 2370; x_wconf 73' lang='lat' dir='ltr'>minus</span> <span class='ocrx_word' id='word_1_370' title='bbox 1343 2331 1541 2374; x_wconf 74' lang='lat' dir='ltr'>distincte</span> 
     </span>
     <span class='ocr_line' id='line_1_39' title="bbox 67 2384 1542 2441; baseline 0.003 -15"><span class='ocrx_word' id='word_1_371' title='bbox 67 2399 159 2427; x_wconf 85' lang='lat' dir='ltr'>rem</span> <span class='ocrx_word' id='word_1_372' title='bbox 202 2385 416 2427; x_wconf 83' lang='lat' dir='ltr'>enuntiet.</span> <span class='ocrx_word' id='word_1_373' title='bbox 490 2385 557 2426; x_wconf 83' lang='lat' dir='ltr'>At</span> <span class='ocrx_word' id='word_1_374' title='bbox 593 2385 732 2440; x_wconf 86' lang='lat' dir='ltr'>primo</span> <span class='ocrx_word' id='word_1_375' title='bbox 765 2399 886 2425; x_wconf 89' lang='lat' dir='ltr'>nemo</span> <span class='ocrx_word' id='word_1_376' title='bbox 927 2384 1155 2425; x_wconf 86' lang='lat' dir='ltr'>lectionem</span> <span class='ocrx_word' id='word_1_377' title='bbox 1189 2400 1298 2440; x_wconf 87' lang='lat' dir='ltr'>quae</span> <span class='ocrx_word' id='word_1_378' title='bbox 1336 2389 1542 2441; x_wconf 77' lang='lat' dir='ltr'>vulgatur</span> 
     </span>
     <span class='ocr_line' id='line_1_40' title="bbox 67 2439 1539 2496; baseline 0.003 -12"><span class='ocrx_word' id='word_1_379' title='bbox 67 2441 331 2493; x_wconf 87' lang='lat' dir='ltr'>Clementis,</span> <span class='ocrx_word' id='word_1_380' title='bbox 372 2441 606 2493; x_wconf 72' lang='lat' dir='ltr'>origenis,</span> <span class='ocrx_word' id='word_1_381' title='bbox 658 2440 763 2496; x_wconf 87' lang='lat' dir='ltr'>Syri</span> <span class='ocrx_word' id='word_1_382' title='bbox 791 2446 834 2480; x_wconf 81' lang='lat' dir='ltr'>et.</span> <span class='ocrx_word' id='word_1_383' title='bbox 862 2446 927 2482; x_wconf 87' lang='lat' dir='ltr'>tot</span> <span class='ocrx_word' id='word_1_384' title='bbox 957 2439 1067 2484; x_wconf 87' lang='lat' dir='ltr'>Cdd.</span> <span class='ocrx_word' id='word_1_385' title='bbox 1096 2443 1346 2484; x_wconf 83' lang='lat' dir='ltr'>testimonis</span> <span class='ocrx_word' id='word_1_386' title='bbox 1385 2445 1539 2488; x_wconf 82' lang='lat' dir='ltr'>fultam</span> 
     </span>
     <span class='ocr_line' id='line_1_41' title="bbox 64 2497 1540 2556; baseline 0.005 -17"><span class='ocrx_word' id='word_1_387' title='bbox 64 2504 342 2556; x_wconf 77' lang='lat' dir='ltr'>aspernetur.</span> <span class='ocrx_word' id='word_1_388' title='bbox 404 2497 574 2539; x_wconf 87' lang='lat' dir='ltr'>Deinde</span> <span class='ocrx_word' id='word_1_389' title='bbox 599 2498 640 2538; x_wconf 91' lang='lat' dir='ltr'>in</span> <span class='ocrx_word' id='word_1_390' title='bbox 666 2505 836 2553; x_wconf 85' lang='lat' dir='ltr'>promtu</span> <span class='ocrx_word' id='word_1_391' title='bbox 865 2505 954 2547; x_wconf 87' lang='lat' dir='ltr'>est,</span> <span class='ocrx_word' id='word_1_392' title='bbox 994 2499 1285 2540; x_wconf 75' lang='lat' dir='ltr'>accusativum</span> <span class='ocrx_word' id='word_1_393' title='bbox 1317 2507 1391 2542; x_wconf 82' lang='lat' dir='ltr'>aut</span> <span class='ocrx_word' id='word_1_394' title='bbox 1422 2502 1540 2546; x_wconf 83' lang='lat' dir='ltr'>inve-</span> 
     </span>
     <span class='ocr_line' id='line_1_42' title="bbox 65 2553 1539 2610; baseline 0.002 -14"><span class='ocrx_word' id='word_1_395' title='bbox 65 2562 180 2596; x_wconf 87' lang='lat' dir='ltr'>ctum</span> <span class='ocrx_word' id='word_1_396' title='bbox 207 2569 304 2596; x_wconf 86' lang='lat' dir='ltr'>esse</span> <span class='ocrx_word' id='word_1_397' title='bbox 337 2554 391 2596; x_wconf 87' lang='lat' dir='ltr'>ab</span> <span class='ocrx_word' id='word_1_398' title='bbox 424 2555 502 2606; x_wconf 85' lang='lat' dir='ltr'>iis,</span> <span class='ocrx_word' id='word_1_399' title='bbox 544 2554 617 2609; x_wconf 84' lang='lat' dir='ltr'>qui</span> <span class='ocrx_word' id='word_1_400' title='bbox 645 2569 683 2596; x_wconf 75' lang='lat' dir='ltr'>v.</span> <span class='ocrx_word' id='word_1_401' title='bbox 711 2554 782 2598; x_wconf 86' lang='lat'>35.</span> <span class='ocrx_word' id='word_1_402' title='bbox 808 2569 906 2610; x_wconf 85' lang='lat' dir='ltr'><strong>sqq.</strong></span> <span class='ocrx_word' id='word_1_403' title='bbox 937 2553 990 2594; x_wconf 90' lang='lat' dir='ltr'>de</span> <span class='ocrx_word' id='word_1_404' title='bbox 1019 2560 1168 2596; x_wconf 80' lang='lat' dir='ltr'>nostro</span> <span class='ocrx_word' id='word_1_405' title='bbox 1190 2570 1291 2608; x_wconf 78' lang='lat' dir='ltr'>erga</span> <span class='ocrx_word' id='word_1_406' title='bbox 1315 2558 1539 2602; x_wconf 77' lang='lat' dir='ltr'>Christum</span> 
     </span>
     <span class='ocr_line' id='line_1_43' title="bbox 66 2611 1539 2666; baseline 0.003 -13"><span class='ocrx_word' id='word_1_407' title='bbox 66 2626 213 2653; x_wconf 82' lang='lat' dir='ltr'>amore</span> <span class='ocrx_word' id='word_1_408' title='bbox 241 2611 403 2653; x_wconf 87' lang='lat' dir='ltr'>disseri</span> <span class='ocrx_word' id='word_1_409' title='bbox 435 2611 750 2662; x_wconf 83' lang='lat' dir='ltr'>credidissent,</span> <span class='ocrx_word' id='word_1_410' title='bbox 797 2617 872 2651; x_wconf 83' lang='lat' dir='ltr'>aut</span> <span class='ocrx_word' id='word_1_411' title='bbox 907 2611 1061 2651; x_wconf 82' lang='lat' dir='ltr'>saltem</span> <span class='ocrx_word' id='word_1_412' title='bbox 1098 2611 1163 2666; x_wconf 76' lang='lat' dir='ltr'>(id</span> <span class='ocrx_word' id='word_1_413' title='bbox 1201 2613 1313 2654; x_wconf 86' lang='lat' dir='ltr'>enim</span> <span class='ocrx_word' id='word_1_414' title='bbox 1352 2615 1539 2658; x_wconf 80' lang='lat' dir='ltr'>historia</span> 
     </span>
     <span class='ocr_line' id='line_1_44' title="bbox 65 2668 1539 2728; baseline 0.003 -19"><span class='ocrx_word' id='word_1_415' title='bbox 65 2670 302 2721; x_wconf 82' lang='lat' dir='ltr'>testatur),</span> <span class='ocrx_word' id='word_1_416' title='bbox 334 2682 465 2724; x_wconf 80' lang='lat' dir='ltr'>quum</span> <span class='ocrx_word' id='word_1_417' title='bbox 488 2682 582 2708; x_wconf 87' lang='lat' dir='ltr'>enm</span> <span class='ocrx_word' id='word_1_418' title='bbox 605 2668 758 2708; x_wconf 77' lang='lat' dir='ltr'>calami</span> <span class='ocrx_word' id='word_1_419' title='bbox 780 2681 904 2707; x_wconf 85' lang='lat' dir='ltr'>error</span> <span class='ocrx_word' id='word_1_420' title='bbox 928 2668 1186 2723; x_wconf 76' lang='lat' dir='ltr'>peperisset,</span> <span class='ocrx_word' id='word_1_421' title='bbox 1217 2669 1349 2710; x_wconf 84' lang='lat' dir='ltr'>fotum</span> <span class='ocrx_word' id='word_1_422' title='bbox 1373 2678 1416 2712; x_wconf 83' lang='lat' dir='ltr'>et</span> <span class='ocrx_word' id='word_1_423' title='bbox 1437 2687 1539 2728; x_wconf 91' lang='lat' dir='ltr'>pro—</span> 
     </span>
     <span class='ocr_line' id='line_1_45' title="bbox 65 2723 1539 2781; baseline 0.004 -17"><span class='ocrx_word' id='word_1_424' title='bbox 65 2731 268 2781; x_wconf 80' lang='lat' dir='ltr'>pagatum</span> <span class='ocrx_word' id='word_1_425' title='bbox 290 2727 492 2781; x_wconf 83' lang='lat' dir='ltr'>(propter</span> <span class='ocrx_word' id='word_1_426' title='bbox 513 2739 609 2765; x_wconf 87' lang='lat' dir='ltr'>eum</span> <span class='ocrx_word' id='word_1_427' title='bbox 630 2723 704 2779; x_wconf 79' lang='lat' dir='ltr'>qui</span> <span class='ocrx_word' id='word_1_428' title='bbox 724 2738 800 2765; x_wconf 85' lang='lat' dir='ltr'>nos</span> <span class='ocrx_word' id='word_1_429' title='bbox 823 2725 984 2764; x_wconf 77' lang='lat' dir='ltr'>amavit</span> <span class='ocrx_word' id='word_1_430' title='bbox 1018 2724 1046 2766; x_wconf 94' lang='lat' dir='ltr'>i.</span> <span class='ocrx_word' id='word_1_431' title='bbox 1068 2739 1110 2779; x_wconf 84' lang='lat' dir='ltr'>q.</span> <span class='ocrx_word' id='word_1_432' title='bbox 1131 2739 1276 2768; x_wconf 78' lang='lat' dir='ltr'>amore</span> <span class='ocrx_word' id='word_1_433' title='bbox 1296 2741 1396 2780; x_wconf 79' lang='lat' dir='ltr'>erqu</span> <span class='ocrx_word' id='word_1_434' title='bbox 1419 2729 1539 2772; x_wconf 73' lang='lat' dir='ltr'>Chre·-</span> 
     </span>
     <span class='ocr_line' id='line_1_46' title="bbox 65 2781 1540 2840; baseline 0.004 -18"><span class='ocrx_word' id='word_1_435' title='bbox 65 2786 177 2822; x_wconf 74' lang='lat' dir='ltr'>stum</span> <span class='ocrx_word' id='word_1_436' title='bbox 207 2781 310 2823; x_wconf 78' lang='lat' dir='ltr'>moti</span> <span class='ocrx_word' id='word_1_437' title='bbox 337 2782 465 2822; x_wconf 78' lang='lat' dir='ltr'>facile</span> <span class='ocrx_word' id='word_1_438' title='bbox 496 2782 598 2821; x_wconf 80' lang='lat' dir='ltr'>haec</span> <span class='ocrx_word' id='word_1_439' title='bbox 629 2781 769 2821; x_wconf 75' lang='lat' dir='ltr'>cinnia</span> <span class='ocrx_word' id='word_1_440' title='bbox 801 2781 911 2821; x_wconf 80' lang='lat' dir='ltr'>mala</span> <span class='ocrx_word' id='word_1_441' title='bbox 941 2784 1234 2836; x_wconf 75' lang='lat' dir='ltr'>supermnus).</span> <span class='ocrx_word' id='word_1_442' title='bbox 1299 2786 1449 2840; x_wconf 84' lang='lat' dir='ltr'>ltaque</span> <span class='ocrx_word' id='word_1_443' title='bbox 1468 2799 1540 2827; x_wconf 82' lang='lat' dir='ltr'>ar·</span> 
     </span>
     <span class='ocr_line' id='line_1_47' title="bbox 66 2836 1539 2895; baseline 0.005 -16"><span class='ocrx_word' id='word_1_444' title='bbox 66 2844 344 2892; x_wconf 85' lang='lat' dir='ltr'>gumeutum,</span> <span class='ocrx_word' id='word_1_445' title='bbox 374 2851 458 2894; x_wconf 85' lang='lat' dir='ltr'>quo</span> <span class='ocrx_word' id='word_1_446' title='bbox 479 2836 598 2882; x_wconf 71' lang='lat' dir='ltr'>Mill.</span> <span class='ocrx_word' id='word_1_447' title='bbox 620 2838 932 2881; x_wconf 67' lang='lat' dir='ltr'>Accusativum</span> <span class='ocrx_word' id='word_1_448' title='bbox 961 2836 1192 2881; x_wconf 77' lang='lat' dir='ltr'>defendere</span> <span class='ocrx_word' id='word_1_449' title='bbox 1214 2839 1407 2895; x_wconf 86' lang='lat' dir='ltr'>studuit,</span> <span class='ocrx_word' id='word_1_450' title='bbox 1435 2856 1539 2886; x_wconf 87' lang='lat' dir='ltr'>con-</span> 
     </span>
    </p>
   </div>
  </div>
 </body>
</html>
