<?xml version="1.0" encoding="UTF-8"?>
<!DOCTYPE html PUBLIC "-//W3C//DTD XHTML 1.0 Transitional//EN"
    "http://www.w3.org/TR/xhtml1/DTD/xhtml1-transitional.dtd">
<html xmlns="http://www.w3.org/1999/xhtml" xml:lang="en" lang="en">
 <head>
  <title>
</title>
<meta http-equiv="Content-Type" content="text/html;charset=utf-8" />
  <meta name='ocr-system' content='tesseract 3.04.00' />
  <meta name='ocr-capabilities' content='ocr_page ocr_carea ocr_par ocr_line ocrx_word'/>
</head>
<body>
  <div class='ocr_page' id='page_1' title='image "./pauliadromanosep02frituoft/pauliadromanosep02frituoft_0408.png"; bbox 0 0 1715 3115; ppageno 0'>
   <div class='ocr_carea' id='block_1_1' title="bbox 135 162 1320 212">
    <p class='ocr_par' dir='ltr' id='par_1_1' title="bbox 135 162 1320 212">
     <span class='ocr_line' id='line_1_1' title="bbox 135 162 1320 212; baseline 0.001 -5"><span class='ocrx_word' id='word_1_1' title='bbox 135 162 224 207; x_wconf 72' lang='lat'><strong>394</strong></span> <span class='ocrx_word' id='word_1_2' title='bbox 411 162 791 210; x_wconf 77' lang='lat' dir='ltr'><strong>EPlSTOLA</strong></span> <span class='ocrx_word' id='word_1_3' title='bbox 821 163 923 212; x_wconf 86' lang='lat' dir='ltr'><strong>AD</strong></span> <span class='ocrx_word' id='word_1_4' title='bbox 955 162 1320 208; x_wconf 82' lang='lat' dir='ltr'><strong>ROMANOS</strong></span> 
     </span>
    </p>
   </div>
   <div class='ocr_carea' id='block_1_2' title="bbox 128 268 1600 2076">
    <p class='ocr_par' dir='ltr' id='par_1_2' title="bbox 133 268 1598 437">
     <span class='ocr_line' id='line_1_2' title="bbox 133 268 1598 328; baseline 0.002 -17"><span class='ocrx_word' id='word_1_5' title='bbox 133 270 270 322; x_wconf 78' lang='lat'><strong>2,9...</strong></span> <span class='ocrx_word' id='word_1_6' title='bbox 306 268 474 314; x_wconf 80' lang='lat' dir='ltr'><strong>Verum</strong></span> <span class='ocrx_word' id='word_1_7' title='bbox 495 270 608 311; x_wconf 82' lang='lat' dir='ltr'><strong>enim</strong></span> <span class='ocrx_word' id='word_1_8' title='bbox 630 269 963 324; x_wconf 51' lang='lat' dir='ltr'><strong>vernam-immina</strong></span> <span class='ocrx_word' id='word_1_9' title='bbox 993 268 1218 315; x_wconf 76' lang='lat' dir='ltr'><strong>doctrinae</strong></span> <span class='ocrx_word' id='word_1_10' title='bbox 1246 270 1598 328; x_wconf 73' lang='lat' dir='ltr'><strong>christ.:capita,</strong></span> 
     </span>
     <span class='ocr_line' id='line_1_3' title="bbox 167 324 1598 379; baseline 0 -10"><span class='ocrx_word' id='word_1_11' title='bbox 167 340 248 373; x_wconf 79' lang='lat' dir='ltr'><strong>uae</strong></span> <span class='ocrx_word' id='word_1_12' title='bbox 265 325 525 368; x_wconf 76' lang='lat' dir='ltr'><strong>addubitare</strong></span> <span class='ocrx_word' id='word_1_13' title='bbox 546 327 672 368; x_wconf 79' lang='lat' dir='ltr'><strong>nobis</strong></span> <span class='ocrx_word' id='word_1_14' title='bbox 693 341 776 369; x_wconf 89' lang='lat' dir='ltr'><strong>non</strong></span> <span class='ocrx_word' id='word_1_15' title='bbox 795 326 951 377; x_wconf 78' lang='lat' dir='ltr'><strong>liceat,</strong></span> <span class='ocrx_word' id='word_1_16' title='bbox 982 324 1119 369; x_wconf 82' lang='lat' dir='ltr'><strong>Paulo</strong></span> <span class='ocrx_word' id='word_1_17' title='bbox 1141 327 1252 379; x_wconf 15' lang='lat' dir='ltr'><strong>haec*</strong></span> <span class='ocrx_word' id='word_1_18' title='bbox 1269 333 1394 371; x_wconf 84' lang='lat' dir='ltr'><strong>snut:</strong></span> <span class='ocrx_word' id='word_1_19' title='bbox 1422 328 1598 377; x_wconf 69' lang='lat' dir='ltr'><strong>venisse,</strong></span> 
     </span>
     <span class='ocr_line' id='line_1_4' title="bbox 161 381 1597 437; baseline 0.001 -13"><span class='ocrx_word' id='word_1_20' title='bbox 161 383 359 424; x_wconf 84' lang='lat' dir='ltr'><strong>&#39;hristum</strong></span> <span class='ocrx_word' id='word_1_21' title='bbox 389 395 412 421; x_wconf 78' lang='lat' dir='ltr'><strong>a</strong></span> <span class='ocrx_word' id='word_1_22' title='bbox 435 381 531 425; x_wconf 82' lang='lat' dir='ltr'><strong>Deo</strong></span> <span class='ocrx_word' id='word_1_23' title='bbox 563 383 743 425; x_wconf 89' lang='lat' dir='ltr'><strong>missum</strong></span> <span class='ocrx_word' id='word_1_24' title='bbox 769 382 821 426; x_wconf 87' lang='lat' dir='ltr'><strong>de</strong></span> <span class='ocrx_word' id='word_1_25' title='bbox 850 385 972 425; x_wconf 87' lang='lat' dir='ltr'><strong>coelo</strong></span> <span class='ocrx_word' id='word_1_26' title='bbox 999 382 1053 424; x_wconf 85' lang='lat' dir='ltr'><strong>ad</strong></span> <span class='ocrx_word' id='word_1_27' title='bbox 1084 383 1304 437; x_wconf 87' lang='lat' dir='ltr'><strong>homines,</strong></span> <span class='ocrx_word' id='word_1_28' title='bbox 1344 389 1394 427; x_wconf 86' lang='lat' dir='ltr'><strong>ut</strong></span> <span class='ocrx_word' id='word_1_29' title='bbox 1420 397 1597 430; x_wconf 74' lang='lat' dir='ltr'><strong>eos-so-</strong></span> 
     </span>
    </p>

    <p class='ocr_par' dir='ltr' id='par_1_3' title="bbox 135 437 1597 496">
     <span class='ocr_line' id='line_1_5' title="bbox 135 437 1597 496; baseline 0 -14"><span class='ocrx_word' id='word_1_30' title='bbox 135 440 324 496; x_wconf 71' lang='lat' dir='ltr'><strong>spitat-et</strong></span> <span class='ocrx_word' id='word_1_31' title='bbox 350 439 446 490; x_wconf 83' lang='lat'><strong>8‚3.</strong></span> <span class='ocrx_word' id='word_1_32' title='bbox 475 439 578 483; x_wconf 87' lang='lat' dir='ltr'><strong>Gal.</strong></span> <span class='ocrx_word' id='word_1_33' title='bbox 607 441 652 492; x_wconf 83' lang='lat'><strong>4,</strong></span> <span class='ocrx_word' id='word_1_34' title='bbox 665 441 708 483; x_wconf 83' lang='lat'><strong>4.</strong></span> <span class='ocrx_word' id='word_1_35' title='bbox 733 451 917 495; x_wconf 87' lang='lat' dir='ltr'><strong>eumque</strong></span> <span class='ocrx_word' id='word_1_36' title='bbox 947 439 1001 480; x_wconf 81' lang='lat' dir='ltr'><strong>ab</strong></span> <span class='ocrx_word' id='word_1_37' title='bbox 1041 437 1293 485; x_wconf 70' lang='lat' dir='ltr'><strong>hominibus</strong></span> <span class='ocrx_word' id='word_1_38' title='bbox 1320 441 1597 488; x_wconf 74' lang='lat' dir='ltr'><strong>interfectum</strong></span> 
     </span>
    </p>

    <p class='ocr_par' dir='ltr' id='par_1_4' title="bbox 135 495 1600 554">
     <span class='ocr_line' id='line_1_6' title="bbox 135 495 1600 554; baseline 0.001 -17"><span class='ocrx_word' id='word_1_39' title='bbox 135 495 285 552; x_wconf 82' lang='lat' dir='ltr'><strong>paullo</strong></span> <span class='ocrx_word' id='word_1_40' title='bbox 308 502 406 551; x_wconf 78' lang='lat' dir='ltr'><strong>post</strong></span> <span class='ocrx_word' id='word_1_41' title='bbox 428 496 471 536; x_wconf 88' lang='lat' dir='ltr'><strong>in</strong></span> <span class='ocrx_word' id='word_1_42' title='bbox 492 497 622 538; x_wconf 80' lang='lat' dir='ltr'><strong>vitam</strong></span> <span class='ocrx_word' id='word_1_43' title='bbox 646 497 897 548; x_wconf 81' lang='lat' dir='ltr'><strong>restitutum</strong></span> <span class='ocrx_word' id='word_1_44' title='bbox 920 510 1018 538; x_wconf 87' lang='lat' dir='ltr'><strong>esse</strong></span> <span class='ocrx_word' id='word_1_45' title='bbox 1040 498 1062 537; x_wconf 88' lang='lat' dir='ltr'><strong>l</strong></span> <span class='ocrx_word' id='word_1_46' title='bbox 1084 495 1187 539; x_wconf 84' lang='lat' dir='ltr'><strong>Cor.</strong></span> <span class='ocrx_word' id='word_1_47' title='bbox 1208 497 1358 549; x_wconf 80' lang='lat'><strong>15‚16.</strong></span> <span class='ocrx_word' id='word_1_48' title='bbox 1377 511 1446 554; x_wconf 80' lang='lat' dir='ltr'><strong>sq.</strong></span> <span class='ocrx_word' id='word_1_49' title='bbox 1464 497 1600 552; x_wconf 56' lang='lat' dir='ltr'><strong>(Act.</strong></span> 
     </span>
    </p>

    <p class='ocr_par' dir='ltr' id='par_1_5' title="bbox 132 552 1600 608">
     <span class='ocr_line' id='line_1_7' title="bbox 132 552 1600 608; baseline 0.003 -15"><span class='ocrx_word' id='word_1_50' title='bbox 132 552 257 605; x_wconf 60' lang='lat'><strong>2532.</strong></span> <span class='ocrx_word' id='word_1_51' title='bbox 287 552 475 606; x_wconf 74' lang='lat'><strong>13,30.).</strong></span> <span class='ocrx_word' id='word_1_52' title='bbox 543 552 674 608; x_wconf 74' lang='lat' dir='ltr'><strong>Quod</strong></span> <span class='ocrx_word' id='word_1_53' title='bbox 705 553 825 595; x_wconf 83' lang='lat' dir='ltr'><strong>Deus</strong></span> <span class='ocrx_word' id='word_1_54' title='bbox 865 553 1091 595; x_wconf 78' lang='lat' dir='ltr'>Christum</span> <span class='ocrx_word' id='word_1_55' title='bbox 1128 552 1336 596; x_wconf 70' lang='lat' dir='ltr'><strong>conlectis</strong></span> <span class='ocrx_word' id='word_1_56' title='bbox 1374 553 1600 598; x_wconf 72' lang='lat' dir='ltr'><strong>mandatis</strong></span> 
     </span>
    </p>

    <p class='ocr_par' dir='ltr' id='par_1_6' title="bbox 131 609 1594 668">
     <span class='ocr_line' id='line_1_8' title="bbox 131 609 1594 668; baseline 0.001 -18"><span class='ocrx_word' id='word_1_57' title='bbox 131 609 301 650; x_wconf 85' lang='lat' dir='ltr'><strong>coelum</strong></span> <span class='ocrx_word' id='word_1_58' title='bbox 320 615 521 664; x_wconf 80' lang='lat' dir='ltr'><strong>repetere</strong></span> <span class='ocrx_word' id='word_1_59' title='bbox 535 609 695 666; x_wconf 79' lang='lat' dir='ltr'><strong>jussit,</strong></span> <span class='ocrx_word' id='word_1_60' title='bbox 726 609 824 650; x_wconf 90' lang='lat' dir='ltr'><strong>ideo</strong></span> <span class='ocrx_word' id='word_1_61' title='bbox 847 609 950 651; x_wconf 78' lang='lat' dir='ltr'><strong>fecit</strong></span> <span class='ocrx_word' id='word_1_62' title='bbox 970 614 1017 650; x_wconf 88' lang='lat' dir='ltr'><strong>ut</strong></span> <span class='ocrx_word' id='word_1_63' title='bbox 1038 609 1251 661; x_wconf 75' lang='lat' dir='ltr'>insignem</span> <span class='ocrx_word' id='word_1_64' title='bbox 1273 609 1369 668; x_wconf 82' lang='lat' dir='ltr'><strong>ejus</strong></span> <span class='ocrx_word' id='word_1_65' title='bbox 1388 609 1594 652; x_wconf 81' lang='lat' dir='ltr'><strong>obedien-</strong></span> 
     </span>
    </p>

    <p class='ocr_par' dir='ltr' id='par_1_7' title="bbox 132 665 1594 835">
     <span class='ocr_line' id='line_1_9' title="bbox 133 665 1594 722; baseline 0.001 -14"><span class='ocrx_word' id='word_1_66' title='bbox 133 665 240 708; x_wconf 88' lang='lat' dir='ltr'><strong>tiam</strong></span> <span class='ocrx_word' id='word_1_67' title='bbox 270 666 466 722; x_wconf 82' lang='lat' dir='ltr'><strong>praemio</strong></span> <span class='ocrx_word' id='word_1_68' title='bbox 496 670 675 708; x_wconf 87' lang='lat' dir='ltr'><strong>ornaret</strong></span> <span class='ocrx_word' id='word_1_69' title='bbox 696 665 815 710; x_wconf 84' lang='lat' dir='ltr'><strong>Phil.</strong></span> <span class='ocrx_word' id='word_1_70' title='bbox 841 666 882 716; x_wconf 86' lang='lat'><strong>2,</strong></span> <span class='ocrx_word' id='word_1_71' title='bbox 893 666 937 710; x_wconf 90' lang='lat'><strong>8.</strong></span> <span class='ocrx_word' id='word_1_72' title='bbox 966 680 1053 722; x_wconf 82' lang='lat' dir='ltr'><strong>sq..</strong></span> <span class='ocrx_word' id='word_1_73' title='bbox 1113 665 1300 709; x_wconf 84' lang='lat' dir='ltr'><strong>Versari</strong></span> <span class='ocrx_word' id='word_1_74' title='bbox 1325 681 1437 708; x_wconf 90' lang='lat' dir='ltr'><strong>nunc</strong></span> <span class='ocrx_word' id='word_1_75' title='bbox 1463 666 1594 713; x_wconf 65' lang='lat' dir='ltr'><strong>Chri-3</strong></span> 
     </span>
     <span class='ocr_line' id='line_1_10' title="bbox 133 723 1594 779; baseline 0.001 -16"><span class='ocrx_word' id='word_1_76' title='bbox 133 727 250 764; x_wconf 87' lang='lat' dir='ltr'><strong>stum</strong></span> <span class='ocrx_word' id='word_1_77' title='bbox 274 724 318 764; x_wconf 90' lang='lat' dir='ltr'><strong>in</strong></span> <span class='ocrx_word' id='word_1_78' title='bbox 352 723 472 767; x_wconf 75' lang='lat' dir='ltr'><strong>coelo</strong></span> <span class='ocrx_word' id='word_1_79' title='bbox 500 723 616 778; x_wconf 82' lang='lat' dir='ltr'><strong>apud</strong></span> <span class='ocrx_word' id='word_1_80' title='bbox 639 723 784 765; x_wconf 87' lang='lat' dir='ltr'><strong>Deum</strong></span> <span class='ocrx_word' id='word_1_81' title='bbox 809 723 902 779; x_wconf 91' lang='lat' dir='ltr'><strong>Ap.</strong></span> <span class='ocrx_word' id='word_1_82' title='bbox 936 724 1190 778; x_wconf 82' lang='lat' dir='ltr'><strong>plerumque</strong></span> <span class='ocrx_word' id='word_1_83' title='bbox 1215 730 1449 779; x_wconf 82' lang='lat' dir='ltr'><strong>propterea</strong></span> <span class='ocrx_word' id='word_1_84' title='bbox 1469 729 1594 765; x_wconf 81' lang='lat' dir='ltr'><strong>&#39;com-</strong></span> 
     </span>
     <span class='ocr_line' id='line_1_11' title="bbox 132 779 1593 835; baseline 0 -15"><span class='ocrx_word' id='word_1_85' title='bbox 132 783 365 831; x_wconf 80' lang='lat' dir='ltr'><strong>memorat,</strong></span> <span class='ocrx_word' id='word_1_86' title='bbox 406 783 454 821; x_wconf 87' lang='lat' dir='ltr'><strong>ut</strong></span> <span class='ocrx_word' id='word_1_87' title='bbox 493 779 603 821; x_wconf 81' lang='lat' dir='ltr'><strong>bona</strong></span> <span class='ocrx_word' id='word_1_88' title='bbox 642 779 698 822; x_wconf 90' lang='lat' dir='ltr'><strong>ab</strong></span> <span class='ocrx_word' id='word_1_89' title='bbox 737 779 874 821; x_wconf 86' lang='lat' dir='ltr'><strong>amico</strong></span> <span class='ocrx_word' id='word_1_90' title='bbox 902 779 956 819; x_wconf 84' lang='lat' dir='ltr'><strong>ad</strong></span> <span class='ocrx_word' id='word_1_91' title='bbox 986 783 1150 820; x_wconf 87' lang='lat' dir='ltr'><strong>tantam</strong></span> <span class='ocrx_word' id='word_1_92' title='bbox 1181 779 1418 835; x_wconf 83' lang='lat' dir='ltr'><strong>potentiam</strong></span> <span class='ocrx_word' id='word_1_93' title='bbox 1445 783 1593 823; x_wconf 86' lang='lat' dir='ltr'><strong>evecto</strong></span> 
     </span>
    </p>

    <p class='ocr_par' dir='ltr' id='par_1_8' title="bbox 132 834 1594 892">
     <span class='ocr_line' id='line_1_12' title="bbox 132 834 1594 892; baseline 0 -14"><span class='ocrx_word' id='word_1_94' title='bbox 132 834 352 892; x_wconf 86' lang='lat' dir='ltr'><strong>speranda</strong></span> <span class='ocrx_word' id='word_1_95' title='bbox 373 850 469 877; x_wconf 77' lang='lat' dir='ltr'><strong>esse</strong></span> <span class='ocrx_word' id='word_1_96' title='bbox 487 837 674 879; x_wconf 87' lang='lat' dir='ltr'><strong>lectores</strong></span> <span class='ocrx_word' id='word_1_97' title='bbox 697 836 1055 879; x_wconf 77' lang='lat' dir='ltr'><strong>commonefaciat</strong></span> <span class='ocrx_word' id='word_1_98' title='bbox 1073 836 1117 889; x_wconf 90' lang='lat'><strong>8,</strong></span> <span class='ocrx_word' id='word_1_99' title='bbox 1126 835 1199 880; x_wconf 79' lang='lat'><strong>34.</strong></span> <span class='ocrx_word' id='word_1_100' title='bbox 1220 834 1425 892; x_wconf 82' lang='lat' dir='ltr'><strong>Eph.4,7</strong></span> <span class='ocrx_word' id='word_1_101' title='bbox 1438 860 1491 866; x_wconf 91' lang='lat'>—</span> <span class='ocrx_word' id='word_1_102' title='bbox 1507 836 1594 878; x_wconf 89' lang='lat'><strong>11..</strong></span> 
     </span>
    </p>

    <p class='ocr_par' dir='ltr' id='par_1_9' title="bbox 132 886 1599 936">
     <span class='ocr_line' id='line_1_13' title="bbox 132 886 1599 936; baseline -0.002 0"><span class='ocrx_word' id='word_1_103' title='bbox 132 891 373 936; x_wconf 86' lang='lat' dir='ltr'><strong>Praeterea</strong></span> <span class='ocrx_word' id='word_1_104' title='bbox 411 892 468 936; x_wconf 90' lang='lat' dir='ltr'><strong>V.</strong></span> <span class='ocrx_word' id='word_1_105' title='bbox 501 892 560 936; x_wconf 87' lang='lat' dir='ltr'><strong>D.</strong></span> <span class='ocrx_word' id='word_1_106' title='bbox 588 893 805 936; x_wconf 87' lang='lat' dir='ltr'><strong>sententia</strong></span> <span class='ocrx_word' id='word_1_107' title='bbox 833 892 1050 935; x_wconf 81' lang='lat' dir='ltr'><strong>claudicat</strong></span> <span class='ocrx_word' id='word_1_108' title='bbox 1083 893 1128 934; x_wconf 88' lang='lat' dir='ltr'><strong>in</strong></span> <span class='ocrx_word' id='word_1_109' title='bbox 1165 891 1313 935; x_wconf 81' lang='lat' dir='ltr'><strong>verbis</strong></span> <span class='ocrx_word' id='word_1_110' title='bbox 1346 887 1461 934; x_wconf 80' lang='grc' dir='ltr'><em>τοῦτ’</em></span> <span class='ocrx_word' id='word_1_111' title='bbox 1494 886 1599 933; x_wconf 62' lang='grc' dir='ltr'><strong>ἔστι.</strong></span> 
     </span>
    </p>

    <p class='ocr_par' dir='ltr' id='par_1_10' title="bbox 133 947 1596 1006">
     <span class='ocr_line' id='line_1_14' title="bbox 133 947 1596 1006; baseline 0.001 -16"><span class='ocrx_word' id='word_1_112' title='bbox 133 947 335 1001; x_wconf 79' lang='grc' dir='ltr'><em>Χριστὸν</em></span> <span class='ocrx_word' id='word_1_113' title='bbox 364 952 718 1005; x_wconf 79' lang='grc' dir='ltr'><em>καταγαγεῖν,</em></span> <span class='ocrx_word' id='word_1_114' title='bbox 769 964 848 1006; x_wconf 88' lang='lat' dir='ltr'><strong>pro</strong></span> <span class='ocrx_word' id='word_1_115' title='bbox 888 948 1046 1004; x_wconf 83' lang='lat' dir='ltr'><strong>quihus</strong></span> <span class='ocrx_word' id='word_1_116' title='bbox 1075 949 1182 990; x_wconf 84' lang='lat' dir='ltr'><strong>haec</strong></span> <span class='ocrx_word' id='word_1_117' title='bbox 1206 947 1404 1004; x_wconf 84' lang='lat' dir='ltr'><strong>ponenda</strong></span> <span class='ocrx_word' id='word_1_118' title='bbox 1433 947 1596 991; x_wconf 78' lang='lat' dir='ltr'><strong>fuisse:</strong></span> 
     </span>
    </p>

    <p class='ocr_par' dir='ltr' id='par_1_11' title="bbox 130 1001 1597 1062">
     <span class='ocr_line' id='line_1_15' title="bbox 130 1001 1597 1062; baseline 0.002 -15"><span class='ocrx_word' id='word_1_119' title='bbox 130 1001 246 1048; x_wconf 67' lang='grc' dir='ltr'><em>τοῦτ’</em></span> <span class='ocrx_word' id='word_1_120' title='bbox 267 1004 364 1048; x_wconf 70' lang='grc' dir='ltr'><em>ἔστι</em></span> <span class='ocrx_word' id='word_1_121' title='bbox 382 1003 581 1060; x_wconf 74' lang='grc' dir='ltr'><em>Χριστὸν</em></span> <span class='ocrx_word' id='word_1_122' title='bbox 600 1004 744 1048; x_wconf 82' lang='grc' dir='ltr'><em>ἰδεῖν</em></span> <span class='ocrx_word' id='word_1_123' title='bbox 767 1006 969 1048; x_wconf 67' lang='grc' dir='ltr'><strong>Ιίεἰσήἱιιε</strong></span> <span class='ocrx_word' id='word_1_124' title='bbox 986 1006 1082 1062; x_wconf 88' lang='lat' dir='ltr'><strong>ipse</strong></span> <span class='ocrx_word' id='word_1_125' title='bbox 1101 1006 1241 1047; x_wconf 88' lang='lat' dir='ltr'><strong>sensit</strong></span> <span class='ocrx_word' id='word_1_126' title='bbox 1261 1019 1305 1062; x_wconf 87' lang='lat' dir='ltr'><strong>p.</strong></span> <span class='ocrx_word' id='word_1_127' title='bbox 1324 1005 1445 1048; x_wconf 80' lang='lat'><strong>344..</strong></span> <span class='ocrx_word' id='word_1_128' title='bbox 1491 1002 1597 1050; x_wconf 53' lang='lat' dir='ltr'><strong>Ne«</strong></span> 
     </span>
    </p>

    <p class='ocr_par' dir='ltr' id='par_1_12' title="bbox 132 1059 1597 1117">
     <span class='ocr_line' id='line_1_16' title="bbox 132 1059 1597 1117; baseline 0.001 -14"><span class='ocrx_word' id='word_1_129' title='bbox 132 1075 218 1117; x_wconf 75' lang='lat' dir='ltr'><strong>que</strong></span> <span class='ocrx_word' id='word_1_130' title='bbox 235 1061 406 1104; x_wconf 59' lang='lat' dir='ltr'><strong>Redemi</strong></span> <span class='ocrx_word' id='word_1_131' title='bbox 422 1076 447 1103; x_wconf 90' lang='lat' dir='ltr'><strong>o</strong></span> <span class='ocrx_word' id='word_1_132' title='bbox 482 1063 669 1105; x_wconf 90' lang='lat' dir='ltr'><strong>inionem</strong></span> <span class='ocrx_word' id='word_1_133' title='bbox 692 1077 820 1104; x_wconf 82' lang='lat' dir='ltr'><strong>versu</strong></span> <span class='ocrx_word' id='word_1_134' title='bbox 843 1063 887 1106; x_wconf 88' lang='lat'><strong>9.</strong></span> <span class='ocrx_word' id='word_1_135' title='bbox 916 1061 1085 1104; x_wconf 87' lang='lat' dir='ltr'><strong>firmari</strong></span> <span class='ocrx_word' id='word_1_136' title='bbox 1113 1076 1264 1104; x_wconf 79' lang='lat' dir='ltr'><strong>venum</strong></span> <span class='ocrx_word' id='word_1_137' title='bbox 1290 1066 1374 1104; x_wconf 84' lang='lat' dir='ltr'><strong>est.</strong></span> <span class='ocrx_word' id='word_1_138' title='bbox 1421 1059 1597 1114; x_wconf 48' lang='lat' dir='ltr'><strong>*Chry-90,</strong></span> 
     </span>
    </p>

    <p class='ocr_par' dir='ltr' id='par_1_13' title="bbox 136 1116 1594 1174">
     <span class='ocr_line' id='line_1_17' title="bbox 136 1116 1594 1174; baseline 0 -14"><span class='ocrx_word' id='word_1_139' title='bbox 136 1118 395 1173; x_wconf 61' lang='lat' dir='ltr'><strong>Theopleyl„</strong></span> <span class='ocrx_word' id='word_1_140' title='bbox 472 1133 532 1161; x_wconf 79' lang='lat' dir='ltr'><strong>ec.</strong></span> <span class='ocrx_word' id='word_1_141' title='bbox 562 1122 624 1174; x_wconf 85' lang='lat' dir='ltr'><strong>(v.</strong></span> <span class='ocrx_word' id='word_1_142' title='bbox 659 1119 978 1171; x_wconf 62' lang='lat' dir='ltr'><strong>Tui-rettimcm‚</strong></span> <span class='ocrx_word' id='word_1_143' title='bbox 1013 1118 1192 1160; x_wconf 78' lang='lat' dir='ltr'><strong>Morum</strong></span> <span class='ocrx_word' id='word_1_144' title='bbox 1219 1122 1265 1160; x_wconf 88' lang='lat' dir='ltr'><strong>et</strong></span> <span class='ocrx_word' id='word_1_145' title='bbox 1299 1116 1594 1171; x_wconf 74' lang='lat' dir='ltr'><strong>Tholuccium)</strong></span> 
     </span>
    </p>

    <p class='ocr_par' dir='ltr' id='par_1_14' title="bbox 131 1173 1593 1233">
     <span class='ocr_line' id='line_1_18' title="bbox 131 1173 1593 1233; baseline -0.001 -16"><span class='ocrx_word' id='word_1_146' title='bbox 131 1189 174 1218; x_wconf 80' lang='grc' dir='ltr'><strong>ν.</strong></span> <span class='ocrx_word' id='word_1_147' title='bbox 192 1176 221 1217; x_wconf 84' lang='grc'>6</span> <span class='ocrx_word' id='word_1_148' title='bbox 238 1199 295 1205; x_wconf 89' lang='grc'><strong>-</strong></span> <span class='ocrx_word' id='word_1_149' title='bbox 312 1174 358 1218; x_wconf 89' lang='grc'><strong>8.</strong></span> <span class='ocrx_word' id='word_1_150' title='bbox 382 1175 461 1215; x_wconf 89' lang='lat' dir='ltr'><strong>hoc</strong></span> <span class='ocrx_word' id='word_1_151' title='bbox 484 1175 628 1217; x_wconf 82' lang='lat' dir='ltr'><strong>doceri</strong></span> <span class='ocrx_word' id='word_1_152' title='bbox 649 1180 828 1232; x_wconf 78' lang='lat' dir='ltr'><strong>putant:</strong></span> <span class='ocrx_word' id='word_1_153' title='bbox 867 1189 950 1216; x_wconf 92' lang='lat' dir='ltr'><strong>non</strong></span> <span class='ocrx_word' id='word_1_154' title='bbox 978 1173 1221 1218; x_wconf 81' lang='lat' dir='ltr'><strong>difficilem,</strong></span> <span class='ocrx_word' id='word_1_155' title='bbox 1237 1188 1334 1217; x_wconf 85' lang='lat' dir='ltr'><strong>esse</strong></span> <span class='ocrx_word' id='word_1_156' title='bbox 1364 1173 1593 1233; x_wconf 64' lang='lat' dir='ltr'><strong>integrita-</strong></span> 
     </span>
    </p>

    <p class='ocr_par' dir='ltr' id='par_1_15' title="bbox 129 1229 1597 1288">
     <span class='ocr_line' id='line_1_19' title="bbox 129 1229 1597 1288; baseline -0.001 -16"><span class='ocrx_word' id='word_1_157' title='bbox 129 1231 191 1273; x_wconf 88' lang='lat' dir='ltr'><strong>tis</strong></span> <span class='ocrx_word' id='word_1_158' title='bbox 209 1232 578 1286; x_wconf 83' lang='lat' dir='ltr'><strong>comparationem</strong></span> <span class='ocrx_word' id='word_1_159' title='bbox 598 1236 661 1288; x_wconf 83' lang='lat' dir='ltr'><strong>(v.</strong></span> <span class='ocrx_word' id='word_1_160' title='bbox 681 1233 725 1275; x_wconf 86' lang='lat'><strong>6.</strong></span> <span class='ocrx_word' id='word_1_161' title='bbox 746 1233 834 1284; x_wconf 90' lang='grc'><strong>7.),</strong></span> <span class='ocrx_word' id='word_1_162' title='bbox 860 1231 938 1273; x_wconf 87' lang='lat' dir='ltr'><strong>sed</strong></span> <span class='ocrx_word' id='word_1_163' title='bbox 958 1232 1131 1274; x_wconf 80' lang='lat' dir='ltr'><strong>facilem</strong></span> <span class='ocrx_word' id='word_1_164' title='bbox 1162 1233 1224 1285; x_wconf 65' lang='lat' dir='ltr'><strong>(vs</strong></span> <span class='ocrx_word' id='word_1_165' title='bbox 1241 1231 1307 1287; x_wconf 82' lang='lat'><strong>8.)</strong></span> <span class='ocrx_word' id='word_1_166' title='bbox 1336 1231 1380 1275; x_wconf 85' lang='lat' dir='ltr'><strong>h.</strong></span> <span class='ocrx_word' id='word_1_167' title='bbox 1409 1243 1473 1274; x_wconf 75' lang='lat'><strong>1⁸.:</strong></span> <span class='ocrx_word' id='word_1_168' title='bbox 1509 1229 1597 1272; x_wconf 73' lang='lat' dir='ltr'><strong>has,</strong></span> 
     </span>
    </p>

    <p class='ocr_par' dir='ltr' id='par_1_16' title="bbox 128 1285 1598 2076">
     <span class='ocr_line' id='line_1_20' title="bbox 129 1285 1598 1347; baseline -0.001 -18"><span class='ocrx_word' id='word_1_169' title='bbox 129 1286 472 1330; x_wconf 79' lang='lat' dir='ltr'><strong>dubitationese</strong></span> <span class='ocrx_word' id='word_1_170' title='bbox 502 1298 643 1331; x_wconf 79' lang='lat' dir='ltr'><strong>mente</strong></span> <span class='ocrx_word' id='word_1_171' title='bbox 671 1288 745 1330; x_wconf 64' lang='lat' dir='ltr'><strong>tua</strong></span> <span class='ocrx_word' id='word_1_172' title='bbox 775 1288 908 1347; x_wconf 85' lang='lat' dir='ltr'><strong>ejice:</strong></span> <span class='ocrx_word' id='word_1_173' title='bbox 946 1303 1069 1330; x_wconf 90' lang='lat' dir='ltr'><strong>nemo</strong></span> <span class='ocrx_word' id='word_1_174' title='bbox 1101 1288 1339 1330; x_wconf 75' lang='lat' dir='ltr'><strong>in.coelu1u</strong></span> <span class='ocrx_word' id='word_1_175' title='bbox 1370 1285 1598 1338; x_wconf 73' lang='lat' dir='ltr'><strong>ascendet,</strong></span> 
     </span>
     <span class='ocr_line' id='line_1_21' title="bbox 130 1343 1594 1400; baseline 0 -14"><span class='ocrx_word' id='word_1_176' title='bbox 130 1359 205 1400; x_wconf 88' lang='lat' dir='ltr'><strong>np.</strong></span> <span class='ocrx_word' id='word_1_177' title='bbox 239 1349 311 1396; x_wconf 84' lang='lat' dir='ltr'><strong>ut,</strong></span> <span class='ocrx_word' id='word_1_178' title='bbox 348 1346 562 1400; x_wconf 90' lang='lat' dir='ltr'><strong>quomodo</strong></span> <span class='ocrx_word' id='word_1_179' title='bbox 590 1345 795 1388; x_wconf 85' lang='lat' dir='ltr'><strong>Christus</strong></span> <span class='ocrx_word' id='word_1_180' title='bbox 826 1345 928 1386; x_wconf 90' lang='lat' dir='ltr'><strong>iude</strong></span> <span class='ocrx_word' id='word_1_181' title='bbox 956 1344 1177 1387; x_wconf 82' lang='lat' dir='ltr'><strong>hominum</strong></span> <span class='ocrx_word' id='word_1_182' title='bbox 1211 1343 1369 1385; x_wconf 63' lang='lat' dir='ltr'><strong>natura</strong></span> <span class='ocrx_word' id='word_1_183' title='bbox 1396 1343 1594 1386; x_wconf 61' lang='lat' dir='ltr'><strong>assumta</strong></span> 
     </span>
     <span class='ocr_line' id='line_1_22' title="bbox 130 1398 1596 1458; baseline 0.001 -16"><span class='ocrx_word' id='word_1_184' title='bbox 130 1401 187 1442; x_wconf 90' lang='lat' dir='ltr'><strong>ad</strong></span> <span class='ocrx_word' id='word_1_185' title='bbox 204 1401 404 1443; x_wconf 84' lang='lat' dir='ltr'><strong>homines</strong></span> <span class='ocrx_word' id='word_1_186' title='bbox 427 1402 573 1444; x_wconf 85' lang='lat' dir='ltr'><strong>venire</strong></span> <span class='ocrx_word' id='word_1_187' title='bbox 594 1402 818 1458; x_wconf 65' lang='lat' dir='ltr'><strong>potuerit,</strong></span> <span class='ocrx_word' id='word_1_188' title='bbox 843 1408 1100 1454; x_wconf 76' lang='lat' dir='ltr'><strong>eognoscat:</strong></span> <span class='ocrx_word' id='word_1_189' title='bbox 1125 1414 1256 1445; x_wconf 28' lang='lat' dir='ltr'><strong>Anemo</strong></span> <span class='ocrx_word' id='word_1_190' title='bbox 1273 1400 1320 1441; x_wconf 85' lang='lat' dir='ltr'><strong>&#39;in</strong></span> <span class='ocrx_word' id='word_1_191' title='bbox 1343 1413 1491 1441; x_wconf 88' lang='lat' dir='ltr'><strong>orcum</strong></span> <span class='ocrx_word' id='word_1_192' title='bbox 1509 1398 1596 1453; x_wconf 26' lang='lat' dir='ltr'><strong>&#39;de-s</strong></span> 
     </span>
     <span class='ocr_line' id='line_1_23' title="bbox 129 1455 1595 1515; baseline -0.001 -15"><span class='ocrx_word' id='word_1_193' title='bbox 129 1457 330 1510; x_wconf 81' lang='lat' dir='ltr'><strong>scendet,</strong></span> <span class='ocrx_word' id='word_1_194' title='bbox 371 1473 443 1514; x_wconf 89' lang='lat' dir='ltr'><strong>up.</strong></span> <span class='ocrx_word' id='word_1_195' title='bbox 467 1464 514 1499; x_wconf 88' lang='lat' dir='ltr'><strong>ut</strong></span> <span class='ocrx_word' id='word_1_196' title='bbox 535 1462 612 1515; x_wconf 75' lang='lat' dir='ltr'><strong>qui</strong></span> <span class='ocrx_word' id='word_1_197' title='bbox 641 1459 736 1499; x_wconf 84' lang='lat' dir='ltr'><strong>fieri</strong></span> <span class='ocrx_word' id='word_1_198' title='bbox 766 1459 982 1515; x_wconf 86' lang='lat' dir='ltr'><strong>potuerit,</strong></span> <span class='ocrx_word' id='word_1_199' title='bbox 1020 1463 1069 1500; x_wconf 88' lang='lat' dir='ltr'><strong>ut</strong></span> <span class='ocrx_word' id='word_1_200' title='bbox 1097 1456 1303 1499; x_wconf 84' lang='lat' dir='ltr'><strong>Christus</strong></span> <span class='ocrx_word' id='word_1_201' title='bbox 1332 1455 1595 1499; x_wconf 64' lang='lat' dir='ltr'><strong>interfectus</strong></span> 
     </span>
     <span class='ocr_line' id='line_1_24' title="bbox 129 1511 1590 1570; baseline -0.001 -13"><span class='ocrx_word' id='word_1_202' title='bbox 129 1528 183 1557; x_wconf 87' lang='lat' dir='ltr'><strong>ex</strong></span> <span class='ocrx_word' id='word_1_203' title='bbox 204 1528 305 1556; x_wconf 89' lang='lat' dir='ltr'><strong>orco</strong></span> <span class='ocrx_word' id='word_1_204' title='bbox 326 1514 368 1555; x_wconf 93' lang='lat' dir='ltr'><strong>in</strong></span> <span class='ocrx_word' id='word_1_205' title='bbox 394 1515 523 1556; x_wconf 82' lang='lat' dir='ltr'><strong>vitam</strong></span> <span class='ocrx_word' id='word_1_206' title='bbox 553 1515 739 1566; x_wconf 88' lang='lat' dir='ltr'><strong>rediret,</strong></span> <span class='ocrx_word' id='word_1_207' title='bbox 779 1514 943 1564; x_wconf 79' lang='lat' dir='ltr'><strong>discat3</strong></span> <span class='ocrx_word' id='word_1_208' title='bbox 981 1514 1067 1555; x_wconf 91' lang='lat' dir='ltr'><strong>imo</strong></span> <span class='ocrx_word' id='word_1_209' title='bbox 1090 1514 1143 1554; x_wconf 81' lang='lat' dir='ltr'><strong>in</strong></span> <span class='ocrx_word' id='word_1_210' title='bbox 1174 1517 1349 1570; x_wconf 83' lang='lat' dir='ltr'><strong>promtu</strong></span> <span class='ocrx_word' id='word_1_211' title='bbox 1381 1511 1463 1554; x_wconf 90' lang='lat' dir='ltr'><strong>tibi</strong></span> <span class='ocrx_word' id='word_1_212' title='bbox 1491 1525 1590 1555; x_wconf 73' lang='lat' dir='ltr'><strong>esse</strong></span> 
     </span>
     <span class='ocr_line' id='line_1_25' title="bbox 128 1564 1592 1628; baseline 0.001 -17"><span class='ocrx_word' id='word_1_213' title='bbox 128 1577 411 1628; x_wconf 81' lang='lat' dir='ltr'><strong>praeceptum</strong></span> <span class='ocrx_word' id='word_1_214' title='bbox 432 1572 484 1611; x_wconf 90' lang='lat' dir='ltr'><strong>de</strong></span> <span class='ocrx_word' id='word_1_215' title='bbox 513 1571 597 1612; x_wconf 79' lang='lat' dir='ltr'><strong>lide</strong></span> <span class='ocrx_word' id='word_1_216' title='bbox 617 1572 796 1613; x_wconf 79' lang='lat' dir='ltr'><strong>Christo</strong></span> <span class='ocrx_word' id='word_1_217' title='bbox 827 1569 1111 1626; x_wconf 57' lang='lat' dir='ltr'><strong>adjungenda*</strong></span> <span class='ocrx_word' id='word_1_218' title='bbox 1126 1583 1262 1625; x_wconf 84' lang='lat' dir='ltr'><strong>eoque</strong></span> <span class='ocrx_word' id='word_1_219' title='bbox 1289 1564 1462 1611; x_wconf 71' lang='lat' dir='ltr'><strong>facilem</strong></span> <span class='ocrx_word' id='word_1_220' title='bbox 1491 1582 1592 1612; x_wconf 79' lang='lat' dir='ltr'><strong>esse</strong></span> 
     </span>
     <span class='ocr_line' id='line_1_26' title="bbox 128 1623 1595 1683; baseline 0 -14"><span class='ocrx_word' id='word_1_221' title='bbox 128 1627 402 1681; x_wconf 78' lang='lat' dir='ltr'><strong>integritatis</strong></span> <span class='ocrx_word' id='word_1_222' title='bbox 423 1627 791 1683; x_wconf 80' lang='lat' dir='ltr'><strong>comparationem</strong></span> <span class='ocrx_word' id='word_1_223' title='bbox 812 1623 846 1681; x_wconf 81' lang='grc' dir='ltr'><strong>ἡ.</strong></span> <span class='ocrx_word' id='word_1_224' title='bbox 861 1625 909 1668; x_wconf 78' lang='grc' dir='ltr'><strong>ἐκ</strong></span> <span class='ocrx_word' id='word_1_225' title='bbox 927 1624 1120 1675; x_wconf 85' lang='grc' dir='ltr'><em>πίστεως</em></span> <span class='ocrx_word' id='word_1_226' title='bbox 1135 1624 1595 1681; x_wconf 64' lang='grc' dir='ltr'><em>Δικαιοσύνηωοηθί,</em></span> 
     </span>
     <span class='ocr_line' id='line_1_27' title="bbox 129 1679 1595 1738; baseline 0 -13"><span class='ocrx_word' id='word_1_227' title='bbox 129 1682 338 1725; x_wconf 83' lang='lat' dir='ltr'><strong>Licenter</strong></span> <span class='ocrx_word' id='word_1_228' title='bbox 360 1683 428 1724; x_wconf 82' lang='lat' dir='ltr'><strong>illi</strong></span> <span class='ocrx_word' id='word_1_229' title='bbox 453 1698 492 1726; x_wconf 83' lang='lat' dir='ltr'><strong>v.</strong></span> <span class='ocrx_word' id='word_1_230' title='bbox 525 1698 561 1726; x_wconf 79' lang='lat' dir='ltr'><strong>v,</strong></span> <span class='ocrx_word' id='word_1_231' title='bbox 581 1685 624 1726; x_wconf 88' lang='lat'><strong>6.</strong></span> <span class='ocrx_word' id='word_1_232' title='bbox 651 1682 767 1725; x_wconf 80' lang='grc' dir='ltr'><em>τοῦτ’</em></span> <span class='ocrx_word' id='word_1_233' title='bbox 786 1680 884 1724; x_wconf 75' lang='grc' dir='ltr'><em>ἔστι</em></span> <span class='ocrx_word' id='word_1_234' title='bbox 904 1679 1104 1738; x_wconf 82' lang='grc' dir='ltr'><em>Χριστὸν</em></span> <span class='ocrx_word' id='word_1_235' title='bbox 1130 1683 1387 1734; x_wconf 80' lang='grc' dir='ltr'><em>καταγαγεῖν</em></span> <span class='ocrx_word' id='word_1_236' title='bbox 1410 1686 1456 1724; x_wconf 85' lang='lat' dir='ltr'><strong>et</strong></span> <span class='ocrx_word' id='word_1_237' title='bbox 1482 1695 1525 1724; x_wconf 86' lang='lat' dir='ltr'><strong>v.</strong></span> <span class='ocrx_word' id='word_1_238' title='bbox 1545 1682 1595 1725; x_wconf 75' lang='lat'><strong>⁷.</strong></span> 
     </span>
     <span class='ocr_line' id='line_1_28' title="bbox 128 1735 1593 1793; baseline -0.001 -11"><span class='ocrx_word' id='word_1_239' title='bbox 128 1737 246 1782; x_wconf 80' lang='grc' dir='ltr'><em>τοῦτ’</em></span> <span class='ocrx_word' id='word_1_240' title='bbox 275 1736 372 1781; x_wconf 78' lang='grc' dir='ltr'><em>ἔστι</em></span> <span class='ocrx_word' id='word_1_241' title='bbox 400 1738 596 1793; x_wconf 80' lang='grc' dir='ltr'><em>Χριστὸν</em></span> <span class='ocrx_word' id='word_1_242' title='bbox 635 1736 684 1780; x_wconf 76' lang='grc' dir='ltr'><strong>ἐκ</strong></span> <span class='ocrx_word' id='word_1_243' title='bbox 718 1738 880 1792; x_wconf 77' lang='grc' dir='ltr'><em>νεκρῶν</em></span> <span class='ocrx_word' id='word_1_244' title='bbox 913 1735 1140 1792; x_wconf 79' lang='grc' dir='ltr'><em>ἀναγαγεῖν</em></span> <span class='ocrx_word' id='word_1_245' title='bbox 1166 1737 1447 1793; x_wconf 84' lang='lat' dir='ltr'><strong>interpretati</strong></span> <span class='ocrx_word' id='word_1_246' title='bbox 1474 1742 1593 1790; x_wconf 64' lang='lat' dir='ltr'><strong>s&#39;unt3</strong></span> 
     </span>
     <span class='ocr_line' id='line_1_29' title="bbox 129 1790 1592 1851; baseline -0.002 -13"><span class='ocrx_word' id='word_1_247' title='bbox 129 1800 338 1851; x_wconf 74' lang='lat' dir='ltr'><strong>tanquam</strong></span> <span class='ocrx_word' id='word_1_248' title='bbox 360 1810 508 1837; x_wconf 83' lang='lat' dir='ltr'><strong>eorum</strong></span> <span class='ocrx_word' id='word_1_249' title='bbox 528 1797 623 1836; x_wconf 86' lang='lat' dir='ltr'><strong>loco</strong></span> <span class='ocrx_word' id='word_1_250' title='bbox 644 1795 713 1836; x_wconf 79' lang='lat' dir='ltr'><strong>his</strong></span> <span class='ocrx_word' id='word_1_251' title='bbox 734 1794 958 1836; x_wconf 81' lang='lat' dir='ltr'><strong>vocabulis</strong></span> <span class='ocrx_word' id='word_1_252' title='bbox 972 1792 1022 1836; x_wconf 88' lang='lat' dir='ltr'><strong>P.</strong></span> <span class='ocrx_word' id='word_1_253' title='bbox 1044 1807 1149 1834; x_wconf 86' lang='lat' dir='ltr'><strong>usus</strong></span> <span class='ocrx_word' id='word_1_254' title='bbox 1171 1790 1455 1836; x_wconf 71' lang='lat' dir='ltr'><strong>esset:·v0²3v&#39;</strong></span> <span class='ocrx_word' id='word_1_255' title='bbox 1471 1790 1592 1836; x_wconf 70' lang='grc' dir='ltr'><em>ἔστιν</em></span> 
     </span>
     <span class='ocr_line' id='line_1_30' title="bbox 130 1846 1594 1905; baseline -0.003 -10"><span class='ocrx_word' id='word_1_256' title='bbox 130 1850 240 1895; x_wconf 79' lang='grc' dir='ltr'><em>ἰδεῖν</em></span> <span class='ocrx_word' id='word_1_257' title='bbox 262 1852 358 1900; x_wconf 81' lang='grc' dir='ltr'><strong>πῶς</strong></span> <span class='ocrx_word' id='word_1_258' title='bbox 378 1852 577 1904; x_wconf 75' lang='grc' dir='ltr'><em>Χριστὸς</em></span> <span class='ocrx_word' id='word_1_259' title='bbox 605 1850 767 1905; x_wconf 78' lang='grc' dir='ltr'><em>κατέβη</em></span> <span class='ocrx_word' id='word_1_260' title='bbox 795 1851 871 1892; x_wconf 81' lang='grc' dir='ltr'><strong>καὶ</strong></span> <span class='ocrx_word' id='word_1_261' title='bbox 898 1847 1010 1903; x_wconf 70' lang='grc' dir='ltr'><em>σὰρξ</em></span> <span class='ocrx_word' id='word_1_262' title='bbox 1039 1846 1223 1904; x_wconf 74' lang='grc' dir='ltr'><em>ἐγένετο.</em></span> <span class='ocrx_word' id='word_1_263' title='bbox 1240 1873 1295 1880; x_wconf 87' lang='grc'>-</span> <span class='ocrx_word' id='word_1_264' title='bbox 1332 1846 1449 1892; x_wconf 80' lang='grc' dir='ltr'><em>τοῦτ’</em></span> <span class='ocrx_word' id='word_1_265' title='bbox 1468 1848 1594 1892; x_wconf 71' lang='grc' dir='ltr'><em>ἔστιν</em></span> 
     </span>
     <span class='ocr_line' id='line_1_31' title="bbox 131 1902 1592 1962; baseline -0.001 -12"><span class='ocrx_word' id='word_1_266' title='bbox 131 1906 242 1951; x_wconf 77' lang='grc' dir='ltr'><em>ἰδεῖν</em></span> <span class='ocrx_word' id='word_1_267' title='bbox 273 1909 368 1957; x_wconf 79' lang='grc' dir='ltr'><strong>πῶς</strong></span> <span class='ocrx_word' id='word_1_268' title='bbox 388 1908 585 1962; x_wconf 66' lang='grc' dir='ltr'><em>Χριστὸς</em></span> <span class='ocrx_word' id='word_1_269' title='bbox 612 1905 659 1949; x_wconf 81' lang='grc' dir='ltr'><strong>ἐκ</strong></span> <span class='ocrx_word' id='word_1_270' title='bbox 686 1908 846 1960; x_wconf 81' lang='grc' dir='ltr'><em>νεκρῶν</em></span> <span class='ocrx_word' id='word_1_271' title='bbox 876 1902 1047 1960; x_wconf 69' lang='grc' dir='ltr'><strong>ἀνέστη.</strong></span> <span class='ocrx_word' id='word_1_272' title='bbox 1108 1904 1346 1947; x_wconf 81' lang='lat' dir='ltr'><strong>Praeterea</strong></span> <span class='ocrx_word' id='word_1_273' title='bbox 1376 1906 1444 1948; x_wconf 89' lang='lat' dir='ltr'><strong>illi</strong></span> <span class='ocrx_word' id='word_1_274' title='bbox 1472 1920 1592 1948; x_wconf 82' lang='lat' dir='ltr'><strong>more</strong></span> 
     </span>
     <span class='ocr_line' id='line_1_32' title="bbox 131 1957 1592 2018; baseline -0.001 -12"><span class='ocrx_word' id='word_1_275' title='bbox 131 1979 212 2006; x_wconf 90' lang='lat' dir='ltr'><strong>suo</strong></span> <span class='ocrx_word' id='word_1_276' title='bbox 231 1966 424 2017; x_wconf 76' lang='lat' dir='ltr'><strong>argutati</strong></span> <span class='ocrx_word' id='word_1_277' title='bbox 446 1971 549 2005; x_wconf 85' lang='lat' dir='ltr'><strong>sunt</strong></span> <span class='ocrx_word' id='word_1_278' title='bbox 567 1965 613 2005; x_wconf 90' lang='lat' dir='ltr'><strong>in·</strong></span> <span class='ocrx_word' id='word_1_279' title='bbox 632 1978 671 2006; x_wconf 79' lang='grc' dir='ltr'><strong>ν.</strong></span> <span class='ocrx_word' id='word_1_280' title='bbox 692 1978 732 2006; x_wconf 91' lang='lat' dir='ltr'><strong>v.</strong></span> <span class='ocrx_word' id='word_1_281' title='bbox 749 1965 792 2005; x_wconf 87' lang='grc'><strong>6.</strong></span> <span class='ocrx_word' id='word_1_282' title='bbox 810 1960 870 2016; x_wconf 78' lang='grc' dir='ltr'><strong>μὴ</strong></span> <span class='ocrx_word' id='word_1_283' title='bbox 894 1957 1022 2018; x_wconf 69' lang='grc' dir='ltr'><em>εἴπῃς</em></span> <span class='ocrx_word' id='word_1_284' title='bbox 1041 1961 1085 2004; x_wconf 81' lang='grc' dir='ltr'><strong>ἐν</strong></span> <span class='ocrx_word' id='word_1_285' title='bbox 1103 1962 1157 2018; x_wconf 78' lang='grc' dir='ltr'><strong>τῇ</strong></span> <span class='ocrx_word' id='word_1_286' title='bbox 1176 1960 1338 2017; x_wconf 80' lang='grc' dir='ltr'><em>καρδίᾳ</em></span> <span class='ocrx_word' id='word_1_287' title='bbox 1359 1975 1454 2012; x_wconf 77' lang='grc' dir='ltr'><em>σου,</em></span> <span class='ocrx_word' id='word_1_288' title='bbox 1479 1976 1592 2018; x_wconf 81' lang='lat' dir='ltr'><strong>quae</strong></span> 
     </span>
     <span class='ocr_line' id='line_1_33' title="bbox 129 2017 1592 2076; baseline 0 -14"><span class='ocrx_word' id='word_1_289' title='bbox 129 2021 292 2063; x_wconf 88' lang='lat' dir='ltr'><strong>idcirco</strong></span> <span class='ocrx_word' id='word_1_290' title='bbox 313 2021 459 2062; x_wconf 76' lang='lat' dir='ltr'><strong>addita</strong></span> <span class='ocrx_word' id='word_1_291' title='bbox 484 2026 735 2076; x_wconf 83' lang='lat' dir='ltr'><strong>putassent,</strong></span> <span class='ocrx_word' id='word_1_292' title='bbox 766 2033 820 2060; x_wconf 92' lang='lat' dir='ltr'><strong>ne</strong></span> <span class='ocrx_word' id='word_1_293' title='bbox 841 2019 939 2074; x_wconf 86' lang='lat' dir='ltr'><strong>quis</strong></span> <span class='ocrx_word' id='word_1_294' title='bbox 960 2019 1136 2060; x_wconf 82' lang='lat' dir='ltr'><strong>nimiam</strong></span> <span class='ocrx_word' id='word_1_295' title='bbox 1160 2018 1305 2059; x_wconf 82' lang='lat' dir='ltr'><strong>etiam</strong></span> <span class='ocrx_word' id='word_1_296' title='bbox 1322 2017 1424 2060; x_wconf 85' lang='lat' dir='ltr'><strong>fidei</strong></span> <span class='ocrx_word' id='word_1_297' title='bbox 1449 2019 1592 2062; x_wconf 50' lang='lat' dir='ltr'><strong>facilia·</strong></span> 
     </span>
    </p>
   </div>
   <div class='ocr_carea' id='block_1_3' title="bbox 131 2074 1658 2132">
    <p class='ocr_par' dir='ltr' id='par_1_17' title="bbox 131 2074 1658 2132">
     <span class='ocr_line' id='line_1_34' title="bbox 131 2074 1658 2132; baseline -0.002 -12"><span class='ocrx_word' id='word_1_298' title='bbox 131 2082 267 2120; x_wconf 84' lang='lat' dir='ltr'><strong>tatem</strong></span> <span class='ocrx_word' id='word_1_299' title='bbox 307 2092 330 2119; x_wconf 82' lang='lat' dir='ltr'><strong>a</strong></span> <span class='ocrx_word' id='word_1_300' title='bbox 364 2076 416 2120; x_wconf 90' lang='lat' dir='ltr'><strong>P.</strong></span> <span class='ocrx_word' id='word_1_301' title='bbox 448 2077 621 2118; x_wconf 79' lang='lat' dir='ltr'><strong>defendi</strong></span> <span class='ocrx_word' id='word_1_302' title='bbox 646 2076 978 2132; x_wconf 78' lang='lat' dir='ltr'><strong>suspicaretur.</strong></span> <span class='ocrx_word' id='word_1_303' title='bbox 1052 2074 1211 2130; x_wconf 79' lang='lat' dir='ltr'><strong>ltaque</strong></span> <span class='ocrx_word' id='word_1_304' title='bbox 1238 2088 1348 2131; x_wconf 83' lang='lat' dir='ltr'><strong>quae</strong></span> <span class='ocrx_word' id='word_1_305' title='bbox 1374 2088 1415 2118; x_wconf 87' lang='lat' dir='ltr'><strong>v.</strong></span> <span class='ocrx_word' id='word_1_306' title='bbox 1443 2075 1593 2118; x_wconf 78' lang='lat' dir='ltr'><strong>valent</strong></span> <span class='ocrx_word' id='word_1_307' title='bbox 1655 2095 1658 2098; x_wconf 86' lang='lat'>·</span> 
     </span>
    </p>
   </div>
   <div class='ocr_carea' id='block_1_4' title="bbox 71 2123 1592 2864">
    <p class='ocr_par' dir='ltr' id='par_1_18' title="bbox 71 2123 1592 2864">
     <span class='ocr_line' id='line_1_35' title="bbox 131 2123 1592 2188; baseline -0.001 -13"><span class='ocrx_word' id='word_1_308' title='bbox 131 2134 220 2175; x_wconf 78' lang='lat' dir='ltr'><strong>noli</strong></span> <span class='ocrx_word' id='word_1_309' title='bbox 247 2138 384 2176; x_wconf 78' lang='lat' dir='ltr'><strong>tecum</strong></span> <span class='ocrx_word' id='word_1_310' title='bbox 416 2134 601 2188; x_wconf 70' lang='lat' dir='ltr'><strong>coyae&#39;iure</strong></span> <span class='ocrx_word' id='word_1_311' title='bbox 633 2138 797 2173; x_wconf 88' lang='lat' dir='ltr'><strong>temere</strong></span> <span class='ocrx_word' id='word_1_312' title='bbox 839 2132 902 2173; x_wconf 84' lang='lat' dir='ltr'><strong>sic</strong></span> <span class='ocrx_word' id='word_1_313' title='bbox 938 2131 1262 2187; x_wconf 85' lang='lat' dir='ltr'><strong>explicuerunt:</strong></span> <span class='ocrx_word' id='word_1_314' title='bbox 1311 2123 1592 2173; x_wconf 66' lang='lat' dir='ltr'><strong>dubitationes</strong></span> 
     </span>
     <span class='ocr_line' id='line_1_36' title="bbox 127 2184 1589 2244; baseline -0.002 -12"><span class='ocrx_word' id='word_1_315' title='bbox 127 2187 231 2244; x_wconf 75' lang='lat' dir='ltr'><strong>fidei</strong></span> <span class='ocrx_word' id='word_1_316' title='bbox 257 2190 452 2232; x_wconf 71' lang='lat' dir='ltr'><strong>inimicas</strong></span> <span class='ocrx_word' id='word_1_317' title='bbox 480 2190 646 2231; x_wconf 79' lang='lat' dir='ltr'><strong>omnino</strong></span> <span class='ocrx_word' id='word_1_318' title='bbox 671 2188 756 2230; x_wconf 73' lang='lat' dir='ltr'><strong>noli</strong></span> <span class='ocrx_word' id='word_1_319' title='bbox 782 2189 921 2230; x_wconf 76' lang='lat' dir='ltr'><strong>animo</strong></span> <span class='ocrx_word' id='word_1_320' title='bbox 949 2187 1184 2241; x_wconf 77' lang='lat' dir='ltr'><strong>complecti.</strong></span> <span class='ocrx_word' id='word_1_321' title='bbox 1241 2186 1383 2242; x_wconf 85' lang='lat' dir='ltr'><strong>(Haec</strong></span> <span class='ocrx_word' id='word_1_322' title='bbox 1404 2184 1589 2229; x_wconf 82' lang='lat' dir='ltr'><strong>Patrum</strong></span> 
     </span>
     <span class='ocr_line' id='line_1_37' title="bbox 131 2241 1592 2301; baseline -0.003 -12"><span class='ocrx_word' id='word_1_323' title='bbox 131 2260 201 2300; x_wconf 88' lang='lat' dir='ltr'><strong>gr.</strong></span> <span class='ocrx_word' id='word_1_324' title='bbox 223 2248 449 2287; x_wconf 79' lang='lat' dir='ltr'><strong>temeritas</strong></span> <span class='ocrx_word' id='word_1_325' title='bbox 472 2246 736 2301; x_wconf 82' lang='lat' dir='ltr'><strong>interpretes</strong></span> <span class='ocrx_word' id='word_1_326' title='bbox 759 2246 886 2297; x_wconf 80' lang='lat' dir='ltr'><strong>vulgo</strong></span> <span class='ocrx_word' id='word_1_327' title='bbox 910 2244 1164 2301; x_wconf 81' lang='lat' dir='ltr'><strong>praeteriit,</strong></span> <span class='ocrx_word' id='word_1_328' title='bbox 1194 2257 1234 2286; x_wconf 78' lang='lat' dir='ltr'><strong>v,</strong></span> <span class='ocrx_word' id='word_1_329' title='bbox 1263 2257 1301 2286; x_wconf 89' lang='lat' dir='ltr'><strong>c.</strong></span> <span class='ocrx_word' id='word_1_330' title='bbox 1325 2241 1592 2285; x_wconf 75' lang='lat' dir='ltr'><strong><em>Tholuoeium</em></strong></span> 
     </span>
     <span class='ocr_line' id='line_1_38' title="bbox 131 2299 1590 2359; baseline -0.003 -13"><span class='ocrx_word' id='word_1_331' title='bbox 131 2317 178 2359; x_wconf 87' lang='lat' dir='ltr'><strong>p.</strong></span> <span class='ocrx_word' id='word_1_332' title='bbox 206 2303 329 2356; x_wconf 77' lang='lat'><strong>425.)</strong></span> <span class='ocrx_word' id='word_1_333' title='bbox 385 2302 588 2357; x_wconf 87' lang='lat' dir='ltr'><strong>Denique</strong></span> <span class='ocrx_word' id='word_1_334' title='bbox 619 2302 906 2350; x_wconf 81' lang='lat' dir='ltr'><strong>sententiam,</strong></span> <span class='ocrx_word' id='word_1_335' title='bbox 943 2314 1070 2356; x_wconf 85' lang='lat' dir='ltr'><strong>quam</strong></span> <span class='ocrx_word' id='word_1_336' title='bbox 1089 2300 1157 2340; x_wconf 88' lang='lat' dir='ltr'><strong>illi</strong></span> <span class='ocrx_word' id='word_1_337' title='bbox 1177 2299 1466 2355; x_wconf 63' lang='lat' dir='ltr'><strong>explicatores</strong></span> <span class='ocrx_word' id='word_1_338' title='bbox 1494 2313 1590 2341; x_wconf 83' lang='lat' dir='ltr'><strong>ver-</strong></span> 
     </span>
     <span class='ocr_line' id='line_1_39' title="bbox 132 2354 1591 2415; baseline -0.002 -15"><span class='ocrx_word' id='word_1_339' title='bbox 132 2358 255 2402; x_wconf 81' lang='lat' dir='ltr'><strong>sibus</strong></span> <span class='ocrx_word' id='word_1_340' title='bbox 286 2362 314 2400; x_wconf 88' lang='lat'><strong>6</strong></span> <span class='ocrx_word' id='word_1_341' title='bbox 334 2383 388 2389; x_wconf 89' lang='lat'><strong>—</strong></span> <span class='ocrx_word' id='word_1_342' title='bbox 408 2358 453 2402; x_wconf 83' lang='lat'><strong>8.</strong></span> <span class='ocrx_word' id='word_1_343' title='bbox 482 2358 788 2415; x_wconf 81' lang='lat' dir='ltr'><strong>subjecerunt,</strong></span> <span class='ocrx_word' id='word_1_344' title='bbox 839 2356 963 2397; x_wconf 75' lang='lat' dir='ltr'><strong>Pauli</strong></span> <span class='ocrx_word' id='word_1_345' title='bbox 1006 2354 1247 2411; x_wconf 83' lang='lat' dir='ltr'><strong>disputatio</strong></span> <span class='ocrx_word' id='word_1_346' title='bbox 1282 2356 1475 2411; x_wconf 71' lang='lat' dir='ltr'><strong>respuit,</strong></span> <span class='ocrx_word' id='word_1_347' title='bbox 1519 2355 1591 2397; x_wconf 89' lang='lat' dir='ltr'><strong>cui</strong></span> 
     </span>
     <span class='ocr_line' id='line_1_40' title="bbox 132 2411 1591 2459; baseline -0.002 -2"><span class='ocrx_word' id='word_1_348' title='bbox 132 2429 176 2459; x_wconf 91' lang='lat' dir='ltr'><strong>v.</strong></span> <span class='ocrx_word' id='word_1_349' title='bbox 206 2416 234 2456; x_wconf 81' lang='grc'>5</span> <span class='ocrx_word' id='word_1_350' title='bbox 258 2440 306 2446; x_wconf 83' lang='grc'>-</span> <span class='ocrx_word' id='word_1_351' title='bbox 325 2416 369 2458; x_wconf 85' lang='grc'><strong>8.</strong></span> <span class='ocrx_word' id='word_1_352' title='bbox 399 2417 616 2457; x_wconf 82' lang='lat' dir='ltr'><strong>sententia</strong></span> <span class='ocrx_word' id='word_1_353' title='bbox 652 2428 694 2456; x_wconf 77' lang='lat' dir='ltr'><strong>v.</strong></span> <span class='ocrx_word' id='word_1_354' title='bbox 724 2414 768 2456; x_wconf 81' lang='lat'><strong>4.</strong></span> <span class='ocrx_word' id='word_1_355' title='bbox 798 2413 1023 2454; x_wconf 86' lang='lat' dir='ltr'><strong>enuntiata</strong></span> <span class='ocrx_word' id='word_1_356' title='bbox 1050 2412 1191 2454; x_wconf 86' lang='lat' dir='ltr'><strong>Mosis</strong></span> <span class='ocrx_word' id='word_1_357' title='bbox 1219 2411 1476 2454; x_wconf 83' lang='lat' dir='ltr'><strong>auctoritate</strong></span> <span class='ocrx_word' id='word_1_358' title='bbox 1503 2412 1591 2454; x_wconf 82' lang='lat' dir='ltr'><strong>tul-</strong></span> 
     </span>
     <span class='ocr_line' id='line_1_41' title="bbox 133 2468 1590 2526; baseline -0.001 -14"><span class='ocrx_word' id='word_1_359' title='bbox 133 2470 285 2512; x_wconf 85' lang='lat' dir='ltr'><strong>cienda</strong></span> <span class='ocrx_word' id='word_1_360' title='bbox 307 2478 398 2513; x_wconf 68' lang='lat' dir='ltr'><strong>est:</strong></span> <span class='ocrx_word' id='word_1_361' title='bbox 437 2471 563 2512; x_wconf 88' lang='lat' dir='ltr'><strong>finem</strong></span> <span class='ocrx_word' id='word_1_362' title='bbox 585 2469 848 2526; x_wconf 84' lang='lat' dir='ltr'><strong>imposuisse</strong></span> <span class='ocrx_word' id='word_1_363' title='bbox 872 2469 1095 2512; x_wconf 85' lang='lat' dir='ltr'><strong>Christum</strong></span> <span class='ocrx_word' id='word_1_364' title='bbox 1126 2468 1216 2522; x_wconf 84' lang='lat' dir='ltr'><strong>legi</strong></span> <span class='ocrx_word' id='word_1_365' title='bbox 1245 2482 1376 2517; x_wconf 71' lang='lat' dir='ltr'><strong>mos..</strong></span> <span class='ocrx_word' id='word_1_366' title='bbox 1417 2473 1467 2510; x_wconf 89' lang='lat' dir='ltr'><strong>ut</strong></span> <span class='ocrx_word' id='word_1_367' title='bbox 1493 2468 1590 2524; x_wconf 78' lang='lat' dir='ltr'><strong>qui-</strong></span> 
     </span>
     <span class='ocr_line' id='line_1_42' title="bbox 134 2525 1592 2582; baseline -0.002 -13"><span class='ocrx_word' id='word_1_368' title='bbox 134 2541 302 2582; x_wconf 88' lang='lat' dir='ltr'><strong>cunque</strong></span> <span class='ocrx_word' id='word_1_369' title='bbox 333 2527 460 2579; x_wconf 77' lang='lat' dir='ltr'><strong>fidem</strong></span> <span class='ocrx_word' id='word_1_370' title='bbox 499 2528 678 2568; x_wconf 81' lang='lat' dir='ltr'><strong>haberet</strong></span> <span class='ocrx_word' id='word_1_371' title='bbox 705 2526 1001 2578; x_wconf 78' lang='lat' dir='ltr'><strong>integritatem</strong></span> <span class='ocrx_word' id='word_1_372' title='bbox 1032 2526 1265 2582; x_wconf 85' lang='lat' dir='ltr'><strong>acciperet.</strong></span> <span class='ocrx_word' id='word_1_373' title='bbox 1336 2525 1482 2581; x_wconf 87' lang='lat' dir='ltr'><strong>Atqui</strong></span> <span class='ocrx_word' id='word_1_374' title='bbox 1511 2525 1592 2566; x_wconf 86' lang='lat' dir='ltr'><strong>hoc</strong></span> 
     </span>
     <span class='ocr_line' id='line_1_43' title="bbox 71 2580 1591 2637; baseline -0.003 -12"><span class='ocrx_word' id='word_1_375' title='bbox 71 2630 74 2633; x_wconf 55' lang='grc'><strong>,</strong></span> <span class='ocrx_word' id='word_1_376' title='bbox 134 2583 320 2625; x_wconf 87' lang='lat' dir='ltr'><strong>consilio</strong></span> <span class='ocrx_word' id='word_1_377' title='bbox 343 2583 566 2624; x_wconf 82' lang='lat' dir='ltr'><strong>Christum</strong></span> <span class='ocrx_word' id='word_1_378' title='bbox 589 2583 726 2624; x_wconf 77' lang='lat' dir='ltr'><strong>Musis</strong></span> <span class='ocrx_word' id='word_1_379' title='bbox 743 2583 832 2636; x_wconf 88' lang='lat' dir='ltr'><strong>legi</strong></span> <span class='ocrx_word' id='word_1_380' title='bbox 855 2584 979 2623; x_wconf 81' lang='lat' dir='ltr'><strong>linem</strong></span> <span class='ocrx_word' id='word_1_381' title='bbox 1001 2581 1158 2623; x_wconf 85' lang='lat' dir='ltr'><strong>fecisse</strong></span> <span class='ocrx_word' id='word_1_382' title='bbox 1178 2595 1261 2622; x_wconf 88' lang='lat' dir='ltr'><strong>non</strong></span> <span class='ocrx_word' id='word_1_383' title='bbox 1284 2594 1334 2622; x_wconf 86' lang='lat' dir='ltr'><strong>ex</strong></span> <span class='ocrx_word' id='word_1_384' title='bbox 1364 2595 1414 2622; x_wconf 90' lang='lat' dir='ltr'><strong>eo</strong></span> <span class='ocrx_word' id='word_1_385' title='bbox 1444 2580 1591 2637; x_wconf 60' lang='lat' dir='ltr'><strong>sequi-v</strong></span> 
     </span>
     <span class='ocr_line' id='line_1_44' title="bbox 135 2637 1590 2695; baseline -0.002 -14"><span class='ocrx_word' id='word_1_386' title='bbox 135 2645 236 2689; x_wconf 87' lang='lat' dir='ltr'><strong>tur,</strong></span> <span class='ocrx_word' id='word_1_387' title='bbox 267 2638 382 2694; x_wconf 84' lang='lat' dir='ltr'><strong>quod</strong></span> <span class='ocrx_word' id='word_1_388' title='bbox 404 2639 524 2680; x_wconf 82' lang='lat' dir='ltr'><strong>Mose</strong></span> <span class='ocrx_word' id='word_1_389' title='bbox 546 2641 641 2695; x_wconf 87' lang='lat' dir='ltr'><strong>ipso</strong></span> <span class='ocrx_word' id='word_1_390' title='bbox 663 2645 840 2680; x_wconf 88' lang='lat' dir='ltr'><strong>auctore</strong></span> <span class='ocrx_word' id='word_1_391' title='bbox 863 2639 1094 2692; x_wconf 83' lang='lat' dir='ltr'><strong>integritas</strong></span> <span class='ocrx_word' id='word_1_392' title='bbox 1114 2637 1227 2690; x_wconf 83' lang='lat' dir='ltr'><strong>legis</strong></span> <span class='ocrx_word' id='word_1_393' title='bbox 1254 2650 1360 2680; x_wconf 85' lang='lat' dir='ltr'><strong>mos.</strong></span> <span class='ocrx_word' id='word_1_394' title='bbox 1388 2638 1590 2679; x_wconf 76' lang='lat' dir='ltr'><strong>observa·</strong></span> 
     </span>
     <span class='ocr_line' id='line_1_45' title="bbox 137 2693 1588 2751; baseline -0.002 -14"><span class='ocrx_word' id='word_1_395' title='bbox 137 2697 259 2737; x_wconf 89' lang='lat' dir='ltr'><strong>tione</strong></span> <span class='ocrx_word' id='word_1_396' title='bbox 281 2695 537 2748; x_wconf 68' lang='lat' dir='ltr'><strong>difficulter,</strong></span> <span class='ocrx_word' id='word_1_397' title='bbox 567 2697 651 2736; x_wconf 84' lang='lat' dir='ltr'><strong>fide</strong></span> <span class='ocrx_word' id='word_1_398' title='bbox 673 2701 821 2736; x_wconf 76' lang='lat' dir='ltr'><strong>contra</strong></span> <span class='ocrx_word' id='word_1_399' title='bbox 853 2696 979 2735; x_wconf 77' lang='lat' dir='ltr'><strong>facile</strong></span> <span class='ocrx_word' id='word_1_400' title='bbox 1010 2699 1188 2751; x_wconf 84' lang='lat' dir='ltr'><strong>paretur</strong></span> <span class='ocrx_word' id='word_1_401' title='bbox 1212 2696 1329 2745; x_wconf 87' lang='lat' dir='ltr'><strong>(nam</strong></span> <span class='ocrx_word' id='word_1_402' title='bbox 1349 2693 1489 2735; x_wconf 88' lang='lat' dir='ltr'><strong>Mosis</strong></span> <span class='ocrx_word' id='word_1_403' title='bbox 1515 2694 1588 2734; x_wconf 85' lang='lat' dir='ltr'><strong>lex</strong></span> 
     </span>
     <span class='ocr_line' id='line_1_46' title="bbox 136 2748 1590 2809; baseline -0.003 -15"><span class='ocrx_word' id='word_1_404' title='bbox 136 2751 227 2794; x_wconf 91' lang='lat' dir='ltr'><strong>Dei</strong></span> <span class='ocrx_word' id='word_1_405' title='bbox 254 2751 515 2792; x_wconf 83' lang='lat' dir='ltr'><strong>anctoritate</strong></span> <span class='ocrx_word' id='word_1_406' title='bbox 544 2754 816 2809; x_wconf 71' lang='lat' dir='ltr'><strong>promulgata</strong></span> <span class='ocrx_word' id='word_1_407' title='bbox 846 2750 1036 2792; x_wconf 84' lang='lat' dir='ltr'><strong>absurde</strong></span> <span class='ocrx_word' id='word_1_408' title='bbox 1064 2753 1297 2808; x_wconf 83' lang='lat' dir='ltr'><strong>propterea</strong></span> <span class='ocrx_word' id='word_1_409' title='bbox 1321 2751 1376 2790; x_wconf 86' lang='lat' dir='ltr'><strong>ab</strong></span> <span class='ocrx_word' id='word_1_410' title='bbox 1406 2748 1590 2792; x_wconf 82' lang='lat' dir='ltr'><strong>homini-</strong></span> 
     </span>
     <span class='ocr_line' id='line_1_47' title="bbox 137 2805 1591 2864; baseline -0.001 -14"><span class='ocrx_word' id='word_1_411' title='bbox 137 2808 217 2850; x_wconf 88' lang='lat' dir='ltr'><strong>bus</strong></span> <span class='ocrx_word' id='word_1_412' title='bbox 240 2807 538 2859; x_wconf 76' lang='lat' dir='ltr'><strong>desereretur,</strong></span> <span class='ocrx_word' id='word_1_413' title='bbox 579 2807 693 2863; x_wconf 83' lang='lat' dir='ltr'><strong>quod</strong></span> <span class='ocrx_word' id='word_1_414' title='bbox 714 2808 844 2850; x_wconf 79' lang='lat' dir='ltr'><strong>duras</strong></span> <span class='ocrx_word' id='word_1_415' title='bbox 877 2808 931 2850; x_wconf 77' lang='lat' dir='ltr'><strong>iis</strong></span> <span class='ocrx_word' id='word_1_416' title='bbox 959 2809 1080 2862; x_wconf 84' lang='lat' dir='ltr'><strong>leges</strong></span> <span class='ocrx_word' id='word_1_417' title='bbox 1106 2806 1398 2864; x_wconf 76' lang='lat' dir='ltr'><strong>injungeret),</strong></span> <span class='ocrx_word' id='word_1_418' title='bbox 1435 2805 1513 2849; x_wconf 85' lang='lat' dir='ltr'><strong>sed</strong></span> <span class='ocrx_word' id='word_1_419' title='bbox 1539 2819 1591 2848; x_wconf 87' lang='lat' dir='ltr'><strong>ex</strong></span> 
     </span>
    </p>
   </div>
  </div>
 </body>
</html>
