<?xml version="1.0" encoding="UTF-8"?>
<!DOCTYPE html PUBLIC "-//W3C//DTD XHTML 1.0 Transitional//EN"
    "http://www.w3.org/TR/xhtml1/DTD/xhtml1-transitional.dtd">
<html xmlns="http://www.w3.org/1999/xhtml" xml:lang="en" lang="en">
 <head>
  <title>
</title>
<meta http-equiv="Content-Type" content="text/html;charset=utf-8" />
  <meta name='ocr-system' content='tesseract 3.04.00' />
  <meta name='ocr-capabilities' content='ocr_page ocr_carea ocr_par ocr_line ocrx_word'/>
</head>
<body>
  <div class='ocr_page' id='page_1' title='image "./pauliadromanosep02frituoft/pauliadromanosep02frituoft_0282.png"; bbox 0 0 1715 3115; ppageno 0'>
   <div class='ocr_carea' id='block_1_1' title="bbox 167 169 1350 219">
    <p class='ocr_par' dir='ltr' id='par_1_1' title="bbox 167 169 1350 219">
     <span class='ocr_line' id='line_1_1' title="bbox 167 169 1350 219; baseline 0.003 -5"><span class='ocrx_word' id='word_1_1' title='bbox 167 171 254 216; x_wconf 81' lang='lat'>208</span> <span class='ocrx_word' id='word_1_2' title='bbox 451 169 830 217; x_wconf 78' lang='lat' dir='ltr'><strong>EPISTOLA</strong></span> <span class='ocrx_word' id='word_1_3' title='bbox 862 173 962 217; x_wconf 88' lang='lat' dir='ltr'>AD</span> <span class='ocrx_word' id='word_1_4' title='bbox 993 174 1350 219; x_wconf 81' lang='lat' dir='ltr'><strong>ROMANOS</strong></span> 
     </span>
    </p>
   </div>
   <div class='ocr_carea' id='block_1_2' title="bbox 163 277 1628 556">
    <p class='ocr_par' dir='ltr' id='par_1_2' title="bbox 163 277 1628 556">
     <span class='ocr_line' id='line_1_2' title="bbox 167 277 1628 335; baseline 0.003 -14"><span class='ocrx_word' id='word_1_5' title='bbox 167 277 335 321; x_wconf 75' lang='lat' dir='ltr'>Christi</span> <span class='ocrx_word' id='word_1_6' title='bbox 371 291 588 334; x_wconf 81' lang='lat' dir='ltr'>nunquam</span> <span class='ocrx_word' id='word_1_7' title='bbox 624 279 742 328; x_wconf 82' lang='lat' dir='ltr'>(num</span> <span class='ocrx_word' id='word_1_8' title='bbox 772 279 801 319; x_wconf 85' lang='lat'>2</span> <span class='ocrx_word' id='word_1_9' title='bbox 833 279 951 322; x_wconf 76' lang='lat' dir='ltr'>Tim.</span> <span class='ocrx_word' id='word_1_10' title='bbox 973 280 1016 331; x_wconf 82' lang='lat'>4,</span> <span class='ocrx_word' id='word_1_11' title='bbox 1037 282 1103 323; x_wconf 80' lang='lat'>17.</span> <span class='ocrx_word' id='word_1_12' title='bbox 1134 281 1201 325; x_wconf 87' lang='lat'>18.</span> <span class='ocrx_word' id='word_1_13' title='bbox 1232 283 1282 323; x_wconf 75' lang='lat' dir='ltr'>de</span> <span class='ocrx_word' id='word_1_14' title='bbox 1317 282 1408 323; x_wconf 84' lang='lat' dir='ltr'>Deo</span> <span class='ocrx_word' id='word_1_15' title='bbox 1446 281 1628 335; x_wconf 80' lang='lat' dir='ltr'>agitur).</span> 
     </span>
     <span class='ocr_line' id='line_1_3' title="bbox 167 334 1628 393; baseline 0.003 -18"><span class='ocrx_word' id='word_1_16' title='bbox 167 334 326 376; x_wconf 76' lang='lat' dir='ltr'>Parum</span> <span class='ocrx_word' id='word_1_17' title='bbox 358 335 494 386; x_wconf 74' lang='lat' dir='ltr'>igitur</span> <span class='ocrx_word' id='word_1_18' title='bbox 519 334 729 376; x_wconf 74' lang='lat' dir='ltr'><strong>credibile</strong></span> <span class='ocrx_word' id='word_1_19' title='bbox 761 341 850 387; x_wconf 81' lang='lat' dir='ltr'>est,</span> <span class='ocrx_word' id='word_1_20' title='bbox 893 335 1099 389; x_wconf 77' lang='lat' dir='ltr'>Paulum,</span> <span class='ocrx_word' id='word_1_21' title='bbox 1139 338 1254 393; x_wconf 82' lang='lat' dir='ltr'>quod</span> <span class='ocrx_word' id='word_1_22' title='bbox 1281 351 1498 393; x_wconf 72' lang='lat' dir='ltr'>nunquam</span> <span class='ocrx_word' id='word_1_23' title='bbox 1525 338 1628 379; x_wconf 75' lang='lat' dir='ltr'>fecit</span> 
     </span>
     <span class='ocr_line' id='line_1_4' title="bbox 165 391 1627 447; baseline 0.002 -15"><span class='ocrx_word' id='word_1_24' title='bbox 165 393 300 441; x_wconf 73' lang='lat' dir='ltr'>alias,</span> <span class='ocrx_word' id='word_1_25' title='bbox 339 392 473 432; x_wconf 80' lang='lat' dir='ltr'>semel</span> <span class='ocrx_word' id='word_1_26' title='bbox 503 391 545 435; x_wconf 86' lang='lat' dir='ltr'>b.</span> <span class='ocrx_word' id='word_1_27' title='bbox 576 392 607 434; x_wconf 74' lang='lat' dir='ltr'>l.</span> <span class='ocrx_word' id='word_1_28' title='bbox 630 392 801 435; x_wconf 77' lang='lat' dir='ltr'>fecisse.</span> <span class='ocrx_word' id='word_1_29' title='bbox 858 392 985 447; x_wconf 67' lang='lat' dir='ltr'>Quod</span> <span class='ocrx_word' id='word_1_30' title='bbox 1008 402 1306 447; x_wconf 74' lang='lat' dir='ltr'>nrguuwntum</span> <span class='ocrx_word' id='word_1_31' title='bbox 1329 409 1410 436; x_wconf 88' lang='lat' dir='ltr'>uun</span> <span class='ocrx_word' id='word_1_32' title='bbox 1434 409 1483 435; x_wconf 80' lang='lat' dir='ltr'>eo</span> <span class='ocrx_word' id='word_1_33' title='bbox 1505 394 1627 435; x_wconf 83' lang='lat' dir='ltr'>infir-</span> 
     </span>
     <span class='ocr_line' id='line_1_5' title="bbox 166 447 1624 505; baseline 0.003 -18"><span class='ocrx_word' id='word_1_34' title='bbox 166 455 332 498; x_wconf 76' lang='lat' dir='ltr'>matur,</span> <span class='ocrx_word' id='word_1_35' title='bbox 381 447 495 502; x_wconf 90' lang='lat' dir='ltr'>quod</span> <span class='ocrx_word' id='word_1_36' title='bbox 539 448 616 489; x_wconf 70' lang='lat' dir='ltr'>alie·</span> <span class='ocrx_word' id='word_1_37' title='bbox 650 448 875 502; x_wconf 72' lang='lat' dir='ltr'>scriptores</span> <span class='ocrx_word' id='word_1_38' title='bbox 908 464 987 505; x_wconf 83' lang='lat' dir='ltr'>pro</span> <span class='ocrx_word' id='word_1_39' title='bbox 1036 450 1113 491; x_wconf 68' lang='lat' dir='ltr'>suti</span> <span class='ocrx_word' id='word_1_40' title='bbox 1154 451 1363 491; x_wconf 72' lang='lat' dir='ltr'>adversus</span> <span class='ocrx_word' id='word_1_41' title='bbox 1401 449 1624 492; x_wconf 74' lang='lat' dir='ltr'>Christum</span> 
     </span>
     <span class='ocr_line' id='line_1_6' title="bbox 163 503 1628 556; baseline 0.001 -10"><span class='ocrx_word' id='word_1_42' title='bbox 163 504 406 546; x_wconf 61' lang='lat' dir='ltr'>reverentis</span> <span class='ocrx_word' id='word_1_43' title='bbox 429 503 650 546; x_wconf 73' lang='lat' dir='ltr'><strong>Christum</strong></span> <span class='ocrx_word' id='word_1_44' title='bbox 670 503 874 546; x_wconf 78' lang='lat' dir='ltr'>laudibus</span> <span class='ocrx_word' id='word_1_45' title='bbox 894 506 1126 556; x_wconf 66' lang='lat' dir='ltr'>doxologifi</span> <span class='ocrx_word' id='word_1_46' title='bbox 1156 507 1394 548; x_wconf 76' lang='lat' dir='ltr'>eiiiintiutis</span> <span class='ocrx_word' id='word_1_47' title='bbox 1414 507 1628 548; x_wconf 78' lang='lat' dir='ltr'>extollere</span> 
     </span>
    </p>
   </div>
   <div class='ocr_carea' id='block_1_3' title="bbox 164 557 1624 619">
    <p class='ocr_par' dir='ltr' id='par_1_3' title="bbox 164 557 1624 619">
     <span class='ocr_line' id='line_1_7' title="bbox 164 557 1624 619; baseline 0.002 -18"><span class='ocrx_word' id='word_1_48' title='bbox 164 575 245 602; x_wconf 89' lang='lat' dir='ltr'>non</span> <span class='ocrx_word' id='word_1_49' title='bbox 279 559 536 603; x_wconf 74' lang='lat' dir='ltr'>dubitarunt</span> <span class='ocrx_word' id='word_1_50' title='bbox 563 564 621 617; x_wconf 89' lang='lat' dir='ltr'>(v.</span> <span class='ocrx_word' id='word_1_51' title='bbox 643 561 672 602; x_wconf 87' lang='lat'>2</span> <span class='ocrx_word' id='word_1_52' title='bbox 689 557 813 606; x_wconf 85' lang='lat' dir='ltr'>Petr.</span> <span class='ocrx_word' id='word_1_53' title='bbox 831 561 873 615; x_wconf 88' lang='lat'>3,</span> <span class='ocrx_word' id='word_1_54' title='bbox 895 563 965 607; x_wconf 90' lang='grc'>18.</span> <span class='ocrx_word' id='word_1_55' title='bbox 997 564 1142 619; x_wconf 80' lang='lat' dir='ltr'>Apoc.</span> <span class='ocrx_word' id='word_1_56' title='bbox 1161 563 1203 616; x_wconf 82' lang='lat'>5,</span> <span class='ocrx_word' id='word_1_57' title='bbox 1217 563 1287 607; x_wconf 86' lang='lat'>12.</span> <span class='ocrx_word' id='word_1_58' title='bbox 1308 577 1378 619; x_wconf 84' lang='lat' dir='ltr'>sq.</span> <span class='ocrx_word' id='word_1_59' title='bbox 1403 562 1483 609; x_wconf 84' lang='lat' dir='ltr'>Ev.</span> <span class='ocrx_word' id='word_1_60' title='bbox 1500 562 1624 605; x_wconf 89' lang='lat' dir='ltr'>Tho-</span> 
     </span>
    </p>
   </div>
   <div class='ocr_carea' id='block_1_4' title="bbox 233 709 1622 2818">
    <p class='ocr_par' dir='ltr' id='par_1_4' title="bbox 233 709 1622 2818">
     <span class='ocr_line' id='line_1_8' title="bbox 249 709 1622 759; baseline 0.001 -14"><span class='ocrx_word' id='word_1_61' title='bbox 249 718 328 751; x_wconf 78' lang='lat' dir='ltr'>tur,</span> <span class='ocrx_word' id='word_1_62' title='bbox 363 710 461 756; x_wconf 88' lang='lat' dir='ltr'>quod</span> <span class='ocrx_word' id='word_1_63' title='bbox 495 722 568 744; x_wconf 90' lang='lat' dir='ltr'>non</span> <span class='ocrx_word' id='word_1_64' title='bbox 593 722 683 757; x_wconf 84' lang='lat' dir='ltr'>opus</span> <span class='ocrx_word' id='word_1_65' title='bbox 714 709 839 756; x_wconf 83' lang='lat' dir='ltr'>suerit,</span> <span class='ocrx_word' id='word_1_66' title='bbox 873 719 911 746; x_wconf 77' lang='lat' dir='ltr'>ut</span> <span class='ocrx_word' id='word_1_67' title='bbox 935 712 1051 754; x_wconf 86' lang='lat' dir='ltr'>Deus,</span> <span class='ocrx_word' id='word_1_68' title='bbox 1085 725 1192 757; x_wconf 88' lang='lat' dir='ltr'>quem</span> <span class='ocrx_word' id='word_1_69' title='bbox 1219 725 1388 759; x_wconf 86' lang='lat' dir='ltr'>magnum</span> <span class='ocrx_word' id='word_1_70' title='bbox 1412 724 1486 747; x_wconf 87' lang='lat' dir='ltr'>esse</span> <span class='ocrx_word' id='word_1_71' title='bbox 1513 725 1622 748; x_wconf 88' lang='lat' dir='ltr'>nemo</span> 
     </span>
     <span class='ocr_line' id='line_1_9' title="bbox 249 755 1621 804; baseline 0.001 -14"><span class='ocrx_word' id='word_1_72' title='bbox 249 756 356 791; x_wconf 79' lang='lat' dir='ltr'>facile</span> <span class='ocrx_word' id='word_1_73' title='bbox 390 764 531 802; x_wconf 78' lang='lat' dir='ltr'>negaset</span> <span class='ocrx_word' id='word_1_74' title='bbox 560 763 592 790; x_wconf 89' lang='lat' dir='ltr'>et</span> <span class='ocrx_word' id='word_1_75' title='bbox 619 755 733 801; x_wconf 78' lang='grc' dir='ltr'><em>μεγιὶς</em></span> <span class='ocrx_word' id='word_1_76' title='bbox 766 757 962 803; x_wconf 79' lang='lat' dir='ltr'>diceretur,</span> <span class='ocrx_word' id='word_1_77' title='bbox 994 758 1173 799; x_wconf 76' lang='lat' dir='ltr'>Christus,</span> <span class='ocrx_word' id='word_1_78' title='bbox 1208 758 1309 802; x_wconf 86' lang='lat' dir='ltr'>cujus</span> <span class='ocrx_word' id='word_1_79' title='bbox 1334 757 1542 804; x_wconf 79' lang='lat' dir='ltr'>magnitudo</span> <span class='ocrx_word' id='word_1_80' title='bbox 1567 765 1621 794; x_wconf 89' lang='lat' dir='ltr'>tot</span> 
     </span>
     <span class='ocr_line' id='line_1_10' title="bbox 249 802 1621 849; baseline 0.001 -13"><span class='ocrx_word' id='word_1_81' title='bbox 249 802 412 836; x_wconf 79' lang='lat' dir='ltr'>homines</span> <span class='ocrx_word' id='word_1_82' title='bbox 453 808 666 847; x_wconf 86' lang='lat' dir='ltr'>praetereat,</span> <span class='ocrx_word' id='word_1_83' title='bbox 707 810 785 847; x_wconf 80' lang='lat' dir='ltr'>apte</span> <span class='ocrx_word' id='word_1_84' title='bbox 823 806 936 849; x_wconf 67' lang='grc' dir='ltr'><em>μέγας</em></span> <span class='ocrx_word' id='word_1_85' title='bbox 977 811 1127 839; x_wconf 85' lang='lat' dir='ltr'>vocetur</span> <span class='ocrx_word' id='word_1_86' title='bbox 1165 805 1209 848; x_wconf 79' lang='lat' dir='ltr'>(v.</span> <span class='ocrx_word' id='word_1_87' title='bbox 1244 805 1431 838; x_wconf 73' lang='lat' dir='ltr'>Ustert&#39;um</span> <span class='ocrx_word' id='word_1_88' title='bbox 1465 804 1487 839; x_wconf 86' lang='grc' dir='ltr'>Ι.</span> <span class='ocrx_word' id='word_1_89' title='bbox 1519 817 1553 839; x_wconf 80' lang='lat' dir='ltr'>c.</span> <span class='ocrx_word' id='word_1_90' title='bbox 1587 812 1621 838; x_wconf 86' lang='lat' dir='ltr'>et</span> 
     </span>
     <span class='ocr_line' id='line_1_11' title="bbox 248 847 1620 895; baseline 0.001 -14"><span class='ocrx_word' id='word_1_91' title='bbox 248 860 475 892; x_wconf 52' lang='lat' dir='ltr'>anonymum</span> <span class='ocrx_word' id='word_1_92' title='bbox 503 847 526 881; x_wconf 90' lang='lat' dir='ltr'>l.</span> <span class='ocrx_word' id='word_1_93' title='bbox 551 848 575 882; x_wconf 90' lang='grc' dir='ltr'>Ι.</span> <span class='ocrx_word' id='word_1_94' title='bbox 602 861 635 894; x_wconf 85' lang='lat' dir='ltr'>p.</span> <span class='ocrx_word' id='word_1_95' title='bbox 656 847 788 891; x_wconf 76' lang='lat'>135.)!!</span> <span class='ocrx_word' id='word_1_96' title='bbox 837 852 884 884; x_wconf 79' lang='lat' dir='ltr'>At</span> <span class='ocrx_word' id='word_1_97' title='bbox 914 863 977 895; x_wconf 79' lang='lat' dir='ltr'>ego</span> <span class='ocrx_word' id='word_1_98' title='bbox 1011 858 1240 895; x_wconf 80' lang='lat' dir='ltr'>putaveram,</span> <span class='ocrx_word' id='word_1_99' title='bbox 1273 853 1388 884; x_wconf 81' lang='lat' dir='ltr'>Deum</span> <span class='ocrx_word' id='word_1_100' title='bbox 1421 862 1531 895; x_wconf 88' lang='lat' dir='ltr'>quum</span> <span class='ocrx_word' id='word_1_101' title='bbox 1557 851 1620 883; x_wconf 76' lang='lat' dir='ltr'>sit</span> 
     </span>
     <span class='ocr_line' id='line_1_12' title="bbox 248 893 1619 941; baseline 0.001 -15"><span class='ocrx_word' id='word_1_102' title='bbox 248 905 428 936; x_wconf 74' lang='lat' dir='ltr'>magnus,</span> <span class='ocrx_word' id='word_1_103' title='bbox 453 893 528 936; x_wconf 76' lang='lat' dir='ltr'>jure</span> <span class='ocrx_word' id='word_1_104' title='bbox 552 893 657 928; x_wconf 85' lang='lat' dir='ltr'>etiam</span> <span class='ocrx_word' id='word_1_105' title='bbox 682 906 859 937; x_wconf 77' lang='lat' dir='ltr'>magnum</span> <span class='ocrx_word' id='word_1_106' title='bbox 884 896 1130 936; x_wconf 74' lang='lat' dir='ltr'>appellari</span> <span class='ocrx_word' id='word_1_107' title='bbox 1152 908 1269 941; x_wconf 85' lang='lat' dir='ltr'>neque</span> <span class='ocrx_word' id='word_1_108' title='bbox 1294 903 1434 929; x_wconf 85' lang='lat' dir='ltr'>nostros</span> <span class='ocrx_word' id='word_1_109' title='bbox 1459 895 1619 929; x_wconf 77' lang='lat' dir='ltr'>homines</span> 
     </span>
     <span class='ocr_line' id='line_1_13' title="bbox 247 939 1621 987; baseline -0.001 -11"><span class='ocrx_word' id='word_1_110' title='bbox 247 939 558 984; x_wconf 66' lang='lat' dir='ltr'>reprehendes-³¹¹¹,</span> <span class='ocrx_word' id='word_1_111' title='bbox 613 952 675 973; x_wconf 83' lang='lat' dir='ltr'>uos</span> <span class='ocrx_word' id='word_1_112' title='bbox 704 939 766 976; x_wconf 52' lang='lat' dir='ltr'>Qu</span> <span class='ocrx_word' id='word_1_113' title='bbox 789 941 954 986; x_wconf 69' lang='lat' dir='ltr'>gtofict</span> <span class='ocrx_word' id='word_1_114' title='bbox 979 941 1087 978; x_wconf 61' lang='lat' dir='ltr'>&amp;otu</span> <span class='ocrx_word' id='word_1_115' title='bbox 1124 942 1241 976; x_wconf 78' lang='lat' dir='ltr'><strong>dicere</strong></span> <span class='ocrx_word' id='word_1_116' title='bbox 1266 953 1366 987; x_wconf 76' lang='lat' dir='ltr'>saepe</span> <span class='ocrx_word' id='word_1_117' title='bbox 1393 940 1621 974; x_wconf 76' lang='lat' dir='ltr'>audivissem.</span> 
     </span>
     <span class='ocr_line' id='line_1_14' title="bbox 246 984 1620 1031; baseline -0.001 -11"><span class='ocrx_word' id='word_1_118' title='bbox 246 986 340 1028; x_wconf 81' lang='lat' dir='ltr'>Apte</span> <span class='ocrx_word' id='word_1_119' title='bbox 372 992 489 1018; x_wconf 75' lang='lat' dir='ltr'>autem</span> <span class='ocrx_word' id='word_1_120' title='bbox 525 984 558 1018; x_wconf 87' lang='lat' dir='ltr'>h.</span> <span class='ocrx_word' id='word_1_121' title='bbox 611 1010 618 1017; x_wconf 92' lang='lat'>.</span> <span class='ocrx_word' id='word_1_122' title='bbox 654 985 771 1019; x_wconf 86' lang='lat' dir='ltr'>Deum</span> <span class='ocrx_word' id='word_1_123' title='bbox 805 999 981 1029; x_wconf 76' lang='lat' dir='ltr'>magnum</span> <span class='ocrx_word' id='word_1_124' title='bbox 1016 988 1151 1021; x_wconf 88' lang='lat' dir='ltr'>dictum</span> <span class='ocrx_word' id='word_1_125' title='bbox 1189 1000 1282 1030; x_wconf 69' lang='lat' dir='ltr'>esse,</span> <span class='ocrx_word' id='word_1_126' title='bbox 1325 986 1419 1031; x_wconf 89' lang='lat' dir='ltr'>quod</span> <span class='ocrx_word' id='word_1_127' title='bbox 1461 992 1620 1030; x_wconf 80' lang='lat' dir='ltr'>quantus</span> 
     </span>
     <span class='ocr_line' id='line_1_15' title="bbox 247 1029 1621 1075; baseline 0 -12"><span class='ocrx_word' id='word_1_128' title='bbox 247 1038 335 1063; x_wconf 84' lang='lat' dir='ltr'>esset</span> <span class='ocrx_word' id='word_1_129' title='bbox 356 1029 481 1075; x_wconf 64' lang='lat' dir='ltr'>magnai</span> <span class='ocrx_word' id='word_1_130' title='bbox 500 1034 634 1075; x_wconf 67' lang='lat' dir='ltr'>pompei</span> <span class='ocrx_word' id='word_1_131' title='bbox 653 1031 895 1065; x_wconf 76' lang='lat' dir='ltr'>declaraturus</span> <span class='ocrx_word' id='word_1_132' title='bbox 918 1032 1098 1066; x_wconf 79' lang='lat' dir='ltr'>videretur</span> <span class='ocrx_word' id='word_1_133' title='bbox 1118 1032 1258 1067; x_wconf 82' lang='lat' dir='ltr'>Christo</span> <span class='ocrx_word' id='word_1_134' title='bbox 1277 1033 1320 1065; x_wconf 85' lang='lat' dir='ltr'>de</span> <span class='ocrx_word' id='word_1_135' title='bbox 1337 1032 1440 1066; x_wconf 82' lang='lat' dir='ltr'>coelo</span> <span class='ocrx_word' id='word_1_136' title='bbox 1459 1031 1621 1065; x_wconf 85' lang='lat' dir='ltr'>redeunti</span> 
     </span>
     <span class='ocr_line' id='line_1_16' title="bbox 246 1074 1621 1124; baseline 0 -15"><span class='ocrx_word' id='word_1_137' title='bbox 246 1074 447 1119; x_wconf 67' lang='lat' dir='ltr'>adjicienda}</span> <span class='ocrx_word' id='word_1_138' title='bbox 481 1075 550 1119; x_wconf 84' lang='lat' dir='ltr'>jam</span> <span class='ocrx_word' id='word_1_139' title='bbox 583 1089 688 1122; x_wconf 85' lang='lat' dir='ltr'>supra</span> <span class='ocrx_word' id='word_1_140' title='bbox 721 1077 964 1112; x_wconf 83' lang='lat' dir='ltr'>indicavimus.</span> <span class='ocrx_word' id='word_1_141' title='bbox 1020 1078 1185 1123; x_wconf 84' lang='lat' dir='ltr'>Denique</span> <span class='ocrx_word' id='word_1_142' title='bbox 1218 1090 1419 1124; x_wconf 78' lang='lat' dir='ltr'>anonymus</span> <span class='ocrx_word' id='word_1_143' title='bbox 1455 1078 1621 1110; x_wconf 78' lang='lat' dir='ltr'>debuisse</span> 
     </span>
     <span class='ocr_line' id='line_1_17' title="bbox 246 1120 1619 1169; baseline 0.001 -15"><span class='ocrx_word' id='word_1_144' title='bbox 246 1120 417 1164; x_wconf 84' lang='lat' dir='ltr'>Paulum,</span> <span class='ocrx_word' id='word_1_145' title='bbox 458 1121 486 1154; x_wconf 89' lang='lat' dir='ltr'>si</span> <span class='ocrx_word' id='word_1_146' title='bbox 518 1129 734 1156; x_wconf 82' lang='lat' dir='ltr'>servatorem</span> <span class='ocrx_word' id='word_1_147' title='bbox 766 1130 927 1156; x_wconf 84' lang='lat' dir='ltr'>nostrum</span> <span class='ocrx_word' id='word_1_148' title='bbox 964 1123 1087 1157; x_wconf 84' lang='lat' dir='ltr'>Jesum</span> <span class='ocrx_word' id='word_1_149' title='bbox 1121 1123 1301 1158; x_wconf 83' lang='lat' dir='ltr'>Christum</span> <span class='ocrx_word' id='word_1_150' title='bbox 1328 1135 1346 1156; x_wconf 88' lang='lat' dir='ltr'>a</span> <span class='ocrx_word' id='word_1_151' title='bbox 1379 1134 1508 1169; x_wconf 83' lang='lat' dir='ltr'>magno</span> <span class='ocrx_word' id='word_1_152' title='bbox 1539 1122 1619 1156; x_wconf 88' lang='lat' dir='ltr'>Deo</span> 
     </span>
     <span class='ocr_line' id='line_1_18' title="bbox 245 1165 1617 1214; baseline 0.001 -15"><span class='ocrx_word' id='word_1_153' title='bbox 245 1165 494 1200; x_wconf 86' lang='lat' dir='ltr'>discriminare</span> <span class='ocrx_word' id='word_1_154' title='bbox 529 1167 712 1209; x_wconf 82' lang='lat' dir='ltr'>voluisset,</span> <span class='ocrx_word' id='word_1_155' title='bbox 753 1168 953 1203; x_wconf 71' lang='lat' dir='ltr'>notissimae</span> <span class='ocrx_word' id='word_1_156' title='bbox 986 1168 1054 1213; x_wconf 83' lang='lat' dir='ltr'>legi</span> <span class='ocrx_word' id='word_1_157' title='bbox 1095 1168 1347 1213; x_wconf 79' lang='lat' dir='ltr'>grammaticae</span> <span class='ocrx_word' id='word_1_158' title='bbox 1379 1169 1617 1214; x_wconf 83' lang='lat' dir='ltr'>obsequutum</span> 
     </span>
     <span class='ocr_line' id='line_1_19' title="bbox 245 1209 1619 1260; baseline 0 -14"><span class='ocrx_word' id='word_1_159' title='bbox 245 1212 308 1246; x_wconf 81' lang='grc' dir='ltr'>καὶ</span> <span class='ocrx_word' id='word_1_160' title='bbox 340 1213 418 1248; x_wconf 88' lang='grc' dir='ltr'>τοῦ</span> <span class='ocrx_word' id='word_1_161' title='bbox 444 1213 601 1258; x_wconf 83' lang='grc' dir='ltr'>σωτῆρος</span> <span class='ocrx_word' id='word_1_162' title='bbox 629 1212 727 1259; x_wconf 68' lang='grc' dir='ltr'><em>ἡμῶν</em></span> <span class='ocrx_word' id='word_1_163' title='bbox 755 1209 875 1256; x_wconf 78' lang='grc' dir='ltr'>Ἰησοῦ</span> <span class='ocrx_word' id='word_1_164' title='bbox 906 1215 1066 1260; x_wconf 79' lang='grc' dir='ltr'><em>Χριστοῦ</em></span> <span class='ocrx_word' id='word_1_165' title='bbox 1101 1215 1256 1248; x_wconf 80' lang='lat' dir='ltr'>scribere</span> <span class='ocrx_word' id='word_1_166' title='bbox 1291 1214 1473 1248; x_wconf 73' lang='lat' dir='ltr'>contendit</span> <span class='ocrx_word' id='word_1_167' title='bbox 1510 1213 1619 1257; x_wconf 87' lang='lat' dir='ltr'>idque</span> 
     </span>
     <span class='ocr_line' id='line_1_20' title="bbox 245 1258 1615 1305; baseline -0.001 -13"><span class='ocrx_word' id='word_1_168' title='bbox 245 1265 431 1302; x_wconf 79' lang='lat' dir='ltr'>propterea</span> <span class='ocrx_word' id='word_1_169' title='bbox 457 1270 602 1302; x_wconf 88' lang='lat' dir='ltr'>prorsus</span> <span class='ocrx_word' id='word_1_170' title='bbox 626 1259 862 1295; x_wconf 87' lang='lat' dir='ltr'>necessarium</span> <span class='ocrx_word' id='word_1_171' title='bbox 888 1260 996 1294; x_wconf 83' lang='lat' dir='ltr'>fuisse</span> <span class='ocrx_word' id='word_1_172' title='bbox 1021 1260 1177 1305; x_wconf 84' lang='lat' dir='ltr'>putavit,</span> <span class='ocrx_word' id='word_1_173' title='bbox 1211 1258 1306 1305; x_wconf 87' lang='lat' dir='ltr'>quod</span> <span class='ocrx_word' id='word_1_174' title='bbox 1330 1258 1371 1293; x_wconf 86' lang='lat' dir='ltr'>P.</span> <span class='ocrx_word' id='word_1_175' title='bbox 1395 1266 1472 1293; x_wconf 91' lang='lat' dir='ltr'>tum</span> <span class='ocrx_word' id='word_1_176' title='bbox 1496 1260 1615 1293; x_wconf 82' lang='lat' dir='ltr'>Deum</span> 
     </span>
     <span class='ocr_line' id='line_1_21' title="bbox 244 1303 1612 1350; baseline 0 -13"><span class='ocrx_word' id='word_1_177' title='bbox 244 1311 323 1337; x_wconf 84' lang='lat' dir='ltr'>tum</span> <span class='ocrx_word' id='word_1_178' title='bbox 357 1303 536 1341; x_wconf 64' lang='lat' dir='ltr'>Christum</span> <span class='ocrx_word' id='word_1_179' title='bbox 563 1311 788 1338; x_wconf 78' lang='lat' dir='ltr'>servatorem</span> <span class='ocrx_word' id='word_1_180' title='bbox 814 1312 985 1339; x_wconf 80' lang='lat' dir='ltr'>nostrum</span> <span class='ocrx_word' id='word_1_181' title='bbox 1009 1306 1128 1340; x_wconf 88' lang='lat' dir='ltr'>dicere</span> <span class='ocrx_word' id='word_1_182' title='bbox 1152 1306 1292 1339; x_wconf 84' lang='lat' dir='ltr'>soleret.</span> <span class='ocrx_word' id='word_1_183' title='bbox 1360 1305 1482 1350; x_wconf 85' lang='lat' dir='ltr'>Itaque</span> <span class='ocrx_word' id='word_1_184' title='bbox 1517 1304 1612 1338; x_wconf 81' lang='lat' dir='ltr'>Arti-</span> 
     </span>
     <span class='ocr_line' id='line_1_22' title="bbox 245 1349 1614 1395; baseline 0 -12"><span class='ocrx_word' id='word_1_185' title='bbox 245 1349 315 1383; x_wconf 87' lang='lat' dir='ltr'>culi</span> <span class='ocrx_word' id='word_1_186' title='bbox 349 1349 546 1393; x_wconf 78' lang='lat' dir='ltr'>adjectione</span> <span class='ocrx_word' id='word_1_187' title='bbox 578 1363 615 1384; x_wconf 82' lang='lat' dir='ltr'>se</span> <span class='ocrx_word' id='word_1_188' title='bbox 647 1356 787 1395; x_wconf 88' lang='lat' dir='ltr'>praeter</span> <span class='ocrx_word' id='word_1_189' title='bbox 818 1350 936 1384; x_wconf 86' lang='lat' dir='ltr'>Deum</span> <span class='ocrx_word' id='word_1_190' title='bbox 968 1352 1071 1386; x_wconf 86' lang='lat' dir='ltr'>etiam</span> <span class='ocrx_word' id='word_1_191' title='bbox 1107 1351 1285 1385; x_wconf 82' lang='lat' dir='ltr'>Clu-istum</span> <span class='ocrx_word' id='word_1_192' title='bbox 1317 1361 1614 1390; x_wconf 84' lang='lat' dir='ltr'>commemorare,</span> 
     </span>
     <span class='ocr_line' id='line_1_23' title="bbox 244 1394 1614 1431; baseline 0 -3"><span class='ocrx_word' id='word_1_193' title='bbox 244 1406 290 1429; x_wconf 83' lang='lat' dir='ltr'>ne</span> <span class='ocrx_word' id='word_1_194' title='bbox 321 1394 471 1430; x_wconf 89' lang='lat' dir='ltr'>lectores</span> <span class='ocrx_word' id='word_1_195' title='bbox 499 1402 620 1430; x_wconf 92' lang='lat' dir='ltr'>utrum</span> <span class='ocrx_word' id='word_1_196' title='bbox 645 1397 765 1430; x_wconf 83' lang='lat' dir='ltr'>Deum</span> <span class='ocrx_word' id='word_1_197' title='bbox 798 1408 843 1430; x_wconf 89' lang='lat' dir='ltr'>an</span> <span class='ocrx_word' id='word_1_198' title='bbox 871 1396 1049 1431; x_wconf 82' lang='lat' dir='ltr'>Christum</span> <span class='ocrx_word' id='word_1_199' title='bbox 1074 1404 1291 1431; x_wconf 90' lang='lat' dir='ltr'>servatorem</span> <span class='ocrx_word' id='word_1_200' title='bbox 1317 1401 1479 1429; x_wconf 86' lang='lat' dir='ltr'>nostrum</span> <span class='ocrx_word' id='word_1_201' title='bbox 1505 1407 1614 1430; x_wconf 83' lang='lat' dir='ltr'>voca-</span> 
     </span>
     <span class='ocr_line' id='line_1_24' title="bbox 243 1440 1614 1487; baseline 0 -14"><span class='ocrx_word' id='word_1_202' title='bbox 243 1447 319 1483; x_wconf 83' lang='lat' dir='ltr'>ret,</span> <span class='ocrx_word' id='word_1_203' title='bbox 353 1440 556 1475; x_wconf 78' lang='lat' dir='ltr'>dubitarent</span> <span class='ocrx_word' id='word_1_204' title='bbox 581 1441 844 1477; x_wconf 74' lang='lat' dir='ltr'>ostendendum</span> <span class='ocrx_word' id='word_1_205' title='bbox 868 1442 897 1476; x_wconf 89' lang='lat' dir='ltr'>ei</span> <span class='ocrx_word' id='word_1_206' title='bbox 922 1443 1049 1487; x_wconf 80' lang='lat' dir='ltr'>fuisse,</span> <span class='ocrx_word' id='word_1_207' title='bbox 1082 1441 1236 1477; x_wconf 86' lang='lat' dir='ltr'>Articuli</span> <span class='ocrx_word' id='word_1_208' title='bbox 1260 1440 1488 1475; x_wconf 88' lang='lat' dir='ltr'>omissionem</span> <span class='ocrx_word' id='word_1_209' title='bbox 1515 1440 1614 1475; x_wconf 89' lang='lat' dir='ltr'>Chri-</span> 
     </span>
     <span class='ocr_line' id='line_1_25' title="bbox 243 1486 1614 1531; baseline 0 -11"><span class='ocrx_word' id='word_1_210' title='bbox 243 1493 340 1520; x_wconf 87' lang='lat' dir='ltr'>stum</span> <span class='ocrx_word' id='word_1_211' title='bbox 382 1487 489 1521; x_wconf 80' lang='lat' dir='ltr'>simul</span> <span class='ocrx_word' id='word_1_212' title='bbox 529 1500 697 1531; x_wconf 76' lang='lat' dir='ltr'>magnum</span> <span class='ocrx_word' id='word_1_213' title='bbox 728 1488 845 1520; x_wconf 86' lang='lat' dir='ltr'>Deum</span> <span class='ocrx_word' id='word_1_214' title='bbox 888 1487 993 1522; x_wconf 84' lang='lat' dir='ltr'>simul</span> <span class='ocrx_word' id='word_1_215' title='bbox 1024 1494 1238 1522; x_wconf 83' lang='lat' dir='ltr'>servatorem</span> <span class='ocrx_word' id='word_1_216' title='bbox 1270 1486 1438 1531; x_wconf 84' lang='lat' dir='ltr'>appellari</span> <span class='ocrx_word' id='word_1_217' title='bbox 1484 1486 1614 1521; x_wconf 83' lang='lat' dir='ltr'>ducere</span> 
     </span>
     <span class='ocr_line' id='line_1_26' title="bbox 242 1531 1613 1587; baseline 0 -22"><span class='ocrx_word' id='word_1_218' title='bbox 242 1532 430 1576; x_wconf 78' lang='lat' dir='ltr'>perhibuit.</span> <span class='ocrx_word' id='word_1_219' title='bbox 476 1533 524 1567; x_wconf 85' lang='lat' dir='ltr'>At</span> <span class='ocrx_word' id='word_1_220' title='bbox 553 1533 769 1567; x_wconf 82' lang='lat' dir='ltr'>Nominibus</span> <span class='ocrx_word' id='word_1_221' title='bbox 792 1534 946 1579; x_wconf 86' lang='lat' dir='ltr'>propriis</span> <span class='ocrx_word' id='word_1_222' title='bbox 981 1540 1015 1566; x_wconf 84' lang='lat' dir='ltr'>et</span> <span class='ocrx_word' id='word_1_223' title='bbox 1041 1533 1208 1580; x_wconf 79' lang='lat' dir='ltr'>praeponi</span> <span class='ocrx_word' id='word_1_224' title='bbox 1234 1539 1348 1587; x_wconf 66' lang='lat' dir='ltr'>potest</span> <span class='ocrx_word' id='word_1_225' title='bbox 1372 1531 1554 1565; x_wconf 81' lang='lat' dir='ltr'>Articulus</span> <span class='ocrx_word' id='word_1_226' title='bbox 1579 1537 1613 1565; x_wconf 86' lang='lat' dir='ltr'>et</span> 
     </span>
     <span class='ocr_line' id='line_1_27' title="bbox 242 1575 1612 1632; baseline -0.002 -22"><span class='ocrx_word' id='word_1_227' title='bbox 242 1590 317 1611; x_wconf 87' lang='lat' dir='ltr'>nou</span> <span class='ocrx_word' id='word_1_228' title='bbox 352 1578 531 1622; x_wconf 86' lang='lat' dir='ltr'>praeponi.</span> <span class='ocrx_word' id='word_1_229' title='bbox 579 1579 622 1612; x_wconf 77' lang='lat' dir='ltr'>Et</span> <span class='ocrx_word' id='word_1_230' title='bbox 649 1579 688 1612; x_wconf 83' lang='lat' dir='ltr'>P.</span> <span class='ocrx_word' id='word_1_231' title='bbox 706 1577 848 1621; x_wconf 80' lang='grc' dir='ltr'>Ἰησοῦς</span> <span class='ocrx_word' id='word_1_232' title='bbox 868 1577 1028 1623; x_wconf 69' lang='grc' dir='ltr'>Χριστός</span> <span class='ocrx_word' id='word_1_233' title='bbox 1053 1585 1086 1612; x_wconf 89' lang='lat' dir='ltr'>et</span> <span class='ocrx_word' id='word_1_234' title='bbox 1114 1583 1269 1625; x_wconf 74' lang='grc' dir='ltr'>Χριστος</span> <span class='ocrx_word' id='word_1_235' title='bbox 1289 1575 1432 1619; x_wconf 77' lang='grc' dir='ltr'>Ἰησοῦς</span> <span class='ocrx_word' id='word_1_236' title='bbox 1459 1576 1612 1632; x_wconf 62' lang='lat' dir='ltr'>elerum·</span> 
     </span>
     <span class='ocr_line' id='line_1_28' title="bbox 241 1620 1614 1668; baseline 0 -13"><span class='ocrx_word' id='word_1_237' title='bbox 241 1635 310 1667; x_wconf 89' lang='lat' dir='ltr'>que</span> <span class='ocrx_word' id='word_1_238' title='bbox 339 1623 488 1662; x_wconf 76' lang='lat' dir='ltr'>scribit,</span> <span class='ocrx_word' id='word_1_239' title='bbox 517 1636 598 1658; x_wconf 89' lang='lat' dir='ltr'>raro</span> <span class='ocrx_word' id='word_1_240' title='bbox 615 1621 635 1659; x_wconf 83' lang='grc' dir='ltr'>ὅ</span> <span class='ocrx_word' id='word_1_241' title='bbox 656 1623 812 1668; x_wconf 74' lang='grc' dir='ltr'>Χριστὸς</span> <span class='ocrx_word' id='word_1_242' title='bbox 824 1620 967 1668; x_wconf 70' lang='grc' dir='ltr'>Ἰησοῦς</span> <span class='ocrx_word' id='word_1_243' title='bbox 993 1625 1069 1659; x_wconf 89' lang='lat' dir='ltr'>Col.</span> <span class='ocrx_word' id='word_1_244' title='bbox 1090 1624 1124 1665; x_wconf 76' lang='lat'>2,</span> <span class='ocrx_word' id='word_1_245' title='bbox 1135 1626 1169 1658; x_wconf 88' lang='lat'>6.</span> <span class='ocrx_word' id='word_1_246' title='bbox 1194 1623 1293 1664; x_wconf 84' lang='lat' dir='ltr'>[Job.</span> <span class='ocrx_word' id='word_1_247' title='bbox 1314 1625 1367 1662; x_wconf 81' lang='lat'>21,</span> <span class='ocrx_word' id='word_1_248' title='bbox 1381 1623 1433 1656; x_wconf 86' lang='lat'>15.</span> <span class='ocrx_word' id='word_1_249' title='bbox 1455 1635 1475 1657; x_wconf 93' lang='grc' dir='ltr'>ο</span> <span class='ocrx_word' id='word_1_250' title='bbox 1492 1623 1614 1666; x_wconf 82' lang='grc' dir='ltr'><em>Σίμων</em></span> 
     </span>
     <span class='ocr_line' id='line_1_29' title="bbox 239 1668 1612 1715; baseline 0 -11"><span class='ocrx_word' id='word_1_251' title='bbox 239 1669 409 1714; x_wconf 61' lang='grc' dir='ltr'>Πέτρος]</span> <span class='ocrx_word' id='word_1_252' title='bbox 459 1669 539 1702; x_wconf 88' lang='lat' dir='ltr'>Jam</span> <span class='ocrx_word' id='word_1_253' title='bbox 571 1670 742 1715; x_wconf 85' lang='lat' dir='ltr'>quoniam</span> <span class='ocrx_word' id='word_1_254' title='bbox 777 1670 818 1705; x_wconf 94' lang='lat' dir='ltr'>P.</span> <span class='ocrx_word' id='word_1_255' title='bbox 842 1670 878 1705; x_wconf 89' lang='lat' dir='ltr'>h.</span> <span class='ocrx_word' id='word_1_256' title='bbox 901 1671 925 1705; x_wconf 92' lang='lat' dir='ltr'>l.</span> <span class='ocrx_word' id='word_1_257' title='bbox 944 1668 1070 1714; x_wconf 84' lang='grc' dir='ltr'>Ἰησοῦ</span> <span class='ocrx_word' id='word_1_258' title='bbox 1100 1670 1262 1715; x_wconf 76' lang='grc' dir='ltr'><strong><em>Χριστοῦ</em></strong></span> <span class='ocrx_word' id='word_1_259' title='bbox 1296 1675 1498 1702; x_wconf 79' lang='lat' dir='ltr'>exaraturus</span> <span class='ocrx_word' id='word_1_260' title='bbox 1527 1675 1612 1710; x_wconf 82' lang='lat' dir='ltr'>erat,</span> 
     </span>
     <span class='ocr_line' id='line_1_30' title="bbox 239 1714 1611 1761; baseline -0.001 -13"><span class='ocrx_word' id='word_1_261' title='bbox 239 1727 286 1748; x_wconf 89' lang='lat' dir='ltr'>ne</span> <span class='ocrx_word' id='word_1_262' title='bbox 310 1714 524 1761; x_wconf 86' lang='lat' dir='ltr'>appositioni</span> <span class='ocrx_word' id='word_1_263' title='bbox 553 1716 695 1761; x_wconf 83' lang='lat' dir='ltr'>quidem</span> <span class='ocrx_word' id='word_1_264' title='bbox 723 1715 868 1749; x_wconf 86' lang='lat' dir='ltr'>nomini</span> <span class='ocrx_word' id='word_1_265' title='bbox 919 1716 1121 1751; x_wconf 80' lang='lat' dir='ltr'>›raemissae</span> <span class='ocrx_word' id='word_1_266' title='bbox 1159 1715 1361 1750; x_wconf 78' lang='lat' dir='ltr'>Articulum</span> <span class='ocrx_word' id='word_1_267' title='bbox 1397 1714 1611 1758; x_wconf 84' lang='lat' dir='ltr'>praeposuit.</span> 
     </span>
     <span class='ocr_line' id='line_1_31' title="bbox 241 1755 1613 1806; baseline 0 -12"><span class='ocrx_word' id='word_1_268' title='bbox 241 1761 428 1795; x_wconf 87' lang='lat' dir='ltr'>Contende</span> <span class='ocrx_word' id='word_1_269' title='bbox 453 1759 559 1796; x_wconf 87' lang='lat' dir='ltr'>Rom.</span> <span class='ocrx_word' id='word_1_270' title='bbox 580 1762 675 1805; x_wconf 89' lang='lat'>1‚7.‚</span> <span class='ocrx_word' id='word_1_271' title='bbox 710 1763 727 1795; x_wconf 91' lang='lat'><strong>1</strong></span> <span class='ocrx_word' id='word_1_272' title='bbox 749 1762 832 1795; x_wconf 86' lang='lat' dir='ltr'>Cor.</span> <span class='ocrx_word' id='word_1_273' title='bbox 853 1764 886 1806; x_wconf 67' lang='lat' dir='ltr'>J,</span> <span class='ocrx_word' id='word_1_274' title='bbox 925 1789 933 1798; x_wconf 87' lang='lat'>.</span> <span class='ocrx_word' id='word_1_275' title='bbox 959 1762 981 1796; x_wconf 74' lang='lat'>2</span> <span class='ocrx_word' id='word_1_276' title='bbox 1005 1761 1127 1796; x_wconf 80' lang='lat' dir='ltr'>Thess.</span> <span class='ocrx_word' id='word_1_277' title='bbox 1156 1763 1188 1804; x_wconf 91' lang='lat'>1,</span> <span class='ocrx_word' id='word_1_278' title='bbox 1213 1760 1281 1794; x_wconf 76' lang='lat'>12..</span> <span class='ocrx_word' id='word_1_279' title='bbox 1327 1755 1449 1805; x_wconf 81' lang='grc' dir='ltr'>κύριος</span> <span class='ocrx_word' id='word_1_280' title='bbox 1470 1755 1613 1801; x_wconf 69' lang='grc' dir='ltr'>Ἰησοῦς</span> 
     </span>
     <span class='ocr_line' id='line_1_32' title="bbox 238 1801 1610 1853; baseline -0.003 -11"><span class='ocrx_word' id='word_1_281' title='bbox 238 1805 397 1852; x_wconf 76' lang='grc' dir='ltr'>Χριστός</span> <span class='ocrx_word' id='word_1_282' title='bbox 430 1818 511 1840; x_wconf 89' lang='lat' dir='ltr'>cum</span> <span class='ocrx_word' id='word_1_283' title='bbox 546 1807 622 1842; x_wconf 87' lang='lat' dir='ltr'>Col.</span> <span class='ocrx_word' id='word_1_284' title='bbox 642 1808 676 1852; x_wconf 72' lang='lat'>2,</span> <span class='ocrx_word' id='word_1_285' title='bbox 694 1807 728 1843; x_wconf 89' lang='lat'>6.</span> <span class='ocrx_word' id='word_1_286' title='bbox 755 1805 800 1848; x_wconf 86' lang='grc' dir='ltr'>ὡς</span> <span class='ocrx_word' id='word_1_287' title='bbox 827 1807 892 1843; x_wconf 83' lang='grc' dir='ltr'>οὖν</span> <span class='ocrx_word' id='word_1_288' title='bbox 914 1805 1140 1853; x_wconf 69' lang='grc' dir='ltr'><em>παρελάβετε</em></span> <span class='ocrx_word' id='word_1_289' title='bbox 1171 1806 1252 1843; x_wconf 78' lang='grc' dir='ltr'>τὸν</span> <span class='ocrx_word' id='word_1_290' title='bbox 1277 1801 1433 1852; x_wconf 75' lang='grc' dir='ltr'>Χριστὸν</span> <span class='ocrx_word' id='word_1_291' title='bbox 1456 1802 1610 1848; x_wconf 80' lang='grc' dir='ltr'><em>Ἰησοῦν,</em></span> 
     </span>
     <span class='ocr_line' id='line_1_33' title="bbox 237 1851 1608 1898; baseline -0.005 -8"><span class='ocrx_word' id='word_1_292' title='bbox 237 1855 316 1890; x_wconf 78' lang='grc' dir='ltr'>’τὸν</span> <span class='ocrx_word' id='word_1_293' title='bbox 345 1852 468 1898; x_wconf 73' lang='grc' dir='ltr'>κύριον</span> <span class='ocrx_word' id='word_1_294' title='bbox 494 1859 561 1887; x_wconf 87' lang='lat' dir='ltr'>etc.</span> <span class='ocrx_word' id='word_1_295' title='bbox 609 1851 777 1887; x_wconf 88' lang='lat' dir='ltr'>Ceterum</span> <span class='ocrx_word' id='word_1_296' title='bbox 813 1866 886 1886; x_wconf 90' lang='lat' dir='ltr'>non</span> <span class='ocrx_word' id='word_1_297' title='bbox 912 1853 1076 1898; x_wconf 86' lang='lat' dir='ltr'>ambigue</span> <span class='ocrx_word' id='word_1_298' title='bbox 1101 1853 1141 1888; x_wconf 87' lang='lat' dir='ltr'>P.</span> <span class='ocrx_word' id='word_1_299' title='bbox 1167 1852 1322 1897; x_wconf 84' lang='lat' dir='ltr'>scripsit.</span> <span class='ocrx_word' id='word_1_300' title='bbox 1373 1851 1463 1885; x_wconf 84' lang='lat' dir='ltr'>Nam</span> <span class='ocrx_word' id='word_1_301' title='bbox 1489 1852 1608 1884; x_wconf 81' lang='lat' dir='ltr'>ulium</span> 
     </span>
     <span class='ocr_line' id='line_1_34' title="bbox 239 1891 1607 1943; baseline -0.002 -10"><span class='ocrx_word' id='word_1_302' title='bbox 239 1912 314 1934; x_wconf 86' lang='lat' dir='ltr'>esse</span> <span class='ocrx_word' id='word_1_303' title='bbox 343 1901 463 1932; x_wconf 79' lang='lat' dir='ltr'>Jesuin</span> <span class='ocrx_word' id='word_1_304' title='bbox 500 1898 700 1942; x_wconf 89' lang='lat' dir='ltr'>Christum,</span> <span class='ocrx_word' id='word_1_305' title='bbox 744 1898 812 1932; x_wconf 90' lang='lat' dir='ltr'>Dei</span> <span class='ocrx_word' id='word_1_306' title='bbox 844 1898 1019 1943; x_wconf 79' lang='lat' dir='ltr'>legatum,</span> <span class='ocrx_word' id='word_1_307' title='bbox 1060 1899 1179 1932; x_wconf 80' lang='lat' dir='ltr'>alium</span> <span class='ocrx_word' id='word_1_308' title='bbox 1207 1897 1326 1932; x_wconf 89' lang='lat' dir='ltr'>Deum</span> <span class='ocrx_word' id='word_1_309' title='bbox 1362 1904 1498 1942; x_wconf 86' lang='lat' dir='ltr'>patrem</span> <span class='ocrx_word' id='word_1_310' title='bbox 1532 1891 1607 1939; x_wconf 77' lang='grc' dir='ltr'>(τὸν</span> 
     </span>
     <span class='ocr_line' id='line_1_35' title="bbox 236 1942 1608 1991; baseline -0.004 -11"><span class='ocrx_word' id='word_1_311' title='bbox 236 1947 352 1991; x_wconf 81' lang='grc' dir='ltr'><em>μέγαν</em></span> <span class='ocrx_word' id='word_1_312' title='bbox 378 1943 507 1987; x_wconf 74' lang='grc' dir='ltr'><em>θεόν),</em></span> <span class='ocrx_word' id='word_1_313' title='bbox 546 1944 607 1990; x_wconf 88' lang='lat' dir='ltr'>qui</span> <span class='ocrx_word' id='word_1_314' title='bbox 633 1944 814 1980; x_wconf 88' lang='lat' dir='ltr'>Christum</span> <span class='ocrx_word' id='word_1_315' title='bbox 847 1945 1013 1988; x_wconf 74' lang='lat' dir='ltr'>legaverit</span> <span class='ocrx_word' id='word_1_316' title='bbox 1037 1944 1216 1978; x_wconf 87' lang='lat' dir='ltr'>neminem</span> <span class='ocrx_word' id='word_1_317' title='bbox 1245 1955 1317 1976; x_wconf 84' lang='lat' dir='ltr'>non</span> <span class='ocrx_word' id='word_1_318' title='bbox 1345 1942 1608 1976; x_wconf 86' lang='lat' dir='ltr'>intellecturum</span> 
     </span>
     <span class='ocr_line' id='line_1_36' title="bbox 237 1987 1608 2036; baseline -0.003 -12"><span class='ocrx_word' id='word_1_319' title='bbox 237 2004 312 2025; x_wconf 87' lang='lat' dir='ltr'>esse</span> <span class='ocrx_word' id='word_1_320' title='bbox 338 1989 544 2026; x_wconf 83' lang='lat' dir='ltr'>existimavit</span> <span class='ocrx_word' id='word_1_321' title='bbox 567 1991 617 2031; x_wconf 88' lang='lat' dir='ltr'>(v.</span> <span class='ocrx_word' id='word_1_322' title='bbox 644 2003 732 2035; x_wconf 88' lang='lat' dir='ltr'>quae</span> <span class='ocrx_word' id='word_1_323' title='bbox 755 2002 860 2036; x_wconf 88' lang='lat' dir='ltr'>supra</span> <span class='ocrx_word' id='word_1_324' title='bbox 886 1990 922 2023; x_wconf 89' lang='lat' dir='ltr'>in</span> <span class='ocrx_word' id='word_1_325' title='bbox 949 1997 1147 2025; x_wconf 80' lang='lat' dir='ltr'>comment.</span> <span class='ocrx_word' id='word_1_326' title='bbox 1173 1988 1348 2031; x_wconf 82' lang='lat' dir='ltr'>diximus).</span> <span class='ocrx_word' id='word_1_327' title='bbox 1397 1987 1477 2021; x_wconf 86' lang='lat' dir='ltr'>Non</span> <span class='ocrx_word' id='word_1_328' title='bbox 1498 1988 1608 2030; x_wconf 76' lang='lat' dir='ltr'>magis</span> 
     </span>
     <span class='ocr_line' id='line_1_37' title="bbox 236 2032 1609 2080; baseline -0.002 -10"><span class='ocrx_word' id='word_1_329' title='bbox 236 2037 345 2079; x_wconf 76' lang='lat' dir='ltr'>igitur</span> <span class='ocrx_word' id='word_1_330' title='bbox 371 2037 410 2070; x_wconf 88' lang='lat' dir='ltr'>P.</span> <span class='ocrx_word' id='word_1_331' title='bbox 436 2036 549 2069; x_wconf 85' lang='lat' dir='ltr'>oratio</span> <span class='ocrx_word' id='word_1_332' title='bbox 574 2035 743 2079; x_wconf 80' lang='lat' dir='ltr'>offendit,</span> <span class='ocrx_word' id='word_1_333' title='bbox 771 2048 877 2080; x_wconf 88' lang='lat' dir='ltr'>quam</span> <span class='ocrx_word' id='word_1_334' title='bbox 900 2035 1003 2070; x_wconf 86' lang='lat' dir='ltr'>dictis</span> <span class='ocrx_word' id='word_1_335' title='bbox 1027 2036 1215 2071; x_wconf 85' lang='lat' dir='ltr'>vernacule</span> <span class='ocrx_word' id='word_1_336' title='bbox 1237 2034 1336 2077; x_wconf 67' lang='lat' dir='ltr'>unsel?</span> <span class='ocrx_word' id='word_1_337' title='bbox 1356 2033 1482 2070; x_wconf 63' lang='lat' dir='ltr'>metten</span> <span class='ocrx_word' id='word_1_338' title='bbox 1498 2032 1609 2075; x_wconf 60' lang='lat' dir='ltr'>zefuss</span> 
     </span>
     <span class='ocr_line' id='line_1_38' title="bbox 237 2079 1609 2128; baseline -0.005 -10"><span class='ocrx_word' id='word_1_339' title='bbox 237 2081 406 2128; x_wconf 62' lang='lat' dir='ltr'>OEbttftuss.</span> <span class='ocrx_word' id='word_1_340' title='bbox 460 2080 553 2116; x_wconf 85' lang='lat' dir='ltr'>Loca</span> <span class='ocrx_word' id='word_1_341' title='bbox 585 2082 628 2115; x_wconf 84' lang='lat' dir='ltr'>ab</span> <span class='ocrx_word' id='word_1_342' title='bbox 662 2093 845 2125; x_wconf 83' lang='lat' dir='ltr'>anonymo</span> <span class='ocrx_word' id='word_1_343' title='bbox 877 2081 1000 2124; x_wconf 87' lang='lat' dir='ltr'>allata,</span> <span class='ocrx_word' id='word_1_344' title='bbox 1043 2086 1082 2115; x_wconf 83' lang='lat' dir='ltr'>ut</span> <span class='ocrx_word' id='word_1_345' title='bbox 1114 2081 1223 2114; x_wconf 89' lang='lat' dir='ltr'>Paulo</span> <span class='ocrx_word' id='word_1_346' title='bbox 1257 2080 1318 2114; x_wconf 86' lang='grc' dir='ltr'>καὶ</span> <span class='ocrx_word' id='word_1_347' title='bbox 1351 2079 1430 2114; x_wconf 86' lang='grc' dir='ltr'>τοῦ</span> <span class='ocrx_word' id='word_1_348' title='bbox 1453 2090 1609 2123; x_wconf 75' lang='grc' dir='ltr'>σωτηρος</span> 
     </span>
     <span class='ocr_line' id='line_1_39' title="bbox 235 2123 1608 2173; baseline -0.004 -10"><span class='ocrx_word' id='word_1_349' title='bbox 235 2128 329 2173; x_wconf 76' lang='grc' dir='ltr'><em>ἡμῶν</em></span> <span class='ocrx_word' id='word_1_350' title='bbox 340 2125 382 2162; x_wconf 84' lang='grc' dir='ltr'>Ἰ.</span> <span class='ocrx_word' id='word_1_351' title='bbox 399 2131 466 2173; x_wconf 79' lang='grc' dir='ltr'>Χρ.</span> <span class='ocrx_word' id='word_1_352' title='bbox 483 2127 692 2160; x_wconf 82' lang='lat' dir='ltr'>exarandum</span> <span class='ocrx_word' id='word_1_353' title='bbox 712 2126 818 2159; x_wconf 84' lang='lat' dir='ltr'>fuisse</span> <span class='ocrx_word' id='word_1_354' title='bbox 835 2126 1046 2170; x_wconf 79' lang='lat' dir='ltr'>efficeretur,</span> <span class='ocrx_word' id='word_1_355' title='bbox 1070 2126 1196 2160; x_wconf 83' lang='lat' dir='ltr'>diversi</span> <span class='ocrx_word' id='word_1_356' title='bbox 1222 2123 1359 2170; x_wconf 80' lang='lat' dir='ltr'>generis</span> <span class='ocrx_word' id='word_1_357' title='bbox 1380 2130 1475 2159; x_wconf 81' lang='lat' dir='ltr'>sunt.</span> <span class='ocrx_word' id='word_1_358' title='bbox 1517 2123 1608 2158; x_wconf 84' lang='lat' dir='ltr'>Nam</span> 
     </span>
     <span class='ocr_line' id='line_1_40' title="bbox 235 2169 1606 2217; baseline -0.004 -9"><span class='ocrx_word' id='word_1_359' title='bbox 235 2176 258 2207; x_wconf 73' lang='lat'><em>2</em></span> <span class='ocrx_word' id='word_1_360' title='bbox 276 2174 372 2208; x_wconf 77' lang='lat' dir='ltr'>Tim.</span> <span class='ocrx_word' id='word_1_361' title='bbox 397 2176 425 2217; x_wconf 85' lang='lat'>1,</span> <span class='ocrx_word' id='word_1_362' title='bbox 446 2173 497 2207; x_wconf 82' lang='lat'>10.</span> <span class='ocrx_word' id='word_1_363' title='bbox 524 2171 597 2208; x_wconf 79' lang='lat' dir='ltr'>Tit.</span> <span class='ocrx_word' id='word_1_364' title='bbox 618 2174 651 2212; x_wconf 75' lang='lat'>2,</span> <span class='ocrx_word' id='word_1_365' title='bbox 673 2173 726 2205; x_wconf 84' lang='lat'>10.</span> <span class='ocrx_word' id='word_1_366' title='bbox 752 2171 832 2217; x_wconf 79' lang='lat'>3,4.</span> <span class='ocrx_word' id='word_1_367' title='bbox 865 2172 1003 2206; x_wconf 86' lang='lat' dir='ltr'>nomini</span> <span class='ocrx_word' id='word_1_368' title='bbox 1028 2177 1129 2205; x_wconf 88' lang='lat' dir='ltr'>recto</span> <span class='ocrx_word' id='word_1_369' title='bbox 1153 2169 1362 2216; x_wconf 74' lang='lat' dir='ltr'>praemissus</span> <span class='ocrx_word' id='word_1_370' title='bbox 1384 2176 1434 2202; x_wconf 82' lang='lat' dir='ltr'>est</span> <span class='ocrx_word' id='word_1_371' title='bbox 1458 2169 1606 2203; x_wconf 83' lang='lat' dir='ltr'>Articu-</span> 
     </span>
     <span class='ocr_line' id='line_1_41' title="bbox 236 2214 1604 2264; baseline -0.004 -11"><span class='ocrx_word' id='word_1_372' title='bbox 236 2219 313 2264; x_wconf 84' lang='lat' dir='ltr'>lus,</span> <span class='ocrx_word' id='word_1_373' title='bbox 349 2219 427 2264; x_wconf 85' lang='lat' dir='ltr'>quia</span> <span class='ocrx_word' id='word_1_374' title='bbox 453 2229 535 2251; x_wconf 87' lang='lat' dir='ltr'>eum</span> <span class='ocrx_word' id='word_1_375' title='bbox 562 2229 693 2251; x_wconf 91' lang='lat' dir='ltr'>nomen</span> <span class='ocrx_word' id='word_1_376' title='bbox 719 2229 843 2262; x_wconf 81' lang='lat' dir='ltr'>regens</span> <span class='ocrx_word' id='word_1_377' title='bbox 872 2217 994 2260; x_wconf 85' lang='lat' dir='ltr'>habet,</span> <span class='ocrx_word' id='word_1_378' title='bbox 1028 2225 1062 2250; x_wconf 84' lang='lat' dir='ltr'>et</span> <span class='ocrx_word' id='word_1_379' title='bbox 1076 2215 1163 2250; x_wconf 87' lang='lat' dir='ltr'>Luc.</span> <span class='ocrx_word' id='word_1_380' title='bbox 1184 2217 1213 2254; x_wconf 91' lang='grc'>1,</span> <span class='ocrx_word' id='word_1_381' title='bbox 1231 2215 1287 2249; x_wconf 86' lang='grc'>47.</span> <span class='ocrx_word' id='word_1_382' title='bbox 1313 2214 1384 2249; x_wconf 78' lang='lat' dir='ltr'>Tit.</span> <span class='ocrx_word' id='word_1_383' title='bbox 1408 2218 1441 2257; x_wconf 86' lang='lat'>1,</span> <span class='ocrx_word' id='word_1_384' title='bbox 1459 2216 1492 2250; x_wconf 81' lang='lat'>4.</span> <span class='ocrx_word' id='word_1_385' title='bbox 1521 2214 1554 2252; x_wconf 82' lang='grc'>3,</span> <span class='ocrx_word' id='word_1_386' title='bbox 1571 2215 1604 2249; x_wconf 86' lang='grc'>6.</span> 
     </span>
     <span class='ocr_line' id='line_1_42' title="bbox 235 2258 1605 2313; baseline -0.007 -12"><span class='ocrx_word' id='word_1_387' title='bbox 235 2265 412 2312; x_wconf 78' lang='lat' dir='ltr'>appositio</span> <span class='ocrx_word' id='word_1_388' title='bbox 437 2263 564 2306; x_wconf 78' lang='lat' dir='ltr'>legitur</span> <span class='ocrx_word' id='word_1_389' title='bbox 589 2262 726 2296; x_wconf 87' lang='lat' dir='ltr'>nomini</span> <span class='ocrx_word' id='word_1_390' title='bbox 754 2263 797 2296; x_wconf 89' lang='lat' dir='ltr'>ad</span> <span class='ocrx_word' id='word_1_391' title='bbox 825 2264 919 2306; x_wconf 88' lang='lat' dir='ltr'>quod</span> <span class='ocrx_word' id='word_1_392' title='bbox 946 2262 1097 2308; x_wconf 83' lang='lat' dir='ltr'>pertinet</span> <span class='ocrx_word' id='word_1_393' title='bbox 1121 2261 1289 2304; x_wconf 85' lang='lat' dir='ltr'>subjecta.</span> <span class='ocrx_word' id='word_1_394' title='bbox 1342 2258 1476 2305; x_wconf 74' lang='lat' dir='ltr'>lnjurizi</span> <span class='ocrx_word' id='word_1_395' title='bbox 1499 2260 1605 2313; x_wconf 71' lang='lat' dir='ltr'>igitur</span> 
     </span>
     <span class='ocr_line' id='line_1_43' title="bbox 235 2305 1603 2354; baseline -0.005 -9"><span class='ocrx_word' id='word_1_396' title='bbox 235 2323 438 2346; x_wconf 79' lang='lat' dir='ltr'>anonvmus</span> <span class='ocrx_word' id='word_1_397' title='bbox 462 2308 617 2342; x_wconf 76' lang='lat' dir='ltr'>W&#39;inero</span> <span class='ocrx_word' id='word_1_398' title='bbox 635 2321 686 2353; x_wconf 77' lang='lat' dir='ltr'>gr.</span> <span class='ocrx_word' id='word_1_399' title='bbox 706 2321 741 2354; x_wconf 86' lang='lat' dir='ltr'>p.</span> <span class='ocrx_word' id='word_1_400' title='bbox 762 2308 837 2341; x_wconf 73' lang='lat'>122.</span> <span class='ocrx_word' id='word_1_401' title='bbox 855 2320 906 2353; x_wconf 87' lang='lat' dir='ltr'>sq.</span> <span class='ocrx_word' id='word_1_402' title='bbox 924 2307 1140 2352; x_wconf 85' lang='lat' dir='ltr'>obloquutus</span> <span class='ocrx_word' id='word_1_403' title='bbox 1158 2313 1220 2340; x_wconf 86' lang='lat' dir='ltr'>est.</span> <span class='ocrx_word' id='word_1_404' title='bbox 1266 2305 1407 2339; x_wconf 84' lang='lat' dir='ltr'>Tertius</span> <span class='ocrx_word' id='word_1_405' title='bbox 1429 2305 1451 2342; x_wconf 88' lang='grc' dir='ltr'>Ι.</span> <span class='ocrx_word' id='word_1_406' title='bbox 1471 2313 1603 2351; x_wconf 82' lang='lat' dir='ltr'>episto·-</span> 
     </span>
     <span class='ocr_line' id='line_1_44' title="bbox 236 2350 1605 2398; baseline -0.005 -8"><span class='ocrx_word' id='word_1_407' title='bbox 236 2357 289 2390; x_wconf 88' lang='lat' dir='ltr'>lae</span> <span class='ocrx_word' id='word_1_408' title='bbox 312 2350 354 2390; x_wconf 71' lang='lat' dir='ltr'>ai]</span> <span class='ocrx_word' id='word_1_409' title='bbox 382 2355 526 2395; x_wconf 77' lang='lat' dir='ltr'>Titum,</span> <span class='ocrx_word' id='word_1_410' title='bbox 567 2354 603 2387; x_wconf 88' lang='lat' dir='ltr'>in</span> <span class='ocrx_word' id='word_1_411' title='bbox 637 2366 709 2398; x_wconf 90' lang='lat' dir='ltr'>quo</span> <span class='ocrx_word' id='word_1_412' title='bbox 739 2353 918 2388; x_wconf 87' lang='lat' dir='ltr'>Christum</span> <span class='ocrx_word' id='word_1_413' title='bbox 946 2353 1062 2386; x_wconf 84' lang='lat' dir='ltr'>Deum</span> <span class='ocrx_word' id='word_1_414' title='bbox 1096 2352 1216 2387; x_wconf 90' lang='lat' dir='ltr'>vocari</span> <span class='ocrx_word' id='word_1_415' title='bbox 1242 2351 1407 2384; x_wconf 90' lang='lat' dir='ltr'>nonnulli</span> <span class='ocrx_word' id='word_1_416' title='bbox 1441 2351 1605 2392; x_wconf 85' lang='lat' dir='ltr'>credunt,</span> 
     </span>
     <span class='ocr_line' id='line_1_45' title="bbox 237 2395 1604 2446; baseline -0.004 -11"><span class='ocrx_word' id='word_1_417' title='bbox 237 2411 288 2436; x_wconf 83' lang='lat' dir='ltr'>est</span> <span class='ocrx_word' id='word_1_418' title='bbox 304 2402 382 2444; x_wconf 78' lang='lat'>3‚4.</span> <span class='ocrx_word' id='word_1_419' title='bbox 401 2413 479 2446; x_wconf 79' lang='lat' dir='ltr'>sqq.</span> <span class='ocrx_word' id='word_1_420' title='bbox 500 2398 585 2434; x_wconf 70' lang='grc' dir='ltr'>’Ὸιε</span> <span class='ocrx_word' id='word_1_421' title='bbox 606 2398 644 2434; x_wconf 83' lang='grc' dir='ltr'>δὲ</span> <span class='ocrx_word' id='word_1_422' title='bbox 665 2398 686 2441; x_wconf 83' lang='grc' dir='ltr'>ἡ</span> <span class='ocrx_word' id='word_1_423' title='bbox 703 2396 904 2446; x_wconf 72' lang='grc' dir='ltr'><strong><em>χρηστότης</em></strong></span> <span class='ocrx_word' id='word_1_424' title='bbox 930 2400 992 2433; x_wconf 83' lang='grc' dir='ltr'>καὶ</span> <span class='ocrx_word' id='word_1_425' title='bbox 1017 2396 1316 2442; x_wconf 47' lang='lat' dir='ltr'>&amp;mmm-ftomam</span> <span class='ocrx_word' id='word_1_426' title='bbox 1339 2395 1501 2440; x_wconf 76' lang='grc' dir='ltr'><em>ἐπεφάνη</em></span> <span class='ocrx_word' id='word_1_427' title='bbox 1524 2397 1604 2439; x_wconf 61' lang='grc' dir='ltr'>τοῦ</span> 
     </span>
     <span class='ocr_line' id='line_1_46' title="bbox 235 2440 1603 2499; baseline -0.004 -18"><span class='ocrx_word' id='word_1_428' title='bbox 235 2448 448 2493; x_wconf 77' lang='grc' dir='ltr'>σωτῆρος</span> <span class='ocrx_word' id='word_1_429' title='bbox 483 2443 606 2490; x_wconf 79' lang='grc' dir='ltr'><em>ἡμῶν</em></span> <span class='ocrx_word' id='word_1_430' title='bbox 637 2447 779 2488; x_wconf 76' lang='grc' dir='ltr'>θεοῦ,</span> <span class='ocrx_word' id='word_1_431' title='bbox 823 2442 889 2480; x_wconf 79' lang='grc' dir='ltr'>οὐκ</span> <span class='ocrx_word' id='word_1_432' title='bbox 922 2445 959 2484; x_wconf 82' lang='grc' dir='ltr'>ἐξ</span> <span class='ocrx_word' id='word_1_433' title='bbox 991 2443 1102 2491; x_wconf 73' lang='grc' dir='ltr'><em>ἔργων</em></span> <span class='ocrx_word' id='word_1_434' title='bbox 1135 2445 1203 2478; x_wconf 76' lang='grc' dir='ltr'>τῶν</span> <span class='ocrx_word' id='word_1_435' title='bbox 1233 2445 1271 2479; x_wconf 73' lang='grc' dir='ltr'>ἐν</span> <span class='ocrx_word' id='word_1_436' title='bbox 1307 2440 1517 2499; x_wconf 48' lang='grc' dir='ltr'>ὅξξιαιοσύνῃ</span> <span class='ocrx_word' id='word_1_437' title='bbox 1553 2441 1603 2475; x_wconf 82' lang='grc' dir='ltr'>ὠν</span> 
     </span>
     <span class='ocr_line' id='line_1_47' title="bbox 233 2496 1603 2556; baseline -0.002 -19"><span class='ocrx_word' id='word_1_438' title='bbox 233 2501 455 2546; x_wconf 70' lang='grc' dir='ltr'>ἐποιήσαμεν</span> <span class='ocrx_word' id='word_1_439' title='bbox 480 2499 604 2547; x_wconf 78' lang='grc' dir='ltr'><strong><em>ἡμεῖς,</em></strong></span> <span class='ocrx_word' id='word_1_440' title='bbox 633 2496 724 2536; x_wconf 69' lang='grc' dir='ltr'>ἀλλὰ</span> <span class='ocrx_word' id='word_1_441' title='bbox 752 2497 866 2536; x_wconf 75' lang='grc' dir='ltr'>κατὰ</span> <span class='ocrx_word' id='word_1_442' title='bbox 888 2500 966 2536; x_wconf 84' lang='grc' dir='ltr'>τὸν</span> <span class='ocrx_word' id='word_1_443' title='bbox 997 2497 1140 2535; x_wconf 75' lang='grc' dir='ltr'>αὑτοῦ</span> <span class='ocrx_word' id='word_1_444' title='bbox 1172 2497 1302 2553; x_wconf 53' lang='grc' dir='ltr'>ἔλεογ</span> <span class='ocrx_word' id='word_1_445' title='bbox 1326 2501 1488 2530; x_wconf 79' lang='grc' dir='ltr'>εσωσεν</span> <span class='ocrx_word' id='word_1_446' title='bbox 1510 2497 1603 2556; x_wconf 59' lang='grc' dir='ltr'><em>ἧμᾶξ</em></span> 
     </span>
     <span class='ocr_line' id='line_1_48' title="bbox 234 2543 1599 2593; baseline -0.004 -10"><span class='ocrx_word' id='word_1_447' title='bbox 234 2548 296 2584; x_wconf 66' lang='lat' dir='ltr'>dcci</span> <span class='ocrx_word' id='word_1_448' title='bbox 325 2549 476 2592; x_wconf 71' lang='grc' dir='ltr'>λουτροῦ</span> <span class='ocrx_word' id='word_1_449' title='bbox 504 2549 783 2593; x_wconf 75' lang='grc' dir='ltr'><em>παλιγγενεσίας</em></span> <span class='ocrx_word' id='word_1_450' title='bbox 810 2548 872 2582; x_wconf 81' lang='grc' dir='ltr'>καὶ</span> <span class='ocrx_word' id='word_1_451' title='bbox 896 2543 1163 2584; x_wconf 76' lang='grc' dir='ltr'><em>ἀνακαινώσεως</em></span> <span class='ocrx_word' id='word_1_452' title='bbox 1196 2556 1400 2584; x_wconf 70' lang='grc' dir='ltr'>πνευμαιος</span> <span class='ocrx_word' id='word_1_453' title='bbox 1422 2543 1531 2590; x_wconf 77' lang='grc' dir='ltr'>ἁγίου</span> <span class='ocrx_word' id='word_1_454' title='bbox 1555 2558 1599 2581; x_wconf 84' lang='grc' dir='ltr'>ου</span> 
     </span>
     <span class='ocr_line' id='line_1_49' title="bbox 234 2590 1599 2638; baseline -0.004 -7"><span class='ocrx_word' id='word_1_455' title='bbox 234 2597 374 2635; x_wconf 75' lang='grc' dir='ltr'>ε’ξέκεεν</span> <span class='ocrx_word' id='word_1_456' title='bbox 400 2590 454 2636; x_wconf 82' lang='grc' dir='ltr'>ἐφ’</span> <span class='ocrx_word' id='word_1_457' title='bbox 480 2591 572 2638; x_wconf 78' lang='grc' dir='ltr'><em>ἡμᾶς</em></span> <span class='ocrx_word' id='word_1_458' title='bbox 595 2594 795 2635; x_wconf 73' lang='grc' dir='ltr'>πλουσίοις,</span> <span class='ocrx_word' id='word_1_459' title='bbox 829 2592 904 2628; x_wconf 77' lang='grc' dir='ltr'>διὰ</span> <span class='ocrx_word' id='word_1_460' title='bbox 930 2592 1079 2634; x_wconf 82' lang='grc' dir='ltr'>Ἰησοῦ</span> <span class='ocrx_word' id='word_1_461' title='bbox 1102 2592 1307 2633; x_wconf 75' lang='grc' dir='ltr'>Χριστοῦ</span> <span class='ocrx_word' id='word_1_462' title='bbox 1343 2592 1424 2625; x_wconf 82' lang='grc' dir='ltr'>τοῦ</span> <span class='ocrx_word' id='word_1_463' title='bbox 1453 2594 1599 2634; x_wconf 77' lang='grc' dir='ltr'>σωτῆ-</span> 
     </span>
     <span class='ocr_line' id='line_1_50' title="bbox 236 2636 1599 2688; baseline -0.005 -16"><span class='ocrx_word' id='word_1_464' title='bbox 236 2655 283 2688; x_wconf 79' lang='grc' dir='ltr'>ρο</span> <span class='ocrx_word' id='word_1_465' title='bbox 297 2654 312 2681; x_wconf 88' lang='grc' dir='ltr'><strong><em>ς</em></strong></span> <span class='ocrx_word' id='word_1_466' title='bbox 335 2638 476 2683; x_wconf 80' lang='grc' dir='ltr'><em>ἡμῶν,</em></span> <span class='ocrx_word' id='word_1_467' title='bbox 512 2641 573 2674; x_wconf 77' lang='grc' dir='ltr'>ἵνα</span> <span class='ocrx_word' id='word_1_468' title='bbox 603 2640 676 2674; x_wconf 76' lang='grc' dir='ltr'><strong><em>κτλ.</em></strong></span> <span class='ocrx_word' id='word_1_469' title='bbox 724 2641 792 2673; x_wconf 86' lang='lat' dir='ltr'>Sed</span> <span class='ocrx_word' id='word_1_470' title='bbox 811 2639 843 2672; x_wconf 87' lang='lat' dir='ltr'>h.</span> <span class='ocrx_word' id='word_1_471' title='bbox 864 2639 886 2675; x_wconf 79' lang='lat' dir='ltr'>l.</span> <span class='ocrx_word' id='word_1_472' title='bbox 908 2641 954 2671; x_wconf 75' lang='lat' dir='ltr'>tle</span> <span class='ocrx_word' id='word_1_473' title='bbox 970 2640 1051 2672; x_wconf 80' lang='grc' dir='ltr'>1)εο</span> <span class='ocrx_word' id='word_1_474' title='bbox 1069 2636 1194 2681; x_wconf 85' lang='lat' dir='ltr'>exponi</span> <span class='ocrx_word' id='word_1_475' title='bbox 1214 2648 1268 2668; x_wconf 71' lang='lat' dir='ltr'>res</span> <span class='ocrx_word' id='word_1_476' title='bbox 1284 2636 1410 2678; x_wconf 74' lang='lat' dir='ltr'>docet,</span> <span class='ocrx_word' id='word_1_477' title='bbox 1436 2638 1599 2681; x_wconf 74' lang='lat' dir='ltr'>quando-</span> 
     </span>
     <span class='ocr_line' id='line_1_51' title="bbox 235 2680 1601 2733; baseline -0.01 -12"><span class='ocrx_word' id='word_1_478' title='bbox 235 2687 380 2733; x_wconf 74' lang='lat' dir='ltr'>quidem</span> <span class='ocrx_word' id='word_1_479' title='bbox 413 2686 473 2727; x_wconf 71' lang='lat' dir='ltr'>qui·</span> <span class='ocrx_word' id='word_1_480' title='bbox 503 2696 571 2717; x_wconf 78' lang='lat' dir='ltr'>nas</span> <span class='ocrx_word' id='word_1_481' title='bbox 591 2696 675 2725; x_wconf 73' lang='lat' dir='ltr'>per</span> <span class='ocrx_word' id='word_1_482' title='bbox 699 2685 935 2718; x_wconf 81' lang='lat' dir='ltr'>Christum</span> <span class='ocrx_word' id='word_1_483' title='bbox 959 2685 1122 2716; x_wconf 79' lang='lat' dir='ltr'>servavit</span> <span class='ocrx_word' id='word_1_484' title='bbox 1157 2680 1244 2714; x_wconf 82' lang='lat' dir='ltr'>alius</span> <span class='ocrx_word' id='word_1_485' title='bbox 1269 2682 1330 2718; x_wconf 80' lang='lat' dir='ltr'>sit,</span> <span class='ocrx_word' id='word_1_486' title='bbox 1365 2694 1470 2725; x_wconf 84' lang='lat' dir='ltr'>quam</span> <span class='ocrx_word' id='word_1_487' title='bbox 1495 2681 1601 2716; x_wconf 82' lang='lat' dir='ltr'>Chri..</span> 
     </span>
     <span class='ocr_line' id='line_1_52' title="bbox 236 2726 1598 2775; baseline -0.002 -12"><span class='ocrx_word' id='word_1_488' title='bbox 236 2740 321 2773; x_wconf 65' lang='lat' dir='ltr'>stus,</span> <span class='ocrx_word' id='word_1_489' title='bbox 349 2730 450 2773; x_wconf 83' lang='lat' dir='ltr'>cujus</span> <span class='ocrx_word' id='word_1_490' title='bbox 469 2728 576 2775; x_wconf 64' lang='lat' dir='ltr'>ope-rai</span> <span class='ocrx_word' id='word_1_491' title='bbox 594 2729 652 2762; x_wconf 80' lang='lat' dir='ltr'>ille</span> <span class='ocrx_word' id='word_1_492' title='bbox 674 2736 804 2771; x_wconf 80' lang='lat' dir='ltr'>utatur,</span> <span class='ocrx_word' id='word_1_493' title='bbox 828 2741 968 2762; x_wconf 84' lang='lat' dir='ltr'>necesse</span> <span class='ocrx_word' id='word_1_494' title='bbox 985 2734 1047 2761; x_wconf 81' lang='lat' dir='ltr'>est.</span> <span class='ocrx_word' id='word_1_495' title='bbox 1080 2726 1218 2760; x_wconf 82' lang='lat' dir='ltr'>Omitto</span> <span class='ocrx_word' id='word_1_496' title='bbox 1235 2726 1311 2765; x_wconf 85' lang='lat' dir='ltr'>alia,</span> <span class='ocrx_word' id='word_1_497' title='bbox 1335 2739 1422 2771; x_wconf 85' lang='lat' dir='ltr'>quae</span> <span class='ocrx_word' id='word_1_498' title='bbox 1440 2735 1598 2760; x_wconf 84' lang='lat' dir='ltr'>nostram</span> 
     </span>
     <span class='ocr_line' id='line_1_53' title="bbox 237 2772 1599 2818; baseline -0.004 -8"><span class='ocrx_word' id='word_1_499' title='bbox 237 2775 444 2812; x_wconf 64' lang='lat' dir='ltr'>,sententiam</span> <span class='ocrx_word' id='word_1_500' title='bbox 481 2774 716 2818; x_wconf 77' lang='lat' dir='ltr'>confirmant,</span> <span class='ocrx_word' id='word_1_501' title='bbox 752 2773 906 2817; x_wconf 82' lang='lat' dir='ltr'>indicia,</span> <span class='ocrx_word' id='word_1_502' title='bbox 947 2784 1036 2818; x_wconf 77' lang='lat' dir='ltr'>quae</span> <span class='ocrx_word' id='word_1_503' title='bbox 1078 2772 1204 2817; x_wconf 85' lang='lat' dir='ltr'>partim</span> <span class='ocrx_word' id='word_1_504' title='bbox 1239 2784 1311 2806; x_wconf 86' lang='lat' dir='ltr'>nou</span> <span class='ocrx_word' id='word_1_505' title='bbox 1346 2772 1599 2818; x_wconf 81' lang='lat' dir='ltr'>praeterierunt</span> 
     </span>
    </p>
   </div>
   <div class='ocr_carea' id='block_1_5' title="bbox 244 2819 706 2864">
    <p class='ocr_par' dir='ltr' id='par_1_5' title="bbox 244 2819 706 2864">
     <span class='ocr_line' id='line_1_54' title="bbox 244 2819 706 2864; baseline -0.009 -7"><span class='ocrx_word' id='word_1_506' title='bbox 244 2822 433 2857; x_wconf 76' lang='lat' dir='ltr'>L&#39;sterium</span> <span class='ocrx_word' id='word_1_507' title='bbox 457 2820 482 2857; x_wconf 82' lang='grc' dir='ltr'>Ι.</span> <span class='ocrx_word' id='word_1_508' title='bbox 502 2832 535 2855; x_wconf 90' lang='lat' dir='ltr'>c.</span> <span class='ocrx_word' id='word_1_509' title='bbox 563 2831 596 2864; x_wconf 81' lang='lat' dir='ltr'>p.</span> <span class='ocrx_word' id='word_1_510' title='bbox 614 2819 706 2854; x_wconf 78' lang='lat'>326..</span> 
     </span>
    </p>
   </div>
  </div>
 </body>
</html>
