1715 3115
484 170 574 214 CA
594 169 649 216 P.
678 168 774 215 XI.
816 170 909 216 Ve.
939 171 1019 215 30.
1050 172 1102 212 et
1130 169 1229 214 31..
1509 172 1595 215 539

126 278 329 321 ctoritate
372 276 558 331 permoti
597 277 719 320 Mill.
758 275 880 319 Prol.
920 276 1135 330 §.1287.‚
1184 275 1376 328 Griesb„
1425 274 1591 330 Reieh„

126 335 320 388 Meyer„
352 335 505 376 Rueck.
528 335 587 377 al.
609 335 801 374 voculam
827 335 1112 385 (iniuriarum,
1152 333 1356 386 Knnpp.‚
1395 332 1593 387 Lac-hm„

124 392 284 434 sehon.
306 390 375 434 ed.
395 392 438 432 4.
461 391 591 431 etiam
613 391 889 438 deleverunt3
922 404 1099 441 vereor,
1130 404 1181 430 ne
1205 404 1287 430 non
1310 394 1443 432 recte.
1502 390 1595 432 Ha-

125 448 199 489 het
220 448 333 488 euim
357 447 472 489 istud
496 445 570 488 καί
590 447 922 503 antiquissimos
943 453 1168 498 auctores,
1210 446 1252 486 in
1277 447 1345 486 his
1367 446 1526 501 Syrum
1549 454 1595 489 et

126 509 351 561 comparet
391 505 432 544 in
476 504 553 543 hac
594 505 760 544 millius
799 503 930 559 pretii
962 502 1309 558 transpositione
1341 503 1598 548 verborum:

126 557 282 617 ὥσπερ
315 557 396 615 γάρ
429 575 562 601 ποτε
595 560 684 601 καὶ
715 557 869 611 ὑμεῖς
898 559 1179 615 ἠπειθήσατε
1202 561 1263 614 τῷ
1285 558 1380 613 θεῷ
1407 561 1501 616 (48.
1522 562 1595 605 72.

127 618 265 671 Vulg.
290 618 439 660 Germ.
465 614 615 671 l’clag.
641 616 830 667 Scdnl.).
904 615 1072 657 Deinde
1105 630 1227 658 nemo
1258 615 1386 657 facile
1417 617 1492 659 καί
1520 618 1599 659 ad-

122 675 298 733 jecerit.
367 673 577 717 Absurde
604 673 716 714 enim
738 672 857 714 Mill.
879 673 910 715 l.
932 688 968 714 c.
999 670 1114 726 „zai
1145 673 1334 714 inseruit
1362 674 1599 732 quispiam,

133 732 293 788 inquit,
322 735 500 784 propter
521 730 785 785 emphasin?
845 730 1006 772 Contra
1031 729 1205 770 librarii
1229 730 1304 771 ubi
1324 729 1399 771 καί
1418 732 1458 771 in
1481 747 1598 773 com-

131 788 436 847 parationibus
466 788 732 838 geminatum
773 791 842 827 est
878 801 954 843 per
996 786 1305 840 negligentiam
1336 788 1599 831 alterutrum

131 843 206 886 καί
235 845 437 885 omittere
465 845 609 884 solent
646 849 694 885 ut
727 858 1095 899 supervacaneum
1133 847 1194 897 (v.
1225 849 1313 885 not.
1345 845 1399 885 ad
1433 847 1470 897 l,
1495 847 1599 899 13.).

130 901 259 944 Nihil
289 902 426 955 igitur
456 901 542 942 nisi
574 902 651 942 hoc
681 900 856 941 concedi
881 907 1052 958 potest,
1082 899 1156 941 καί
1176 898 1364 956 fortasse
1385 902 1599 945 adulteri-

130 972 232 1000 num
259 971 374 1003 esse.
444 957 572 999 Unde
598 956 742 1000 edidi:
787 954 939 1011 ὥσπερ
970 956 1051 1013 γὰρ
1085 959 1202 1011 [καὶ]
1234 952 1354 1010 ὗμεῖς
1382 973 1492 1001 ποτε
1520 956 1598 1015 ἦπ.

131 1030 170 1056 τ.
199 1017 264 1056 θ..
302 1040 359 1046 -
433 1009 557 1068 ὖμεῑς
588 1029 696 1056 ποτε
724 1010 1005 1069 ἠπειθήσατε
1035 1015 1096 1068 τῷ
1127 1011 1242 1069 θεῷ]
1285 1029 1378 1067 vos,
1426 1018 1602 1072 pagani,

133 1072 235 1114 olim
255 1072 349 1114 Deo
368 1085 451 1113 non-
467 1071 698 1125 paruistis,
730 1086 861 1127 quum
883 1084 1034 1127 nempe
1055 1075 1227 1127 turpem
1250 1085 1298 1112 ac
1317 1072 1601 1116 libidinosam

133 1129 266 1171 vitam
295 1128 488 1182 ageretis
518 1133 562 1169 et
589 1127 642 1168 ad
669 1135 858 1170 vestram
893 1129 1040 1185 potius
1075 1142 1202 1183 quemi
1239 1129 1293 1169 ad
1331 1131 1602 1174 sanctissimi

134 1186 327 1227 numinis
367 1186 634 1228 voluntatem
674 1199 752 1228 vos
792 1186 1126 1227 conformaretis
1167 1187 1228 1240 (l,
1249 1186 1316 1228 18.
1338 1201 1437 1244 sqq.
1489 1188 1602 1245 Eph.

133 1244 177 1295 2,
198 1244 237 1285 l.
258 1244 363 1299 sq.).
425 1241 664 1299 Perperam
686 1243 921 1295 Erasnms,
960 1241 1200 1295 ΙΛιῒΙιε-νιιε,
1236 1243 1392 1286 Ilenm.
1420 1245 1475 1287 al.
1505 1260 1602 1287 ver-

133 1305 306 1342 terunt:
354 1299 497 1341 Deum
538 1315 635 1341 esse
672 1300 795 1340 vobis
832 1298 1069 1355 aliquando
1102 1313 1185 1340 non
1216 1314 1474 1356 persuasum
1502 1303 1603 1356 fuit,

135 1357 193 1409 ibt
223 1357 314 1408 bobt
343 1357 428 1408 einst
458 1370 507 1399 on
538 1358 641 1402 &ott
670 1356 766 1400 nimt
795 1358 985 1411 gcgtaubt.
1042 1354 1157 1397 Nam
1180 1370 1440 1413 quamquam
1461 1360 1604 1413 genti-

136 1414 202 1455 les
225 1413 346 1455 Deos
368 1428 447 1469 pro
470 1413 564 1454 Deo
589 1414 734 1469 inepte
754 1415 982 1454 coluerunt
1012 1417 1154 1454 tamen
1178 1413 1319 1455 Deum
1353 1420 1605 1458 statuerunt

136 1484 277 1526 neque
298 1469 348 1512 τὸ
374 1472 496 1511 θεῖον
515 1471 673 1511 tollere¹
697 1470 754 1510 iis
776 1470 818 1510 in
843 1476 1026 1511 mentem
1049 1470 1165 1511 venit
1185 1472 1247 1525 (1,
1264 1472 1371 1528 21.).
1432 1473 1603 1516 Deinde

137 1526 213 1568 uhi
236 1527 432 1567 homines
452 1526 535 1568 fide
555 1526 756 1568 destituti
776 1523 984 1568 ἀπειθεῖν
1004 1526 1047 1567 ἰη
1071 1525 1129 1568 Ν.
1151 1526 1209 1570 Τ.
1230 1527 1436 1571 dicuntur
1453 1545 1603 1572 eorum

137 1584 425 1636 contumacia,
454 1588 501 1624 ut
523 1583 760 1640 aliquoties
780 1584 925 1624 monui
947 1586 1007 1638 (v.
1029 1584 1158 1624 etiam
1179 1583 1410 1628 Lnecltium
1430 1587 1484 1628 ad
1501 1587 1606 1632 Joh.

138 1641 181 1692 3,
198 1641 307 1693 36.)‚
333 1645 572 1697 spectatur,
603 1641 689 1696 qua
707 1639 832 1681 iidem
856 1654 982 1696 quam
1005 1640 1129 1681 Deus
1149 1643 1423 1697 poposcisset
1443 1645 1605 1686 habcre

138 1699 376 1740 noluerint.
454 1696 657 1739 Ceterum
693 1697 923 1750 gentilium
960 1699 1231 1738 contumacia
1261 1705 1305 1740 et
1334 1702 1605 1757 perversitas

140 1754 185 1796 h.
205 1754 236 1795 l.
268 1767 354 1794 non
381 1752 437 1794 ab
464 1753 659 1810 ipsorum
692 1754 883 1795 vanitate
903 1755 966 1808 (l,
987 1755 1054 1798 18.
1074 1756 1219 1810 sqq.)‚
1249 1755 1325 1796 sed
1347 1772 1368 1796 a
1393 1757 1479 1800 Dei
1500 1759 1541 1799 vi
1562 1762 1607 1800 ct:

140 1810 403 1851 efficacitate
435 1811 652 1866 repetitur
685 1811 762 1864 (cf.
790 1810 958 1863 v.32.).
1033 1811 1107 1852 νῦν
1138 1811 1186 1852 δὲ
1214 1808 1455 1868 ἠλεήθητε]
1489 1814 1605 1856 Sane

143 1881 310 1908 summa
345 1865 537 1907 felicitas
573 1865 658 1920 fide
685 1870 868 1922 paratur
899 1868 938 1918 l,
961 1868 1044 1910 16..
1119 1865 1275 1909 Nihilo
1304 1870 1446 1912 minus
1478 1870 1605 1914 Deus

143 1923 446 1965 misericordia
475 1922 688 1970 adductus
712 1928 756 1964 et
776 1921 998 1965 Christum
1031 1921 1085 1963 ad
1114 1923 1312 1966 homines
1339 1926 1504 1979 legavit
1531 1929 1607 1984 qui

143 1995 220 2022 eos
251 1981 401 2021 bearet
431 1978 537 2022 Luc.
568 1982 607 2032 1,
625 1980 721 2031 72„
769 1985 812 2020 et
848 1980 945 2036 pios
981 1979 1152 2036 fideque
1183 1981 1379 2037 insignes
1410 1985 1608 2027 homines

143 2037 371 2079 beatitatis
401 2037 641 2078 messianae
670 2036 910 2092 participes
939 2035 1273 2081 redditMatth.
1292 2041 1418 2093 5‚7.‚
1462 2048 1506 2083 ct
1536 2057 1608 2083 sa-

143 2095 279 2136 lutem
299 2093 424 2134 nohis
444 2094 593 2134 oll'erri
611 2093 737 2149 jubet
756 2099 801 2134 ct
820 2094 1071 2134 muneribus
1093 2094 1346 2138 christianis
1375 2112 1454 2139 nos
1482 2112 1611 2156 prae-

145 2152 237 2194 ficit
263 2153 285 2192 l
307 2150 409 2193 Cor.
429 2151 470 2202 7,
488 2150 559 2193 25.
590 2151 618 2190 2
636 2149 738 2193 Cor.
756 2150 800 2201 4,
822 2152 860 2193 1.
895 2151 918 2191 l
936 2149 1054 2193 Tim.
1075 2152 1114 2202 l,
1135 2152 1220 2195 13..
1275 2152 1390 2195 Nam
1413 2155 1516 2196 haec
1537 2170 1609 2197 or-

148 2213 349 2249 namenta
381 2207 466 2249 sihi
493 2222 515 2247 a
548 2206 645 2248 Deo
675 2206 826 2248 deberi
855 2208 1078 2263 praeclare
1107 2209 1261 2251 merito
1286 2224 1410 2252 nemo
1432 2212 1610 2256 dixerit.

149 2265 352 2321 Expone:
392 2278 502 2304 nunc
529 2278 657 2315 vero,
696 2269 927 2320 postquam
948 2262 1151 2307 Christus
1177 2265 1230 2306 ad
1255 2267 1449 2309 homines
1476 2269 1610 2322 venit,

148 2322 237 2364 Dei
258 2320 600 2362 misericordiam
620 2321 790 2378 experti
808 2322 917 2362 estis
939 2336 1007 2378 np.
1030 2336 1104 2372 eo,
1133 2322 1246 2378 quod
1268 2339 1346 2380 per
1365 2325 1608 2368 doctrinam

148 2379 305 2421 christ.
336 2377 555 2419 vobiscum
586 2378 941 2419 communicatam
977 2379 1098 2419 vohis
1125 2381 1419 2436 sempiternae
1448 2384 1610 2425 salutis

81 2450 85 2454 ·
150 2436 274 2492 copia
307 2435 418 2475 sacta
449 2441 515 2476 est
556 2437 616 2489 (v.
640 2437 708 2476 ll.
739 2435 848 2488 28..)
917 2431 1165 2476 Ἕλειῖσθαι
1193 2451 1272 2493 per
1304 2440 1610 2495 metonymiam

151 2493 321 2534 credere
345 2496 390 2532 et
419 2491 467 2531 τὸ
497 2488 622 2540 ἔλεος
643 2492 771 2546 fidem
789 2490 1013 2532 declarare
1037 2492 1177 2533 inanis
1196 2494 1336 2536 Groui
1355 2496 1503 2552 opinio
1524 2502 1610 2541 est.

151 2546 259 2590 Pari
281 2547 382 2606 jure
413 2548 638 2589 ἐλεεῖσθαι
668 2562 748 2605 per
778 2549 1081 2602 metonymiam
1115 2548 1143 2591 i.
1166 2563 1209 2605 q.
1237 2551 1471 2593 καλεῖσθαι
1495 2558 1538 2594 et
1558 2554 1609 2594 τὸ

153 2601 278 2653 ἔλεος
307 2605 337 2648 i.
357 2619 399 2660 q.
423 2602 501 2657 τὴν
531 2603 681 2646 πίστιν
708 2605 854 2647 valere
881 2605 1067 2649 diceres,
1119 2607 1173 2661 τῇ
1191 2604 1355 2648 τούτων
1375 2605 1612 2666 ἀπειθείᾳ]

151 2675 230 2716 per
251 2662 401 2702 horum
432 2660 743 2716 (ludaeorum)
768 2663 1079 2703 contumaciam
1103 2662 1145 2703 h.
1165 2677 1203 2705 e.
1220 2678 1290 2715 ee,
1319 2666 1425 2721 (sicori
1449 2666 1489 2706 hi
1509 2681 1610 2708 con-

155 2724 345 2759 tumaces
377 2719 568 2760 fuerunt.
632 2718 802 2775 Nempe
822 2718 1087 2762 Iudaeorum
1109 2723 1374 2773 contumacia
1400 2723 1524 2774 tecit,
1564 2729 1613 2765 nt

158 2768 184 2828 ἡ
205 2772 401 2830 σωτηρία
420 2774 474 2815 ad
496 2774 687 2826 gentiles
711 2776 959 2832 perveniret
986 2781 1046 2828 (r.
1067 2777 1135 2818 ll.
1159 2777 1268 2831 28.).
1339 2778 1484 2819 Minus
1511 2786 1612 2836 apte

156 2830 371 2887 explices:
400 2836 573 2887 propter
592 2831 743 2875 horum
766 2833 1077 2875 contumaciam
1099 2833 1141 2874 h.
1161 2848 1200 2876 e.
1218 2835 1316 2888 quia
1338 2835 1381 2875 hi
1402 2836 1614 2878 obstinati
