1715 3115
604 161 764 210 CAP.
796 160 892 208 XI.
932 161 1024 208 Vs.
1056 163 1152 207 11..
1532 166 1620 209 463

146 280 244 309 nam
268 271 433 324 pestem
454 265 783 324 praecipitaret,
803 267 948 309 verbis
962 266 1021 323 μὴ
1041 265 1225 322 γένοιτο.
1272 268 1388 310 Tum
1415 268 1620 326 quidnam

146 325 274 366 Deus
296 338 425 392 quum
448 338 521 364 eos
545 338 723 379 peccare
742 325 921 383 juberet
951 329 1162 380 sequutus
1190 325 1248 366 sit
1276 326 1468 382 explicat
1495 340 1619 368 voca-

146 381 265 423 bulis
290 379 403 421 ιιλλὰ
427 382 489 434 τῷ
517 380 658 421 αι’τιῆν
688 381 1018 434 παραπτώματι
1047 376 1071 434 ἦ
1098 382 1296 437 σωτηρία
1324 386 1418 431 τοῖς
1444 382 1623 425 ἔθνεσιν

145 439 263 493 (scil.
290 436 479 491 ἐγένετο)
502 435 566 485 εἰς
584 436 633 477 τὸ
659 434 981 492 παραζηλῶσαι
1004 433 1178 487 αὐτοίς.
1241 437 1304 479 Τὸ
1331 440 1619 495 παράπτωμα

145 509 230 536 non
262 494 480 535 notionem
515 494 647 535 verbo
675 492 856 535 πίπτειν
887 495 1243 550 comprehensam
1275 494 1500 552 (aciem),
1541 498 1620 539 sed

144 552 455 605 cogitationem
492 552 622 592 verbo
654 549 830 591 πταίειν
861 552 1069 591 inclusam
1101 551 1310 594 continet.
1394 553 1620 596 Peccatum

145 610 259 649 enim
282 613 404 648 notat
425 610 485 661 (v,
520 605 664 658 1,323.
695 609 784 663 sq.)
814 614 857 648 et
886 606 1049 649 dicitur
1074 607 1126 649 τὸ
1157 606 1447 660 παράπτωμα
1476 607 1621 653 αὐτῶν

148 664 449 706 Israelitarum
490 663 532 704 in
572 663 734 705 delectu
762 665 1097 718 praeteritorum
1123 669 1346 714 peccatum
1374 662 1398 720 ἡ
1429 664 1619 710 ἀπιστία

146 717 289 763 αὐτῶν
308 736 346 764 ν.
367 721 438 764 20.
461 719 524 759 vel
551 715 574 774 ἡ
603 717 820 761 ἀπείθεια
852 717 995 761 αὐτῶν
1023 735 1064 764 v.
1093 721 1165 764 31.
1191 721 1279 765 32..
1347 721 1448 764 Non
1482 724 1618 779 igitur

145 781 241 835 Ap.
262 776 312 818 τὸ
344 772 633 831 παράπτωμα
660 777 916 828 collocavit,
960 783 1006 819 ut
1035 778 1155 819 verbi
1184 775 1368 820 πίπτειν
1391 783 1619 838 metapho-

144 849 237 877 ram
259 835 533 875 continuaret
554 832 779 888 (lineola),
839 832 957 889 Quin
981 836 1286 892 paronomasia
1310 833 1398 883 (ἵνα
1425 837 1620 881 πέσω-

145 906 298 944 013-—
327 891 388 946 τῷ
410 885 554 930 αὐτῶν
573 888 1014 945 παραπτώματι)
1034 892 1087 932 ad
1110 893 1239 934 verba
1269 895 1488 950 pertinet,
1519 910 1618 937 sen-

143 949 327 991 tentiam
359 960 441 987 nou
471 945 666 999 attingit.
721 945 988 990 Iudaeorum
1013 949 1238 992 Christum
1268 950 1617 995 abominatorum

143 1005 413 1048 coutumacia
437 1018 486 1044 eo
510 1004 731 1056 valuerat,
764 1011 811 1045 ut
830 1007 1042 1062 Apostoli
1066 1008 1106 1047 in
1139 1021 1407 1063 paganorum
1441 1009 1618 1052 iustitu-

142 1063 305 1105 tionem
328 1075 503 1118 operam
527 1060 776 1102 conferrent
796 1063 900 1103 Act.
924 1062 1072 1115 13,46.
1093 1063 1246 1115 28,28.
1268 1063 1399 1120 idque
1421 1067 1617 1109 futurum

143 1134 241 1162 esse
261 1118 393 1162 Jesus
414 1117 701 1173 portenderat
719 1117 878 1161 Matth.
897 1118 1050 1172 21,43.
1079 1121 1202 1172 22,1.
1220 1145 1275 1153 ——
1298 1123 1384 1166 14..
1443 1123 1541 1167 Hoc
1567 1125 1618 1170 P.

144 1177 289 1218 omnia
325 1174 592 1217 moderantis
620 1174 709 1216 Dei
739 1177 927 1217 consilio
956 1178 1182 1229 attribuit,
1234 1180 1307 1235 qui
1341 1195 1391 1223 eo
1425 1181 1533 1224 inito
1562 1192 1617 1225 'et

142 1233 355 1303 prodesse
376 1231 617 1285 gentilibus
641 1228 775 1283 (ἀλλὰ
800 1233 863 1288 τῷ
891 1248 1092 1287 παραπτ.
1123 1234 1266 1278 αὐτῶν
1297 1233 1321 1293 ἡ
1350 1239 1550 1295 σωτηρία
1576 1244 1614 1282 ³c.

143 1291 342 1342 ε’θνεσιν)
372 1296 416 1330 et
443 1289 572 1345 plane
601 1302 685 1330 non
718 1303 873 1331 nocere
900 1288 1084 1334 ,Iudaeis
1117 1293 1159 1334 in
1192 1293 1364 1337 delectu
1403 1298 1616 1349 neglectis

143 1344 231 1401 (εἰς
254 1345 304 1387 τὸ
330 1343 655 1401 παραζηλῶσαι
688 1344 870 1400 αὐτούς)
903 1347 1109 1392 voluerit.
1170 1346 1234 1399 εἷς
1260 1350 1311 1392 τὸ
1342 1353 1616 1410 παραζηλῶ-

140 1419 220 1446 σαι
243 1400 420 1456 αὐτούς]
459 1401 576 1443 Male
601 1401 681 1454 lt,
719 1401 865 1458 Vuly„
907 1403 1125 1447 Lnrherus
1150 1407 1234 1450 al.:
1277 1415 1323 1450 ut
1353 1401 1614 1464 (israelitae

139 1475 225 1503 non
257 1459 437 1514 delecti)
470 1459 562 1500 illos
590 1461 827 1516 (paganos)
860 1460 1143 1506 aemulentur.
1203 1464 1336 1506 Ratio
1368 1468 1481 1509 enim
1512 1484 1536 1512 a
1563 1467 1613 1514 P.

139 1517 328 1561 habetur
359 1517 442 1558 loci
472 1515 652 1557 mosaici
686 1516 819 1560 Deut.
846 1517 1000 1569 32‚21.
1028 1532 1161 1576 supra
1196 1522 1344 1574 10,19.
1372 1524 1498 1568 allati
1535 1529 1611 1580 (cs.

139 1575 272 1617 etiam
304 1574 492 1624 11‚14.).
553 1571 850 1628 Quamobrem
875 1575 1086 1631 explana:
1128 1582 1173 1618 ut
1192 1579 1313 1620 Dens
1341 1580 1406 1635 (id
1434 1581 1613 1627 effectu-

137 1646 241 1683 rus,
272 1631 387 1687 quod
413 1645 460 1672 se
485 1629 700 1671 facturum
731 1645 828 1672 esse
854 1645 933 1687 per
954 1631 1106 1674 Mosen
1136 1632 1470 1681 denuntiaverat
1515 1656 1611 1684 cu-

137 1703 251 1732 rum
276 1688 487 1730 Israelitis
505 1701 586 1728 non
606 1687 780 1729 delectis
799 1693 981 1730 moveret
1003 1693 1137 1746 (quae
1160 1706 1235 1733 eos
1257 1695 1462 1739 stimular
1520 1731 1532 1750 ,
1562 1707 1610 1741 ut

137 1745 366 1799 gentilium
391 1745 515 1785 tidem
546 1746 898 1796 aemularentur,
927 1745 982 1788 cf.
1014 1760 1053 1789 v.
1074 1747 1184 1798 31.).
1246 1749 1436 1795 Uxorem
1466 1769 1490 1796 a
1523 1770 1610 1798 ma-

136 1802 225 1842 rito
248 1802 547 1856 repudiatam,
570 1814 698 1855 quum
719 1802 848 1842 aliam
865 1800 958 1858 jam
982 1803 1183 1845 seminam
1208 1806 1262 1847 ab
1281 1823 1331 1848 eo
1353 1811 1492 1853 amari
1512 1827 1609 1856 sen-

138 1859 272 1908 serit,
312 1871 413 1897 cura
445 1858 664 1908 accendit,
705 1863 752 1897 ut
778 1858 984 1898 amissam
1013 1861 1197 1912 gratiam
1230 1877 1487 1920 recuperare
1516 1877 1608 1912 stu-

137 1914 261 1957 deat:
293 1914 356 1954 sic
390 1913 531 1954 Deum
562 1913 709 1953 favore
739 1928 818 1954 suo
851 1914 892 1954 in
924 1916 1115 1969 gentiles
1144 1919 1354 1963 inclinato
1387 1923 1609 1968 israelitis

137 1971 181 2013 in
213 1971 383 2013 delectu
419 1970 672 2027 praeteritis
703 1984 849 2011 curam
881 1976 925 2012 et
951 1973 1293 2018 sollicitudinem
1323 1979 1504 2035 injicere
1534 1984 1608 2025 de-

137 2029 356 2079 crevisse,
392 2035 438 2068 nt
468 2041 570 2067 cura
601 2041 676 2067 eos
704 2026 757 2067 ad
788 2027 1040 2070 imitandam
1067 2033 1296 2085 gentilium
1325 2028 1482 2092 fldem,
1522 2045 1606 2097 qna

136 2085 228 2128 Dei
255 2085 443 2139 gratiam
475 2084 735 2139 consequuti
765 2085 1033 2142 sempiterno
1065 2089 1323 2146 beareutur,
1363 2095 1609 2153 impelleret

134 2144 230 2200 Ap.
281 2142 533 2183 affirmavit.
603 2140 670 2184 Cf.
708 2141 943 2186 Calvinum.
1017 2141 1305 2204 Perspicuum
1347 2159 1415 2194 est
1455 2153 1608 2208 igitur,

134 2199 279 2242 Deum
307 2198 538 2240 israelitas
559 2197 601 2239 in
624 2197 794 2239 delectu
822 2200 1067 2254 neglectos,
1099 2217 1179 2244 non
1210 2214 1256 2246 ut
1289 2216 1531 2252 corruerent
1564 2214 1606 2257 Ιι.

135 2269 174 2300 e.
204 2257 346 2297 salute
381 2255 594 2295 messiani!
629 2255 933 2312 privarentur,
978 2258 1054 2298 sed
1083 2265 1131 2300 ut
1162 2277 1292 2317 quum
1322 2281 1400 2306 suo
1461 2277 1605 2310 eccato

167 2314 321 2368 aganis
344 2313 606 2369 profuissent
629 2319 673 2353 et
695 2312 780 2369 ipsi
804 2312 1039 2355 bearentur
1060 2331 1261 2373 peccare,
1294 2321 1336 2366 b.
1365 2338 1402 2366 e.
1450 2324 1606 2368 'bristo

133 2328 261 2412 iidem
289 2384 447 2422 negare
461 2369 669 2426 jussisse.
729 2368 944 2423 Quocirca
971 2370 1019 2415 P.
1044 2377 1259 2417 sententia
1296 2377 1398 2420 baec
1428 2391 1518 2424 est:
1559 2392 1606 2425 nt

88 2453 92 2456 -
133 2424 370 2470 Israelitae
392 2441 474 2467 non
503 2425 661 2467 delecti
693 2427 812 2468 nulla
834 2426 1012 2470 Christo
1041 2430 1124 2471 tide
1154 2432 1302 2476 habita
1334 2437 1605 2482 ostenderent

134 2483 179 2527 h.
207 2498 246 2528 e.
277 2490 508 2541 peccarent
536 2496 617 2523 non
648 2497 698 2523 eo
726 2483 912 2526 consitio
945 2485 1070 2528 Deus
1101 2488 1226 2542 fecit,
1268 2497 1316 2532 ut
1346 2505 1606 2539 corruerent

135 2545 213 2581 aut
242 2541 457 2581 messiana
493 2539 705 2581 felicitate
740 2540 1072 2594 fraud-arentum
1122 2546 1198 2586 sed
1239 2562 1388 2592 eorum
1429 2562 1605 2607 pec-caeo

134 2596 234 2637 Deo
257 2597 506 2639 moderante
531 2597 742 2637 messiane
766 2597 885 2638 salus
909 2602 1090 2654 paganis
1112 2603 1292 2657 obtigit,
1324 2614 1369 2648 ut
1393 2613 1502 2662 (rem
1527 2625 1604 2666 pm·

134 2653 288 2695 Mosen
309 2655 607 2696 denuntiatam
638 2657 784 2705 10,19.
807 2656 1104 2710 perfecturus)
1131 2673 1276 2702 curam
1313 2664 1367 2704 iis
1399 2677 1603 2718 movere-t,

135 2715 217 2765 qua
242 2711 294 2750 ad
321 2710 571 2753 imitandam
598 2725 862 2766 paganorum
887 2713 1035 2766 iidem,
1065 2730 1115 2756 ne
1142 2717 1350 2760 felicitate
1384 2725 1601 2766 messiani.

133 2767 407 2818 exciderent,
438 2768 741 2809 incitarentur.
800 2766 897 2810 Jam
921 2773 1148 2826 quaeritur
1169 2780 1211 2815 et
1233 2781 1447 2831 quomodo
1474 2780 1522 2823 Ρ.
1557 2782 1597 2821 in

131 2823 241 2865 hanc
273 2825 535 2866 sententiam
569 2824 772 2867 inciderit
803 2831 846 2866 et
879 2839 932 2868 an
966 2841 1016 2869 ea
1048 2832 1168 2872 nobis
1196 2834 1438 2883 plausibilis
1468 2837 1600 2879 videri
