1715 3115
126 184 211 227 152
404 183 787 229 EPISTOLA
815 184 919 232 AD
950 183 1315 229 ROMANOS

125 291 218 333 rins
239 291 471 332 mutaverit
492 290 602 332 nulli
624 289 947 333 dubitaverunt.
1007 291 1119 334 Nam
1151 297 1193 332 et
1227 292 1312 332 alia
1334 290 1393 335 V.
1414 290 1472 334 T.
1495 291 1590 333 inca

125 349 235 389 hanc
267 348 514 404 opinionem
543 347 844 390 commendare
872 347 1130 389 videbantur
1159 347 1259 401 (Ps.
1284 350 1381 398 102,
1402 349 1474 390 27.
1497 348 1591 392 Jes.

125 405 197 454 51,
230 407 293 446 ui.
324 406 395 456 05,
426 406 494 447 17.
517 405 598 458 al.)
638 418 775 460 neque
795 405 970 456 deerat,
1003 405 1075 459 qui
1103 406 1319 446 ruinosam
1346 419 1487 445 rerum
1514 418 1590 461 na-

128 468 269 502 turam
293 467 587 512 restauraret,
619 461 824 512 Messias,
855 462 1043 502 omnium
1065 462 1118 501 ab
1144 461 1313 502 Adamo
1337 462 1592 517 importato-

127 532 222 559 rnm
249 517 502 559 damnorum
522 525 767 574 reparator.
809 516 1010 560 Ceterum
1032 516 1130 557 ‹lnm
1152 517 1304 561 Judaei
1325 525 1367 559 et
1390 532 1498 573 qnae
1520 531 1594 558 res

128 574 294 619 Adami
335 575 461 630 culpa
496 575 563 615 vel
594 574 782 616 amissae
810 574 879 615 vel
911 574 952 614 in
983 573 1109 631 pejus
1141 580 1328 614 mutatae
1357 573 1520 615 snm-int.
1549 578 1595 614 et

131 645 255 686 quem
282 630 322 687 {¹¹
347 631 516 672 modum
541 645 564 670 a
589 631 748 672 Massia
774 631 991 673 ornandae
1013 637 1056 671 et
1077 630 1359 686 expolientlae
1380 631 1469 671 sint
1492 644 1594 670 con-

131 688 314 728 stituere
343 694 577 739 conantur,
609 688 686 728 alii
716 688 801 727 alia
833 686 1021 727 absurde
1052 686 1451 729 comminiscuntur.
1518 685 1595 727 Et·-

129 744 242 784 enim
268 743 601 796 imaginatione,
633 743 745 784 mala
770 743 1016 797 dogmatum
1039 743 1273 795 magistra,
1302 749 1346 783 et
1367 741 1513 797 inepta
1538 740 1595 785 V.

131 799 190 842 Τ.
214 800 576 857 interpretatione
596 799 716 842 ducti
737 814 814 856 pro
835 799 1110 855 suoquisqne
1126 800 1297 851 ingenio
1311 798 1468 854 partim
1483 811 1595 838 rom-

132 862 275 899 menta
296 871 371 896 sna
389 858 627 898 hauserunt
648 872 671 898 e
690 857 817 898 libris
830 872 864 898 s.
880 858 989 896 male
1005 856 1255 906 intellectis,
1275 855 1434 912 partim
1457 854 1597 895 libros

133 927 171 959 s.
192 912 245 953 ad
268 928 343 953 sua
366 919 603 958 commenta
624 912 1018 955 accommodarunt.
1060 911 1391 953 Suntautemiis
1405 910 1594 968 potissi-

134 983 249 1010 mum
277 969 386 1012 locis
415 970 566 1022 abusi,
599 984 710 1026 qnae
738 983 898 1011 aureae
921 969 1080 1009 aetatis
1103 968 1436 1025 descriptionem
1460 967 1600 1008 conti-

136 1031 263 1077 nent,
294 1039 334 1070 v.
365 1041 403 1071 c.
430 1025 526 1073 Jes,
549 1028 616 1080 11,
633 1028 677 1072 7.
693 1027 739 1082 ³¹¹)
798 1024 920 1085 Quas
940 1024 1241 1067 Rabbinorum
1269 1038 1406 1079 nugas
1427 1022 1536 1068 Jesu
1556 1027 1620 1073 et,

182 1150 222 1197 ῆι)
246 1151 448 1186 Reresehith
473 1142 581 1185 rabba
609 1152 634 1186 s.
655 1152 709 1186 11.
729 1163 760 1186 c.
779 1151 811 1186 3.
830 1151 876 1187 R.
896 1151 1065 1194 Beracbja
1085 1150 1168 1184 dixit
1191 1148 1414 1185 R.Samuetis
1435 1149 1603 1183 nomine:

230 1209 446 1242 quamquam
476 1199 594 1232 onmia
613 1198 682 1240 ita,
714 1203 752 1229 ut
781 1197 915 1242 expleta
940 1204 1055 1230 esseut
1088 1203 1119 1229 et
1141 1195 1318 1241 perfecta,
1342 1195 1485 1229 condita
1506 1199 1604 1237 sunt,

229 1258 347 1286 tamen
370 1260 556 1299 postquam
579 1256 739 1300 psum-t
760 1252 840 1286 :78
859 1254 1033 1298 peccavit,
1064 1252 1248 1297 depravata
1274 1259 1354 1285 sunt
1375 1264 1488 1297 neque
1508 1251 1604 1284 inte·-

227 1322 330 1354 grum
348 1323 452 1344 suum
472 1318 599 1345 statum
621 1312 900 1356 recuperabunt,
933 1311 999 1344 nisi
1019 1322 1128 1356 quum
1148 1309 1282 1343 venerit
1300 1310 1383 1362 ’γ’ἾΞ
1409 1308 1604 1350 (Messias),

232 1367 329 1409 quod
359 1358 496 1400 1116111111
522 1374 573 1401 est
595 1367 719 1410 (Ruth.
742 1367 886 1407 4‚18.):
919 1366 981 1400 hae
1008 1375 1088 1418 supi
1116 1365 1240 1409 stirpes
1257 1365 1438 1407 (nt-1³70)
1457 1363 1604 1399 Pherez.

233 1420 343 1454 Plene
364 1426 460 1464 (cum
492 1427 507 1456 '¹
526 1424 548 1462 i,
568 1438 596 1458 e.
617 1426 686 1468 sex)
710 1423 882 1468 scriptum
906 1430 954 1457 est
974 1425 1148 1459 rvi-mn,
1174 1423 1334 1466 quiaffl'x
1350 1434 1403 1455 res
1422 1421 1462 1453 ad
1483 1420 1606 1466 prisii-

232 1479 317 1499 nam
339 1468 573 1512 integritatem
592 1476 826 1507 revertentur,
848 1482 976 1514 nempe
994 1469 1151 1501 bominis
1173 1469 1342 1512 splendor
1360 1467 1445 1508 [hoc
1463 1479 1500 1499 ex
1520 1465 1608 1504 Jud,

233 1514 267 1553 5,
289 1513 345 1547 31.
378 1516 564 1559 probatur]
580 1508 596 1556 ,¹
620 1515 687 1548 vita
717 1515 833 1555 [vitae
866 1513 1081 1560 perpetuitas
1106 1527 1141 1546 ex
1166 1514 1236 1547 Jes.
1256 1513 1310 1551 65,
1331 1515 1388 1547 22.
1413 1511 1606 1555 eflicitur],

235 1565 387 1592 staturae
415 1564 609 1603 proceritas
639 1565 872 1603 [provocatur
894 1562 935 1593 ad
957 1560 1068 1595 Levit.
1086 1559 1142 1600 26,
1168 1558 1258 1602 13.],
1283 1559 1417 1593 fructus
1439 1565 1552 1590 terrae
1573 1563 1608 1591 et

236 1605 405 1637 arborum
437 1606 563 1647 [zach.
588 1606 621 1649 8,
646 1608 713 1646 12]
739 1611 769 1637 et
799 1605 933 1638 lumina
957 1605 978 1638 i.
1000 1617 1030 1637 e.
1051 1604 1124 1641 sol,
1152 1605 1231 1636 luna
1253 1611 1286 1636 et
1305 1603 1424 1637 stellae
1445 1603 1530 1644 [λεδ.
1550 1602 1612 1647 30²

235 1649 323 1691 26.].
355 1650 490 1684 Similia
509 1651 697 1684 traduntur
724 1650 807 1683 ibid.
834 1651 858 1683 f.
878 1653 932 1684 11.
966 1663 997 1684 c.
1020 1655 1067 1683 Ξ..
1117 1649 1159 1682 R.
1187 1648 1313 1682 Bechai
1340 1648 1375 1681 in
1404 1647 1608 1682 Schulchan

236 1696 323 1729 orba
343 1695 366 1728 f.
388 1696 421 1729 9.
440 1708 471 1729 c.
495 1698 552 1730 4.:
577 1697 757 1740 Tempore
777 1696 836 1729 illo
856 1696 1039 1739 [Messiae]
1053 1708 1172 1728 rerum
1197 1694 1407 1728 universitas
1426 1694 1458 1726 in
1482 1694 1608 1726 melius

237 1741 433 1774 mutabitur
463 1749 496 1775 et
523 1742 769 1776 conditionem
800 1742 990 1787 perfectam
1012 1748 1044 1774 et
1067 1753 1193 1785 puram
1216 1739 1386 1784 recipiet,
1409 1738 1520 1783 qualis
1539 1737 1609 1773 suit

237 1792 401 1830 tempore
421 1787 524 1831 primi
541 1786 715 1827 hominis,
742 1795 822 1820 ante
843 1799 946 1831 qnam
970 1793 1160 1831 peccasset.
1210 1784 1347 1818 Nezach
1375 1784 1494 1818 iisrael
1513 1785 1608 1828 f,54‚

239 1843 271 1865 c.
297 1833 330 1865 ⁶2.
357 1832 504 1866 Messiae
533 1840 694 1876 tempore
724 1832 931 1866 ho'minibus
962 1837 1106 1876 peccato
1141 1831 1261 1865 levatis
1292 1837 1407 1875 terra,
1440 1830 1495 1864 cui
1517 1829 1609 1865 mala

239 1876 339 1910 Deus
367 1884 512 1922 propter
533 1878 660 1912 Adami
692 1886 875 1923 peccatum
899 1878 1111 1922 imprecatus
1131 1884 1201 1914 est,
1228 1875 1408 1922 pristinam
1426 1875 1608 1910 conditio-

241 1934 324 1955 nem
350 1931 384 1956 et
409 1923 625 1957 fertilitatem
653 1924 894 1968 recuperabit,
938 1921 1006 1968 quzi
1034 1929 1113 1955 ante
1141 1935 1246 1966 quam
1270 1922 1429 1956 Adamas
1455 1919 1612 1966 peccavi!

241 1968 355 2012 gavisa
382 1975 446 2003 esi.
495 1969 688 2004 Schemoth
715 1970 821 2003 rabba
849 1974 932 2003 sect.
968 1969 1017 2002 15.
1044 1968 1068 2001 f.
1101 1969 1177 2010 114,
1204 1969 1236 2004 4.
1290 1968 1424 2003 Decem
1439 1979 1495 2000 res
1515 1967 1617 2000 Deus.

239 2012 277 2046 S.
299 2014 338 2045 B.
362 2023 596 2048 renovaturus
615 2021 666 2048 est
685 2014 834 2048 Messiae
857 2015 1088 2059 temporibus.
1139 2013 1299 2047 Primum
1319 2020 1388 2055 est,
1413 2010 1507 2057 quod
1527 2010 1614 2043 illu-

240 2065 413 2093 straturus
432 2066 482 2093 est
504 2061 676 2093 mundum
690 2085 700 2098 ‚
727 2060 821 2104 quod
842 2060 927 2093 dicit
944 2060 1014 2093 JeS.
1033 2061 1090 2102 60,
1112 2060 1163 2096 19.
1183 2080 1230 2086 —-
1252 2058 1411 2094 Tertium
1431 2063 1493 2102 est,
1517 2056 1616 2090 Deus

240 2103 358 2148 faciet,
384 2113 421 2138 ut
442 2106 586 2139 arbores
605 2107 759 2147 singulis
778 2107 967 2140 'recusabas
987 2104 1122 2139 fruetus
1141 2118 1224 2139 suos
1241 2104 1355 2139 ferant
1374 2111 1406 2137 et
1428 2103 1534 2136 homo
1554 2100 1614 2145 qui

243 2149 285 2183 iis
304 2158 463 2184 vescatur
489 2158 653 2194 sanetur,
681 2165 714 2197 q.
733 2151 766 2185 d.
785 2151 848 2187 Ez.
871 2152 928 2194 47,
953 2152 1004 2187 12.
1023 2169 1066 2175 —
1087 2172 1131 2178 —-
1149 2151 1318 2190 Sextum,
1341 2148 1436 2194 quod
1457 2149 1616 2188 juvenca

242 2202 276 2228 el
299 2207 408 2229 ursus·
425 2197 541 2229 simul
553 2204 704 2238 pascent
723 2198 861 2235 Jes.11,
881 2197 913 2230 7.
933 2218 977 2224 —-
993 2216 1038 2224 —-
1067 2195 1170 2229 Pirke
1184 2195 1224 2228 R.
1238 2195 1369 2228 Elieser
1388 2206 1421 2228 c.
1439 2192 1616 2228 51.'t‘em-·

245 2253 332 2285 pore
352 2241 473 2275 futuro
491 2241 591 2276 Deus.
607 2242 718 2276 solem
733 2270 742 2287 ‚
769 2243 888 2276 lunam
908 2248 943 2276 et
962 2243 1095 2276 stellam
1117 2241 1324 2282 renovabit,
1349 2241 1468 2273 lumen
1486 2250 1615 2274 eorum

244 2286 444 2331 septuplum
461 2289 617 2332 augebit,
637 2301 671 2333 q.
692 2288 725 2323 d.
747 2288 884 2332 Jes.3o‚
903 2289 973 2322 26..
1025 2286 1218 2320 Hominum
1239 2292 1405 2320 staturam
1428 2291 1616 2331 postquam

246 2332 406 2365 Adamus
428 2340 606 2378 peccasset
632 2335 853 2369 deminutam
879 2347 952 2367 esse
972 2332 1122 2366 Rabbini
1142 2344 1179 2365 ex
1195 2332 1325 2365 Genes.
1345 2332 1379 2374 3,
1396 2331 1427 2364 8.
1450 2341 1620 2374 apparere.

247 2385 385 2422 putant.
435 2379 515 2411 Fuit
535 2379 787 2414 autemAdami
801 2380 1005 2424 priusquam
1028 2377 1232 2421 deliquisset
1250 2383 1380 2410 statura
1404 2375 1456 2408 vel
1475 2381 1619 2409 centum

251 2423 364 2464 (valde
388 2423 481 2457 enim
503 2423 546 2459 V.
567 2425 615 2460 D.
636 2425 679 2458 de
695 2423 789 2458 tantssi
810 2438 846 2457 re
865 2423 1111 2466 dissentiunt),
1136 2423 1193 2456 vel
1213 2422 1450 2456 ducentorum
1471 2420 1521 2453 vel
1543 2427 1619 2452 tre·-

250 2475 459 2513 centorum,
483 2470 539 2503 vel
572 2477 609 2502 ut
636 2470 679 2506 R.
707 2471 808 2504 Abho
835 2484 872 2502 ex
901 2469 973 2505 jes.
991 2469 1116 2509 6222.
1145 2468 1327 2513 ingeniose
1349 2466 1624 2507 demonstravit,

249 2521 516 2556 nongentorum
536 2515 756 2549 cubitorum.
806 2516 910 2549 Certe
935 2514 1097 2559 corporis
1118 2513 1316 2558 proceritas
1341 2511 1469 2548 Adami
1497 2510 1622 2547 fraude,
1652 2516 1654 2521 “

252 2557 377 2592 amissa
396 2560 497 2594 nobis
518 2560 687 2594 reddetur
709 2562 756 2604 (v.
776 2561 955 2595 Bet-eschit
978 2562 1083 2593 rabba
1105 2560 1141 2595 11.
1160 2562 1246 2594 cc).
1295 2558 1451 2593 Arbores
1472 2555 1622 2589 Messian

251 2604 469 2647 ίΕ’ΠΡΟΓῖὗυε
488 2607 650 2650 quotidie:
669 2606 805 2640 tructus
815 2606 919 2639 edent
934 2606 1155 2646 (Schabbatlr
1164 2603 1189 2638 f.
1202 2604 1258 2638 30.
1269 2600 1621 2648 c.2.),lsraelita1·um

251 2654 356 2685 terra,
377 2651 472 2693 quod
494 2664 530 2683 ex
555 2651 608 2684 Ps.
628 2653 686 2694 79,
707 2653 758 2687 16,
780 2651 916 2698 liquido
943 2650 1164 2695 intelligitur,
1185 2650 1361 2695 placentas
1388 2655 1422 2681 et
1437 2647 1537 2680 lanea
1556 2658 1624 2679 ve·-

254 2694 421 2727 stiuienta
451 2697 605 2738 proferet
636 2698 829 2738 (ixetuvnth
851 2697 877 2731 s.
900 2699 973 2739 lll,
994 2710 1025 2731 c.
1043 2698 1076 2730 Ξ.
1103 2695 1300 2729 Schabbath
1318 2695 1344 2727 l.
1365 2694 1424 2738 1,),
1454 2691 1625 2726 mutieres

256 2741 414 2782 quotidie
444 2743 577 2782 parient
604 2742 817 2783 (Schabhath
847 2743 870 2776 1.
890 2746 961 2786 c),
985 2750 1018 2775 et
1047 2754 1137 2774 nnus
1163 2741 1311 2786 quisque
1329 2739 1550 2773 judaeorum
1572 2740 1625 2771 not

257 2784 398 2818 habebit
422 2786 547 2817 liberos
561 2811 569 2826 ,
593 2796 677 2831 quot
707 2788 867 2822 homines
886 2788 986 2821 Mose
1008 2788 1098 2821 duce
1117 2788 1312 2831 Aegyptum
1331 2784 1569 2828 relliquurunt
1587 2780 1622 2816 h·

253 2843 284 2864 e.
309 2837 467 2865 sexcenta
494 2831 601 2865 millia
619 2835 662 2876 (v.
683 2833 871 2869 Medrasch
889 2833 1024 2868 Tissiuu.
1046 2833 1070 2867 l'.
1091 2834 1149 2868 28.
1165 2844 1198 2868 c.
1217 2836 1264 2873 4.,
1287 2831 1348 2865 ubi
1367 2842 1423 2866 res
1449 2841 1470 2864 a
1489 2827 1549 2865 Ps.
1566 2825 1628 2871 45³
