1715 3115
140 223 227 265 11⁴
425 217 806 263 EPISTOLA
836 218 936 261 AB
970 216 1329 261 ROMANOS

149 324 415 377 gumentatio
440 329 553 365 recte
577 322 801 365 videretur
829 338 956 366 versu
976 324 1019 368 8.
1051 339 1132 366 non
1164 324 1359 382 adjecto:
1397 323 1607 381 Corporis

149 381 351 425 Studium
378 386 556 421 mortem
581 387 814 436 apportare.
845 395 895 422 ex
929 396 979 422 eo
1008 387 1212 437 apparet,
1254 381 1366 437 quod
1401 381 1481 422 hoc
1503 380 1607 422 Stu-

148 439 266 479 dium
293 438 428 477 noum
453 443 689 492 oppugnat.
748 436 854 480 Jure
880 438 990 478 cuim
1013 439 1175 493 aliquis
1200 438 1430 494 objiceret:
1469 437 1608 490 negli-

151 495 215 549 git
241 494 360 534 Deus
384 494 483 533 illas
505 492 758 534 inimicitias
777 508 850 533 nec
873 509 949 549 par
968 508 1047 550 pro
1068 495 1163 549 pari
1187 488 1342 544 refert,
1374 492 1451 535 sed
1478 493 1608 535 bene-

151 551 263 593 ficiis
295 555 416 590 ornat
454 550 648 590 homines
679 550 764 591 sihi
795 549 994 593 infestos.
1068 550 1282 604 (Quocirca
1316 550 1366 593 P.
1397 564 1608 607 prosopo-

169 607 277 649 ›oeia
300 604 348 646 τὸ
371 601 577 660 φρόνημα
593 620 631 647 τ.
652 606 699 646 Σ.
724 606 883 648 omissa
909 608 1165 662 vulgarique
1194 608 1389 649 oratione
1420 605 1610 662 repetit&

151 623 342 705 immines
361 662 544 714 corpori,
575 661 617 702 in
638 677 723 718 quo
742 663 801 703 sit
828 671 1100 719 peccatorum
1132 662 1284 713 sedeS,
1321 665 1611 716 emancipatos

154 720 253 762 Deo
282 717 471 773 (quippe
499 722 677 770 sancto)
706 720 878 776 placere
907 734 990 760 non
1029 733 1159 776 posse
1196 734 1237 762 v.
1263 720 1307 762 8.
1346 718 1611 761 observavit.

156 776 232 817 Sic
254 776 494 816 sententiae
513 789 551 816 v.
572 776 614 817 6.
634 775 886 832 propositae
907 776 1068 817 veritas
1088 776 1226 817 cuivis
1288 779 1405 816 ateat
1431 788 1610 817 necesse

156 838 242 874 est.
301 830 494 882 Corporis
511 830 708 873 Studium
725 837 900 873 mortem
921 838 1037 874 creat
1060 833 1120 886 (v.
1130 833 1212 885 6.).
1249 789 1366 874 li'am
1385 831 1522 873 Deum
1544 830 1610 872 in-

157 889 291 930 festat
333 885 428 942 ejus
459 887 674 928 voluntati
711 888 936 929 renitendo
966 903 1006 931 v.
1036 891 1077 932 7.
1105 891 1289 943 (temere
1318 887 1455 941 igitur
1487 883 1530 929 οἱ
1554 884 1610 928 τὰ

157 936 347 997 σαρκικοῖ
373 941 638 998 φρονοῦντες
663 958 758 985 eum
788 944 872 986 sibi
904 945 1034 986 vitam
1071 943 1273 986 daturum
1297 957 1437 995 tesso,
1483 956 1613 999 quem-

156 1000 171 1042 i
207 999 244 1041 si
265 999 430 1039 hostem
453 999 536 1039 sibi
558 1000 818 1051 sumserint,
859 1002 1135 1058 opinentur):
1173 1001 1336 1055 corpori
1363 1004 1506 1042 autem
1533 999 1611 1041 ad-

191 1055 263 1097 icta·
281 1055 373 1096 Deo
391 1056 577 1109 (numini
596 1056 891 1111 sanctissimo)
908 1058 1078 1112 placere
1097 1061 1302 1111 nequeunt
1323 1070 1362 1100 V.
1381 1056 1425 1100 8.
1453 1057 1612 1111 (quare

158 1116 331 1154 mutuae
356 1109 611 1153 inimicitiae
643 1112 784 1154 Deum
815 1113 930 1154 inter
959 1120 1002 1155 et
1029 1111 1133 1162 τοὺς
1163 1110 1399 1165 σαρκικούς
1425 1113 1613 1153 interce-

158 1166 268 1209 dunt
304 1170 347 1206 et
378 1168 516 1208 Deum
552 1169 763 1223 neglectis
794 1170 1086 1227 improborum
1119 1170 1336 1210 hominum
1365 1168 1612 1210 inimicitiis

159 1222 365 1267 beneficia
388 1225 606 1280 vitamque
627 1229 844 1267 aeternam
867 1227 908 1267 in
930 1227 1119 1267 rebelles
1139 1225 1397 1267 collaturum
1417 1238 1514 1266 esse
1537 1224 1614 1266 ab·

161 1279 293 1323 surde
314 1280 503 1334 credas).
563 1279 876 1339 interpretum,
896 1283 970 1338 qui
993 1283 1102 1323 hunc
1122 1282 1154 1325 l.
1179 1295 1261 1323 non
1284 1282 1614 1333 intellexerunt,

162 1350 304 1388 nugas
323 1337 457 1390 (haud
479 1338 605 1394 pauci
625 1337 674 1380 δέ
695 1353 773 1396 pro
795 1334 869 1380 οὖν
886 1339 1074 1396 positum
1097 1353 1194 1379 esse
1215 1342 1448 1394 putarunt,
1476 1337 1614 1389 Beza,

164 1393 306 1444 Cultu,
339 1393 505 1447 Kopn„
535 1394 682 1448 Jasp„
713 1395 893 1446 Rueck„
924 1394 1112 1447 Retchd)
1141 1395 1358 1436 inutiliter
1386 1395 1616 1436 referrem.

162 1449 366 1491 Breviter
385 1449 495 1490 hunc
515 1450 547 1494 l.
570 1451 759 1507 explicui
781 1451 823 1492 in
845 1453 900 1495 l.:
928 1452 1044 1496 uther
1063 1451 1118 1495 bie
1137 1451 1355 1505 §Bcrbienste
1377 1450 1614 1504 &bolucfss

162 1520 208 1563 p.
227 1505 299 1548 48.
320 1520 404 1562 sq..
462 1505 681 1562 Loquutio
703 1506 745 1548 ἐν
765 1510 895 1561 σαρκὶ
914 1503 1022 1549 εἶναι
1045 1507 1087 1551 h.
1106 1521 1145 1550 e.
1166 1512 1242 1548 aut
1268 1507 1311 1548 in
1334 1506 1615 1560 (illecebroso)

163 1575 336 1615 corpore
355 1567 489 1603 torum
509 1577 598 1603 csse
618 1568 659 1605 et
675 1563 849 1605 haerere
872 1565 993 1618 (leben
1016 1577 1052 1607 11.
1073 1564 1220 1616 meBen)
1245 1569 1321 1603 aut
1347 1563 1390 1604 in
1418 1562 1618 1616 (impuri)

164 1618 352 1671 corporis
368 1623 578 1672 potestate
596 1633 686 1660 esse
704 1619 779 1672 (cf.
802 1619 950 1663 Herm.
973 1620 1027 1660 ad
1053 1619 1156 1672 vig.
1179 1633 1221 1675 p.
1242 1619 1389 1672 749.)‚
1419 1632 1549 1673 quum
1572 1620 1617 1658 et

164 1673 308 1729 ipsum
339 1669 544 1727 σαρκικόν
572 1668 685 1716 εἶναι
710 1675 879 1727 valeat,
925 1689 1008 1716 non
1036 1689 1166 1716 sensu
1197 1674 1344 1716 differt
1372 1688 1397 1715 a
1428 1672 1618 1716 l'ormulzi

165 1726 275 1769 κατὰ
291 1728 429 1784 σάρκα
448 1723 559 1771 εἶναι
579 1744 620 1772 v.
639 1730 705 1782 5.,
741 1730 816 1771 sed
847 1731 997 1783 modo,
1036 1745 1120 1787 quo
1144 1745 1214 1772 res
1239 1735 1380 1772 mente
1408 1734 1618 1787 concepta

164 1790 249 1827 est.
307 1782 482 1841 ἀρέσαι]
512 1785 704 1839 placere,
742 1800 826 1828 non
850 1788 1022 1844 placere
1048 1788 1217 1830 studere
1242 1786 1426 1843 (Ben9.,
1456 1785 1617 1830 Rueck.

163 1841 269 1895 al.);
298 1854 338 1884 V.
357 1842 410 1881 ad
434 1842 571 1892 15‚2..

277 1896 395 1940 V.9.
455 1896 550 1940 Jam
576 1897 628 1942 P.
660 1913 770 1955 quae
798 1905 887 1942 tum
917 1899 970 1942 de
999 1903 1136 1941 morte
1166 1897 1413 1941 hominihus
1442 1895 1619 1955 corpori

163 1954 449 2008 emancipatis
472 1954 697 1996 metuenda
712 1989 724 2008 ,
754 1961 843 1998 tum
864 1956 916 1998 de
938 1957 1023 1998 vita
1045 1955 1291 1998 hominibus
1309 1955 1456 1997 divino
1484 1954 1620 2011 spiri-

164 2009 230 2050 tui
251 2010 439 2051 addictis
461 2011 673 2066 speranda
697 2014 740 2053 in
761 2013 998 2055 universum
1021 2012 1262 2069 disputavit
1289 2026 1328 2055 v.
1352 2013 1376 2052 1
1394 2035 1448 2042 ——
1466 2010 1510 2054 8.
1539 2022 1618 2066 pel·

163 2065 402 2108 antithesin
423 2067 645 2123 proximae
669 2082 708 2112 v,
727 2070 769 2112 8.
802 2070 1046 2111 sententiae
1073 2067 1434 2110 accommodatam
1462 2066 1508 2108 in
1527 2068 1618 2108 no-

163 2135 315 2164 manos
336 2124 563 2166 transfert.
624 2124 718 2166 Vos
738 2131 885 2166 contra
908 2126 1114 2178 Romani,
1143 2124 1310 2180 inquit,
1339 2136 1423 2164 non
1448 2121 1493 2163 in
1521 2136 1618 2163 cor-

164 2177 286 2234 poris
307 2179 376 2234 (ut
396 2193 525 2234 quum
551 2179 648 2222 Deo
670 2181 942 2238 displiceatis
962 2196 1074 2225 mors
1098 2181 1222 2224 vobis
1248 2178 1496 2236 impendeat
1527 2192 1568 2222 v.
1588 2179 1619 2219 6

164 2256 216 2265 ·—
237 2234 326 2288 8.),
356 2235 431 2276 sed
453 2237 496 2277 in
517 2235 603 2280 div.
624 2237 810 2294 spiritus
832 2241 901 2292 (ut
920 2239 1007 2280 cita
1027 2237 1148 2279 vobis
1173 2235 1399 2293 proposita
1425 2235 1486 2277 sit
1513 2248 1553 2277 v.
1571 2235 1618 2278 4.

163 2313 218 2320 -
236 2292 299 2344 6.)
321 2297 536 2347 potestate
557 2294 689 2346 estis,
716 2295 755 2336 εἰ
774 2295 939 2350 quidem
960 2294 1047 2336 div,
1071 2294 1254 2349 spiritus
1283 2291 1379 2347 (qui
1400 2289 1511 2332 nihil
1528 2289 1618 2332 nisi

164 2346 294 2387 vitam
317 2349 455 2403 spirat
478 2363 515 2390 ν.
535 2350 599 2403 6.)
617 2350 745 2390 fixam
769 2352 810 2391 in
831 2350 953 2391 vobis
985 2349 1272 2403 stabilemque
1305 2347 1451 2389 sedem
1480 2347 1619 2387 collo-

162 2403 301 2454 cavit3
337 2404 405 2444 sin
432 2405 599 2457 minus,
634 2420 719 2447 non
747 2406 854 2447 estis
887 2405 1054 2448 Christi
1083 2405 1288 2460 discipuli
1321 2404 1419 2459 (qui
1447 2402 1533 2445 soli
1561 2400 1618 2443 ad

162 2463 342 2499 mortem
369 2474 451 2501 non
474 2460 816 2503 condemnantur
846 2475 886 2504 ν.
912 2464 976 2513 1.,
1015 2466 1159 2502 manet
1185 2461 1321 2515 igitur
1350 2473 1428 2502 vos
1463 2459 1617 2512 mors).

163 2512 312 2568 Quare
334 2516 425 2571 Ap.
450 2531 546 2558 esse
569 2517 786 2562 Romanos
808 2531 889 2559 non
920 2518 1116 2573 corpori,
1155 2517 1230 2559 sed
1261 2515 1435 2573 spiritui
1466 2521 1617 2556 sancto

161 2569 380 2622 addictos,
426 2574 630 2628 siquidem
664 2575 748 2616 Dei
785 2574 988 2631 spiritum
1028 2574 1204 2615 foveant
1241 2587 1292 2614 eo
1329 2569 1514 2612 consilio
1544 2572 1617 2611 hic

160 2638 488 2677 commemorat,
520 2630 690 2685 utquid
715 2631 805 2672 illis
825 2630 1066 2671 faciendum
1087 2631 1146 2670 sit
1165 2635 1214 2671 ut
1232 2628 1319 2670 div.
1341 2627 1526 2683 spiritus
1547 2639 1617 2666 or·
1663 2654 1673 2663 ,

160 2684 368 2723 »tamensis
388 2684 492 2734 (vita
519 2687 802 2740 sempiterna)
821 2687 1024 2728 fruantur
1045 2701 1181 2741 neque
1211 2686 1389 2726 acerbos
1416 2682 1616 2739 corporis

157 2737 328 2791 fructus
349 2739 565 2780 demetant
581 2743 647 2795 (h.
670 2756 709 2784 e.
729 2749 902 2784 mortem
930 2741 1208 2796 degustent),
1236 2755 1319 2781 non
1349 2738 1535 2790 idcirco,
1569 2743 1617 2778 ut

156 2806 244 2889 {juo
273 2801 398 2851 pacto
431 2796 519 2835 vim
548 2801 590 2835 et
619 2797 805 2839 moribus
837 2812 917 2839 non
948 2797 1170 2853 σαρκικοί,
1217 2797 1290 2837 sosl
1325 2792 1615 2846 πνευματικοί

179 2851 294 2892 nturi
316 2851 403 2894 siut
424 2851 629 2894 declaret.
687 2851 798 2894 Item
826 2853 939 2910 quod
961 2852 1012 2898 P.
1045 2853 1287 2911 posteriore
1316 2851 1506 2892 membro
1537 2851 1615 2908 lio-
