1715 3115
525 155 683 202 CAP.
713 155 880 202 VIII.
913 157 1005 202 Vs.
1039 158 1132 203 11..
1488 158 1573 204 125

100 270 175 314 2⁴.
200 265 316 311 Phil.
336 265 462 318 3,20.
481 265 510 305 2
528 262 618 306 Tb.
641 264 681 316 l,
698 263 767 306 10.
787 262 862 304 καὶ
886 263 1211 319 θαυμασθῆναι
1235 258 1282 304 ἐν
1310 262 1449 304 πᾶσι
1479 265 1574 314 τοῖς

102 321 396 369 πιστεύσασιν
418 320 578 378 [Hebr.
602 320 752 371 12‚22.
773 321 863 376 8110]
885 321 1159 376 aliorumque
1178 320 1210 362 l.
1240 320 1456 361 sententia
1485 333 1574 362 non

104 382 312 440 perplexa
333 379 436 422 erit.
495 376 584 420 Sed
608 375 736 459 ΙῗειιιΙί
760 375 1573 476 dgtffil'gi?·.¹}¹2¹‘(ig¹tl³·i(‹l⁰1ms·inan‘lssssfflff

100 438 1045 559 gngugssgbgssglguzgzlrtssangplicaoe·h·
1075 467 1110 534 ΙΙ.
1144 504 1226 532 nou
1260 446 1424 530 Ιίοοῑῃ..
1451 487 1574 531 lllud

100 565 277 603 moneo,
309 550 483 591 minime
504 546 689 590 Paulum
711 547 844 588 verbo
866 542 1136 601 ζωοποιήσει
1154 546 1301 603 impiis
1322 545 1574 588 hominibus
1639 588 1644 596 ,

101 607 293 652 reditum
323 607 368 649 in
401 606 533 649 vitam
567 604 799 647 ademisse.
867 603 963 645 lmo
995 604 1072 644 hac
1102 603 1318 646 sententia
1349 601 1476 644 Pauli
1506 604 1574 645 lo-

102 665 258 723 quutio
280 664 461 714 nititur,
493 662 687 704 homines
707 661 886 717 impios,
916 661 1119 716 quoniam
1145 661 1186 702 in
1213 660 1343 702 vitam
1374 659 1575 702 restituti

99 736 127 765 a
157 720 323 764 Messia
364 719 570 762 continuo
610 717 952 759 condemnentur
982 718 1352 775 sempiternisque
1381 722 1575 759 tartaro-

100 793 198 822 rum
216 777 485 820 cruciatibus
508 776 837 817 committantur
857 774 901 817 h.
919 789 958 817 e.
981 775 1043 829 τῷ
1064 773 1246 829 θανάτῳ
1275 774 1338 830 τῷ
1364 773 1573 830 δευτέρῳ,

100 841 151 879 ut
172 835 331 877 seclusi
351 848 373 874 n
397 833 537 875 beatis
558 846 745 888 vereque
765 832 1012 873 viventibus
1042 831 1289 872 hominibus
1321 829 1480 871 misere
1510 831 1576 873 vi-

101 897 206 935 vant
237 891 408 947 (1‚296.
439 892 554 946 sq.),
594 889 849 940 tradantur,
894 889 1058 929 rectius
1088 888 1132 929 in
1163 901 1313 929 novum
1339 891 1516 928 mortem
1546 902 1575 931 a

100 948 266 992 Messia
285 946 486 1000 detrudi,
518 961 645 1002 quam
666 946 707 986 in
726 946 858 987 vitam
882 945 1077 987 revocari
1097 951 1139 987 te
1160 945 1349 998 tingere3
1381 957 1463 984 uon
1486 943 1577 988 nisi

100 1007 189 1064 piis
209 1004 457 1047 bominibus
475 1004 608 1045 vitam
630 1017 654 1043 a
678 1002 841 1044 Messia
863 1001 987 1044 reddi
1008 1004 1108 1044 vere
1129 1007 1170 1043 te
1191 1009 1232 1042 et
1251 1000 1503 1042 existimare
1527 1005 1576 1045 et

101 1063 265 1107 dicere.
327 1061 462 1105 Dect.
487 1059 695 1114 Meyerus
723 1059 767 1100 in
793 1058 968 1101 erudito
998 1057 1334 1109 commentario,
1373 1058 1499 1099 cuius
1527 1059 1576 1105 h.

99 1120 290 1178 primum
310 1118 342 1163 l.
360 1118 574 1160 rationem
593 1115 750 1158 ducere
772 1116 879 1158 mibi
899 1116 1082 1169 licebat,
1114 1114 1252 1158 Paulo
1274 1114 1435 1156 idcirco
1459 1114 1576 1166 ζωο-

101 1171 310 1231 ποιήσει,
340 1190 426 1218 non
449 1173 610 1230 ἐγερεῖ,
640 1172 868 1215 locandum
892 1173 1029 1215 fuisse
1048 1173 1210 1220 credit,
1248 1177 1295 1213 ut
1319 1171 1577 1226 generalius

102 1248 147 1279 v.
176 1231 450 1289 ζωοποιήσει
480 1231 525 1272 in
553 1244 696 1272 omnes
727 1231 825 1286 pios
857 1231 1046 1272 lectores
1078 1229 1338 1286 quadraret,
1385 1243 1575 1283 quorum

103 1289 328 1333 nonnullis
366 1303 452 1346 quo
491 1294 689 1344 tempore
722 1287 931 1330 Christus
963 1286 1016 1329 de
1046 1288 1170 1329 coelo
1199 1285 1423 1328 rediturus
1452 1290 1576 1329 esset

103 1346 293 1389 nondum
315 1345 500 1388 mortuis
522 1345 786 1386 immortalia
808 1358 992 1401 corpora
1023 1343 1284 1386 mortalibus
1314 1343 1576 1398 corporibus

104 1401 462 1462 superinduenda
500 1415 599 1443 esse
629 1407 831 1458 putasset
861 1403 884 1443 1
915 1401 1019 1445 Cor.
1051 1401 1202 1454 15,51.
1221 1415 1308 1457 sq..
1375 1398 1575 1443 Eandem

102 1460 160 1504 ob
178 1473 352 1502 causam
372 1459 628 1502 vocabulum
649 1454 815 1514 θνητά,
857 1472 944 1514 quo
966 1459 1200 1500 nonnullos
1229 1456 1384 1498 mortis
1417 1471 1577 1514 exper-

102 1523 173 1560 tes
196 1518 369 1560 futuros
390 1531 488 1558 esse
509 1515 744 1564 indicaret,
787 1528 872 1557 non
897 1513 1052 1570 νεκρά,
1093 1516 1179 1571 qua
1210 1528 1313 1555 voce
1344 1513 1492 1556 nullos
1517 1514 1574 1557 de

102 1573 345 1617 lectoribus
387 1588 474 1630 quo
505 1578 701 1629 tempore
733 1571 941 1614 Christus
965 1572 1019 1612 ad
1048 1573 1246 1613 homines
1274 1575 1575 1614 reverteretur

103 1631 414 1689 superfuturus
443 1643 543 1672 esse
572 1630 685 1670 male
712 1628 959 1670 declararet
988 1628 1128 1671 Paulo
1158 1627 1404 1685 ponendum
1434 1627 1576 1671 fuisse

102 1686 167 1731 V.
187 1687 250 1731 D.
276 1687 516 1730 existimat.
571 1685 673 1728 Non
705 1685 941 1730 assentior.
1001 1685 1183 1728 Scilicet
1212 1685 1266 1727 de
1294 1685 1350 1726 iis
1381 1689 1576 1727 tantum-

104 1743 233 1786 modo
258 1741 310 1787 P.
330 1757 372 1787 V.
395 1745 463 1788 10.
481 1748 526 1785 et
545 1743 615 1788 ll.
635 1742 893 1800 disputavit,
917 1743 994 1799 qui
1015 1750 1195 1785 mortem
1219 1741 1386 1784 obituri
1407 1746 1576 1796 essent,

103 1801 228 1843 mum
246 1813 430 1866 prorsus
450 1813 624 1852 eorum,
665 1814 775 1855 quos
804 1800 927 1842 vivos
955 1799 1279 1842 immortalibus
1312 1798 1578 1855 corporibus

103 1856 260 1899 vestim
280 1861 528 1913 oporteret,
556 1856 726 1897 ratione
746 1856 912 1901 habita.
970 1856 1041 1899 Ac
1065 1857 1247 1898 licuisse
1270 1854 1411 1898 Paulo
1441 1852 1575 1910 νεκροὶ

104 1927 185 1971 pro
206 1910 349 1968 θνητά
372 1911 567 1954 scribere
586 1920 751 1953 certum
780 1918 864 1955 est.
924 1912 1037 1954 Nam
1066 1927 1168 1955 voce
1199 1909 1328 1968 νεκρά
1355 1912 1577 1954 conditio-

103 1984 201 2012 nem
230 1973 476 2026 spectaret,
522 1968 565 2009 in
598 1969 680 2024 quai
711 1983 893 2025 corpora
925 1970 968 2009 in
996 1972 1128 2011 vitam
1159 1967 1433 2010 restituenda
1463 1975 1577 2023 tum,

103 2040 238 2083 quum
278 2026 321 2066 in
361 2025 493 2066 vitam
534 2032 868 2076 revocarentur,
908 2026 1053 2066 lutura
1093 2031 1257 2069 essent.
1329 2024 1419 2067 Sed
1455 2026 1576 2070 haud

102 2083 254 2140 paullo
287 2081 443 2123 melius
471 2082 513 2122 in
542 2086 818 2138 praesentem
846 2095 919 2122 cor
954 2095 1099 2132 orum,
1151 2082 1314 2138 quibus
1342 2095 1456 2123 nunc
1481 2083 1575 2130 vitai

102 2139 321 2197 praeditis
350 2153 469 2180 mors
499 2138 794 2194 impenderet,
833 2096 1122 2180 conditionem
1155 2139 1341 2180 intuitus
1370 2140 1577 2184 mortalia

104 2210 291 2253 corpora
311 2195 496 2238 vocavit.
556 2195 727 2236 Etenim
752 2193 956 2251 quidnam
979 2196 1064 2251 piis
1084 2196 1324 2237 lectoribus
1345 2195 1483 2238 adhuc
1509 2198 1577 2240 υἰ-

102 2252 296 2295 ventibus
312 2256 406 2306 post
433 2256 612 2293 mortem
642 2251 906 2308 sperandum
935 2256 1054 2293 esset
1081 2253 1272 2294 oratione
1300 2252 1356 2293 ad
1378 2265 1446 2293 eos
1473 2266 1574 2296 con-

103 2313 230 2351 verso
254 2323 294 2352 v,
316 2309 385 2352 10.
413 2314 458 2350 et
487 2310 556 2352 ΙΙ.
586 2309 844 2365 expromsit.
911 2308 1019 2352 Eur.
1051 2308 1229 2352 Heracl.
1262 2322 1302 2352 ν.
1327 2308 1432 2353 494.
1453 2333 1510 2340 -
1528 2308 1575 2355 εὶ

103 2363 188 2421 γὰρ
211 2362 407 2417 ἕξομεν
431 2366 438 2422 Ι
466 2362 817 2419 κᾶκεῖμερίμνας
837 2362 887 2407 οἱ
916 2365 1258 2418 θανούμενοι
1286 2364 1512 2419 βροτῶν,
1539 2372 1548 2420 Ι

102 2418 187 2462 οὐκ
218 2415 300 2462 οἷδ’
335 2418 446 2463 ὅποι
472 2436 542 2469 τις
570 2422 805 2477 τρέψεται.
870 2424 962 2476 καὶ]
1004 2436 1087 2465 om.
1120 2425 1179 2465 A.
1208 2423 1280 2464 35).
1309 2423 1383 2465 47.
1408 2424 1496 2467 Ar.
1522 2437 1572 2480 p.

59 2523 61 2525 ,
102 2477 316 2535 probante
334 2476 480 2520 Mimo
501 2477 623 2521 Prol.
645 2481 686 2531 §.
714 2478 856 2522 1383..
915 2477 1063 2521 Facile
1086 2478 1179 2527 καί,
1222 2492 1301 2520 vox
1332 2479 1461 2534 plane
1492 2493 1574 2522 ne-

103 2534 323 2586 cessaria,
361 2539 462 2591 post
504 2531 805 2590 ζωοποιήσει
843 2534 1019 2577 excidit.
1096 2535 1275 2577 Scilicet
1309 2535 1572 2592 corporibus

104 2605 302 2646 quoque,
329 2604 413 2632 non
437 2591 576 2632 solum
598 2592 755 2633 animis
780 2591 946 2648 piorum
970 2592 1321 2635 Christianorum
1340 2591 1484 2634 Deum
1504 2593 1572 2635 vi-

103 2653 192 2688 tam
217 2647 418 2689 daturum
447 2662 546 2690 esse
564 2648 785 2704 Apostolo
812 2648 1124 2690 enuntiandum
1153 2655 1237 2693 est.
1269 2673 1320 2681 —-
1379 2649 1570 2692 Consor-

103 2704 238 2745 matio
257 2710 458 2760 recepta:
500 2703 575 2745 διὰ
597 2707 676 2746 τοῦ
705 2704 975 2755 ἐνοικοῦινιος
1003 2704 1139 2747 (εἰτοῦ
1170 2703 1433 2757 πνεύματος.
1492 2705 1568 2748 lta

102 2759 265 2802 habent
286 2760 486 2802 Clemens
505 2761 583 2803 Al.
604 2760 766 2804 Strom.
794 2760 885 2811 III,
908 2776 951 2817 p.
970 2762 1070 2805 33⁴.
1094 2763 1162 2806 ed.
1185 2762 1395 2806 Commel.
1413 2763 1568 2818 (vulgo

104 2816 271 2860 addunt
298 2816 427 2872 Orig.
455 2818 501 2861 in
532 2817 691 2864 Mattb.
715 2818 954 2873 munz„
991 2834 1117 2876 quem
1146 2822 1284 2864 locum
1316 2820 1428 2862 male
1455 2820 1568 2862 cita-
