1715 3115
173 187 234 232 44
444 190 836 241 ,EPISTOLA
863 192 966 236 AD
997 192 1362 238 ROMANOS

174 296 346 339 nariam
373 297 434 351 (v.
460 301 537 340 not
555 296 610 339 ad
637 311 677 342 v.
695 298 762 349 8.)
792 297 1004 354 quandam
1028 299 1110 341 vim
1142 299 1184 341 in
1216 300 1408 345 Judaeos
1429 297 1635 343 Peccatui

175 353 471 403 concessisse,
501 359 546 396 ut
569 354 854 396 incredibilem
875 353 970 409 ejus
985 356 1312 410 improbitatem,
1345 359 1415 414 qui
1432 371 1511 412 per
1531 371 1635 398 san-

173 414 288 452 ctum
319 410 589 451 interdictum
620 415 796 452 mortem
824 411 905 453 siba·
936 416 1144 464 strueret,
1183 413 1462 467 intelliqerent
1486 412 1633 454 demta

171 465 492 522 prosopopoeia
517 464 598 507 huc
621 465 758 509 redit:
796 466 918 508 Deus
946 481 1034 508 rem
1065 468 1128 509 sic
1159 468 1376 521 instituit,
1416 473 1464 510 ut
1494 469 1634 510 homi-

173 535 275 562 num
298 522 464 562 malitia
480 536 557 577 per
576 526 770 563 sanctum
792 522 1069 565 interdictum
1083 524 1379 567 vehementius
1399 525 1633 581 quamvul-

173 591 228 630 go
251 577 419 630 legibus
442 579 538 618 fleri
559 579 673 619 solet
692 578 862 620 irritata
885 585 975 621 tum
998 581 1040 621 in
1064 587 1237 636 peccata
1261 588 1350 622 tum
1380 581 1423 623 in
1449 581 1632 623 exitium

169 639 336 677 rueret.
406 634 562 675 Voluit
586 635 699 676 enim
729 636 922 677 homines
961 637 1071 677 nihil
1101 650 1198 677 esse
1231 637 1398 679 malitia
1439 638 1630 694 turpius,

173 690 337 747 quippe
358 705 467 745 quae
491 698 664 732 sanctas
690 705 761 732 res
792 694 832 735 in
858 698 1022 749 pestem
1045 698 1339 745 converteret,
1371 695 1532 735 sentire
1564 700 1631 734 at-

172 761 256 802 que
282 747 341 788 ita
362 747 561 798 efficere,
601 753 648 788 ut
668 762 797 804 quum
826 748 1148 804 improbitatem
1175 754 1219 789 et
1239 751 1446 791 umlitiam
1467 750 1631 792 abomi-

168 803 292 853 nari,
323 803 612 844 innocentiam
630 810 674 845 et
697 804 898 846 virtutem
928 805 1102 858 diliqere
1120 804 1375 848 didicissent
1399 805 1494 864 ejus
1515 806 1630 847 desi-

169 857 294 900 derio
334 864 608 913 tenerentur,
658 875 782 917 quem
814 861 939 903 Deus
968 863 1046 914 τῆς
1078 857 1313 916 Ἀιιαρτίας
1350 862 1629 916 depulsorem

169 915 343 956 mittere
372 915 652 960 decrevisset.
712 917 859 960 Schol.
894 917 1052 961 Matth.
1081 914 1174 959 ἀλλ’
1204 912 1229 973 ἡ
1259 913 1356 971 ἆμ..
1394 917 1464 961 ἵνα
1494 918 1628 975 φανῇ]

168 971 391 1017 τουτέστι,
436 970 509 1013 διὰ
535 974 666 1014 τοῦτο
697 971 811 1015 οὕτω
838 975 972 1015 τοῦτο
1001 973 1195 1029 πρηέβη,
1233 972 1303 1015 ἵνα
1332 969 1442 1029 αὐτὴ
1473 969 1630 1029 ἑαυτὴν

167 1025 343 1084 ἐλέγξῃ,
375 1025 498 1075 ὅπως
516 1025 656 1081 μιαρά
678 1029 725 1071 τέ
747 1028 840 1071 ἐστι
862 1031 934 1070 καὶ
964 1030 1129 1084 πῡλλιῖς
1148 1028 1341 1085 γέμουσα
1366 1032 1444 1088 τῆς
1473 1027 1628 1080 ἰταμό-

168 1098 320 1138 τητος,
362 1085 437 1125 καὶ
464 1082 534 1125 ἵνα
560 1082 664 1139 ὅλην
691 1084 768 1140 τὴν
797 1082 955 1140 ἑαυτῆς
985 1084 1167 1140 πικρίαν
1189 1082 1434 1144 ἕκκαλύψῃ.
1494 1085 1627 1128 Falso

167 1139 326 1184 Rueck.
357 1147 401 1182 et
421 1141 471 1182 cle
501 1140 674 1182 Weuius
697 1139 880 1182 Paulum
903 1142 980 1183 hoc
1009 1141 1172 1183 dixisse
1189 1142 1443 1198 perhibent:
1483 1143 1626 1184 Deum

166 1210 257 1238 rem
281 1211 365 1252 quo
385 1197 570 1250 legimus
592 1197 718 1239 modo
745 1197 1012 1239 moderatum
1037 1212 1156 1249 esse,
1195 1203 1243 1239 ut
1266 1198 1510 1240 hominibus
1531 1198 1626 1255 ejus

166 1253 254 1295 viri
275 1253 538 1295 desiderium
560 1254 746 1306 faceret,
779 1255 853 1310 qui
878 1269 924 1296 se
945 1269 1002 1295 ex
1029 1258 1080 1295 ea
1105 1255 1279 1296 miserit?
1301 1255 1529 1307 liberaret,
1559 1253 1628 1297 cui

166 1324 212 1351 se
233 1311 314 1364 ipsi
334 1311 522 1353 eximere
542 1324 621 1351 non
644 1311 892 1362 potuissent.
950 1309 1062 1351 Nam
1084 1311 1161 1352 hoc
1182 1315 1306 1367 pacto
1327 1309 1374 1354 P.
1393 1311 1627 1362 miseriam,

164 1366 212 1408 iu
241 1380 368 1421 quam
401 1365 610 1408 Peccatus
642 1367 836 1408 homines
865 1366 1124 1424 conjecisset
1150 1370 1211 1422 (v.
1242 1367 1361 1420 24.),
1407 1381 1490 1408 non
1522 1367 1625 1409 Pec-

168 1427 291 1464 catus
310 1423 601 1478 impuritatem
621 1428 662 1465 et
682 1424 987 1477 turpitudinem
1009 1421 1098 1478 (ἵνα
1120 1424 1298 1479 φανῇ-
1311 1420 1384 1464 διὰ
1403 1424 1480 1478 τῆς
1496 1419 1626 1477 Ἐντ.)

166 1493 432 1534 ωἰιρρενανο
450 1479 675 1523 debuerat.
706 1479 906 1522 Ceterum
922 1481 1270 1537 Ap.personam‚
1296 1479 1625 1535 οιιίτῆςἉμαρ-

165 1532 266 1585 τίας
293 1550 447 1576 nomen
473 1536 703 1592 imposuit,
735 1537 837 1578 iecit
867 1538 1021 1578 malam
1045 1537 1332 1588 voluntatem,
1363 1540 1539 1578 sanctae
1560 1537 1626 1577 le-

164 1591 236 1646 gis
263 1593 596 1634 irreverentiam
627 1592 818 1647 (Koelln.
848 1593 1222 1648 intemperantium
1255 1592 1369 1634 dixit
1399 1593 1482 1634 div.
1513 1593 1625 1648 leyes

164 1663 315 1704 susque
347 1649 477 1717 deque
506 1649 753 1702 habentem,
800 1649 959 1705 Chrys.
987 1647 1066 1704 τὴν
1104 1647 1309 1705 ῥᾴθυμον
1346 1647 1624 1705 προαίρεσιν,

162 1703 243 1759 τὴν
274 1702 351 1746 ἐπὶ
374 1720 424 1746 το
450 1708 598 1761 χεῖρον
623 1700 783 1760 ὁρμὴν,
815 1699 890 1760 τὴν
924 1702 1254 1760 διεφθαρμένην
1273 1701 1488 1760 γνώμην),
1537 1718 1623 1746 uno

163 1760 297 1803 verbo
321 1761 548 1804 malitiam.
609 1760 733 1817 Quae
762 1762 1008 1803 sanctitatis
1032 1761 1293 1802 contemtrix
1322 1775 1400 1817 per
1424 1759 1625 1803 libidinis

161 1817 435 1859 irritamenta
466 1831 576 1873 quae
598 1818 771 1874 corpori
799 1819 951 1860 insunt
966 1820 1007 1870 6,
1025 1820 1068 1860 6.
1100 1816 1327 1859 libidinem
1348 1816 1490 1874 parit3
1530 1821 1624 1860 tum

164 1887 190 1915 e
210 1873 395 1915 libidine
416 1875 636 1931 pullulant
655 1879 830 1931 peccata
850 1877 908 1928 (v.
929 1875 971 1917 8.
985 1899 1036 1905 —
1051 1876 1155 1925 ll.).

278 1930 335 1972 V.
357 1930 427 1974 14.
486 1930 722 1972 Stabilitur
739 1931 954 1973 sententia
974 1930 1118 1971 verbis
1139 1944 1178 1972 v.
1199 1930 1267 1972 13.
1289 1928 1624 1986 comprehensa:

162 1984 214 2027 τὸ
245 1981 321 2029 οὖν
347 1983 518 2040 ἀγαθὸν
550 1986 649 2039 ἐμοὶ
678 1985 824 2042 γέγονε
858 1984 1074 2035 θάνατος;
1123 1984 1183 2040 μὴ
1221 1985 1415 2040 γένοιτο,
1454 1983 1566 2027 ἀλλὰ
1597 1981 1623 2040 ἡ

156 2039 372 2097 {ditantia
400 2043 443 2087 b.
463 2056 525 2085 r.:
567 2058 649 2085 non
672 2043 811 2085 Mosis
839 2043 1139 2092 interdictum,
1180 2041 1256 2083 sed
1280 2039 1489 2083 Peccatus
1509 2054 1624 2082 mor-

163 2105 251 2141 tem
284 2099 390 2140 mihi
421 2099 583 2141 creavit
615 2102 676 2153 (v.
699 2097 802 2151 13.).
862 2098 975 2140 Nam
1003 2099 1144 2151 legem
1174 2112 1283 2141 mos,
1308 2102 1499 2138 sanctam
1523 2111 1623 2139 esse
1668 2107 1672 2112 '

164 2160 338 2198 constat
359 2160 514 2210 (quare
536 2170 586 2197 ne
618 2155 895 2197 interdictum
918 2154 1113 2210 quidem,
1150 2152 1265 2209 quod
1291 2153 1334 2194 in
1357 2151 1495 2194 Mosis
1523 2153 1623 2207 lege

164 2212 460 2269 perscriptum
487 2217 580 2263 est,
620 2212 834 2268 impurum
864 2218 932 2252 est
959 2217 1035 2252 aut
1060 2209 1173 2266 quod
1198 2209 1472 2262 hominibus,
1512 2223 1622 2265 quos

164 2268 218 2309 ad
252 2273 430 2325 peccata
462 2268 772 2320 sollicitasset,
809 2267 1036 2309 interitum
1066 2265 1327 2322 paraverit);
1365 2264 1458 2318 Ego
1478 2271 1621 2307 autem

166 2326 341 2381 corpori
364 2323 539 2366 deditus
568 2339 688 2378 sum,
726 2323 937 2367 Peccatus
973 2337 1024 2364 ue
1049 2321 1307 2377 mancipium
1327 2320 1424 2362 vivo
1450 2321 1622 2377 (itaquo

162 2379 393 2433 Peccatus,
422 2381 554 2422 herus
575 2395 711 2434 meus,
738 2381 814 2437 qui
833 2393 898 2421 me
917 2393 940 2420 a
985 2376 1246 2435 peccandum
1269 2375 1446 2432 adigere
1466 2377 1622 2430 soleat,

162 2441 343 2478 mortem
368 2437 474 2478 mihi
494 2437 612 2493 parit
631 2451 672 2480 v.
692 2437 792 2489 14.).
853 2435 992 2490 Quem
1023 2433 1335 2475 sententiarum
1365 2447 1517 2475 nexum
1545 2434 1621 2488 qui

162 2494 460 2549 perspexerit,
500 2495 539 2534 is
572 2492 679 2543 duo,
720 2492 772 2535 de
792 2491 950 2548 quibus
970 2490 1093 2531 valde
1115 2489 1358 2531 dubitatum
1381 2495 1470 2541 est,
1508 2488 1620 2530 nulli

160 2563 260 2591 esse
280 2547 543 2590 dubitationi
563 2549 746 2591 obnoxia
773 2548 901 2589 facile
923 2547 1164 2600 intelligat:
1203 2560 1357 2597 unum,
1387 2545 1619 2586 eorundem

162 2605 383 2647 hominum
409 2610 557 2661 partes
586 2619 627 2648 V.
648 2606 718 2647 14.
740 2619 838 2660 sqq.
876 2600 959 2657 ἐγώ
988 2603 1032 2643 δέ
1066 2598 1273 2658 σαρκικός
1301 2598 1394 2653 εἶμι
1422 2602 1619 2658 Aposto-

161 2662 251 2703 lum
273 2675 426 2715 agere,
457 2675 639 2716 quorum
668 2673 896 2717 personam
924 2659 1008 2699 sibi
1035 2673 1058 2699 a
1083 2673 1148 2701 vs.
1170 2658 1358 2701 7.—-13.
1382 2671 1619 2698 accommo-

161 2718 366 2770 daverat,
390 2717 434 2760 h.
454 2731 493 2760 e.
516 2716 732 2758 bominum
754 2716 828 2772 qui
850 2715 936 2768 legi
961 2730 1067 2757 mos.
1086 2713 1271 2771 subjecti
1293 2712 1524 2767 degerent:
1553 2712 1619 2753 al-

161 2780 329 2825 terum,
361 2787 443 2814 non
465 2773 661 2829 potuisse
683 2770 864 2813 Paulum
895 2778 1089 2825 tempore
1121 2769 1339 2827 praesenti
1370 2783 1409 2812 v·
1436 2770 1502 2811 14.
1534 2765 1617 2822 ἐγώ

163 2830 209 2873 δέ
234 2826 442 2888 onomatis
473 2828 594 2883 εἰμι
617 2855 667 2861 -
699 2843 739 2875 v.
759 2829 831 2873 24.
861 2842 944 2872 non
966 2828 1052 2881 uti,
1082 2841 1211 2883 quum
1230 2839 1379 2867 eorum
1400 2825 1618 2868 hominum
