1715 3115
188 222 269 264 198
459 218 840 264 EPIS'TOLA
872 220 974 264 AD
1008 219 1368 267 ROMANOS

175 327 351 384 justitia
386 332 430 367 et
457 325 690 368 sanctitate
722 326 994 383 privaretur,
1035 341 1166 384 quum
1197 342 1277 384 pro
1310 327 1495 370 arbitrio
1531 329 1636 371 aliis

179 385 383 440 pietatem
415 388 460 424 et
497 383 804 441 sempiternam
836 383 1110 436 felicitatem,
1162 385 1263 425 aliis
1294 385 1561 442 impietatem
1594 390 1638 427 et

180 446 354 480 aeterna
405 445 616 480 tormenta
664 439 952 493 decrevisset,
1007 441 1202 483 homiues
1239 447 1382 483 autem
1433 441 1638 483 libertate

179 497 439 537 orbarentur
477 510 606 551 (pium
637 495 723 537 Dei
756 496 928 538 decreto
965 504 1256 552 congruenter
1292 497 1457 540 sentire
1496 503 1542 540 et
1576 498 1641 540 vi-

180 566 279 593 vere
310 560 591 605 cogerentur,
638 552 715 593 hoc
757 551 937 595 Paulum
969 553 1114 594 dicere
1155 560 1439 597 censuerunt:
1497 554 1640 596 Deum

181 623 280 659 eos,
313 623 420 664 quos
449 613 549 649 ante
576 609 754 651 naz-isset
778 610 929 664 probos
956 609 1139 651 homines
1157 609 1250 666 fore
1269 615 1308 652 et
1332 610 1496 654 christo
1511 610 1642 664 fidem

180 665 418 715 habituros,
449 664 502 704 ad
525 663 568 705 id
590 664 850 717 destinasse,
882 670 927 706 ut
946 665 1112 708 Christi
1141 665 1472 709 similitudinem
1493 665 1641 723 adepti

181 720 268 762 Dei
297 721 376 762 iiiii
404 721 573 762 tierent.
644 719 710 762 Ita
738 722 849 764 enim
880 730 923 763 et
957 722 1080 763 Deus
1110 736 1234 764 suum
1256 723 1409 780 cuique
1430 723 1641 764 tribuisse

179 776 431 827 videbatur,
473 783 516 817 et
546 777 763 829 homines,
805 778 879 833 qui
907 779 1084 819 aeterna
1120 779 1331 820 felicitate
1360 778 1643 831 excidissent,

175 832 339 889 justam
361 834 682 874 malefactorum
712 849 886 875 suorum
910 834 1145 876 mercedem
1176 835 1349 878 habere.
1407 834 1495 878 Sed
1517 849 1643 891 prae-

179 896 378 945 terquam
429 889 542 945 quod
582 892 776 932 nonnulii
829 891 973 948 inepte
1014 905 1052 933 v.
1095 890 1382 945 προγινώσκω
1419 892 1643 949 explicue-

171 946 364 999 runst),
413 946 442 987 ii
481 946 589 1002 ipsi,
635 947 710 1003 qui
738 947 836 988 huic
868 948 997 988 verbo
1025 948 1289 1001 praesciendi
1322 949 1383 1002 (V.
1418 947 1567 990 Wetst.
1599 952 1643 988 et

181 1002 297 1045 Xen.
319 1002 370 1043 de
391 1002 534 1043 officio
567 1003 765 1057 magistri
786 1003 1033 1059 equitumS,
1053 1003 1117 1046 12.
1147 1003 1438 1054 Herodian.3,
1457 1005 1522 1057 12,
1540 1003 1644 1059 13.),

178 1059 475 1114 praevidendi,
509 1063 609 1100 ante
628 1061 894 1114 coynosccncli
914 1061 1204 1114 significatum
1227 1060 1489 1110 tribuerunt,
1522 1074 1643 1100 man-

178 1128 272 1156 cam
315 1129 441 1170 quam
481 1120 691 1171 putarunt
730 1116 968 1158 orationem
1014 1115 1304 1158 diversimode
1346 1118 1645 1173 expieverunt,

180 1185 222 1214 v.
269 1184 307 1214 c.
353 1164 430 1219 οὓς
474 1169 675 1225 προέγνω
705 1169 895 1222 ἀξίους
939 1171 1032 1228 τῆς
1075 1169 1325 1227 κλήσεως
1355 1172 1645 1228 <1½e0pl2yl.),

181 1223 550 1283 συμμόρφους
577 1228 673 1269 τοῦ
704 1230 955 1282 Χριστοῦ
988 1228 1041 1270 ἐν
1069 1230 1131 1286 τῇ
1169 1224 1487 1284 ἀναστροφῇ
1533 1228 1644 1282 (Pe-

179 1283 268 1338 lay.
305 1297 445 1339 „quos
476 1283 692 1341 praevidit
727 1283 964 1340 conformes
994 1284 1165 1340 futuros
1190 1285 1235 1326 in
1263 1285 1374 1337 rim,
1405 1284 1568 1336 voluit,
1598 1290 1647 1326 ut

181 1340 339 1381 fierent
360 1340 600 1382 conformes
621 1341 912 1395 i11glo¹·i:⁴=.”),
952 1338 1187 1390 ἱκανοὺς
1216 1339 1353 1397 πρὸς
1381 1338 1475 1397 τὴν
1503 1338 1646 1383 αἰώ-

181 1411 303 1437 νιον
347 1394 485 1449 ζωήν
522 1398 768 1452 (limmoth,
827 1397 1011 1449 JVahI.).
1065 1397 1305 1445 πιστοὺς
1343 1398 1434 1439 καὶ
1472 1411 1645 1450 προς-

182 1454 590 1507 καρτεροῦντας
627 1455 690 1508 τῇ
727 1452 928 1495 πίστει
965 1453 1162 1507 (Ilenm.)
1187 1453 1426 1505 μέλλοντας
1445 1450 1646 1497 ἔσεσθαι.

182 1507 369 1550 Frustra
412 1509 514 1550 baec
547 1510 848 1566 interpretatio
888 1510 966 1551 hoc
994 1517 1249 1562 argumento
1286 1509 1535 1565 impugnata
1565 1517 1649 1561 est,

181 1578 237 1606 ne
265 1565 387 1621 apice
419 1565 589 1621 quidem
625 1564 806 1607 Paulum
842 1566 1085 1617 indicasse,
1128 1566 1273 1620 (letales
1301 1566 1423 1607 Deus
1457 1579 1531 1606 eos
1554 1565 1647 1606 fore

181 1620 495 1677 praevidisset,
536 1620 589 1663 de
622 1623 779 1676 quibus
811 1622 906 1664 h.1.
927 1627 1167 1676 exponatur
1188 1621 1403 1674 (Rueck).
1464 1621 1648 1662 Duobus

180 1677 297 1718 enim
327 1677 465 1718 modis
490 1679 566 1719 hoc
587 1679 739 1718 vitium
762 1685 877 1718 recte
903 1679 1052 1718 tollas.
1121 1675 1295 1733 Quippe
1317 1691 1523 1718 enarrare
1545 1677 1649 1718 licet

182 1727 260 1781 οἳις
298 1731 495 1787 προέγνω
524 1748 625 1788 quos
664 1734 714 1788 (i.
746 1749 784 1775 e.
819 1748 1000 1788 quorum
1037 1733 1279 1785 ingenium)
1310 1737 1409 1774 ante
1449 1734 1647 1787 cognitos

182 1789 445 1844 (cognitum)
468 1789 641 1842 babuit,
679 1790 734 1832 bie
766 1804 800 1833 er
831 1793 962 1843 norbet
993 1789 1197 1833 etiannt
1228 1793 1326 1842 bat.
1386 1788 1483 1833 Jam
1505 1790 1542 1830 si
1562 1790 1647 1832 vir-

149 1845 152 1851 '
182 1850 316 1887 intem
349 1860 401 1887 ac
424 1846 651 1899 pietatem,
692 1861 817 1902 quam
851 1846 894 1886 in
918 1845 1165 1887 hominibus
1194 1846 1382 1886 suturam
1403 1859 1500 1887 esse
1553 1859 1647 1887 rae-

182 1900 394 1953 vidisset,
427 1902 523 1943 Deo
555 1903 808 1943 felicitatem
840 1901 1100 1943 decernendi
1130 1915 1303 1942 eausam
1335 1901 1472 1944 fuisse
1541 1934 1549 1943 .
1571 1899 1647 1942 do-

183 1965 327 2008 ceret,
366 1957 584 2010 homines,
627 1973 735 2014 quos
761 1960 877 2000 Deus
902 1959 943 2000 h.
964 1960 994 2001 1.
1019 1964 1118 1998 ante
1142 1958 1395 2009 cognovisse
1415 1957 1649 2008 diceretur,

180 2027 269 2055 non
297 2029 394 2055 esse
425 2015 510 2057 nisi
541 2015 701 2070 probos
730 2021 774 2056 et
807 2015 981 2056 Christo
1025 2014 1151 2055 fidem
1189 2013 1471 2070 adjuncturos
1502 2028 1576 2056 res
1607 2018 1651 2054 et

183 2076 414 2112 contextus
437 2077 713 2114 monstraret.
774 2070 861 2112 Sed
886 2072 1020 2112 multo
1040 2071 1195 2111 melius
1216 2074 1278 2112 sie
1296 2071 1510 2127 explices:
1541 2083 1650 2125 quos

185 2133 285 2167 aute
315 2132 435 2168 notos
468 2128 641 2179 habuit,
689 2127 745 2170 bie
786 2141 821 2170 er
861 2131 990 2180 norbet
1021 2127 1241 2182 getannt
1277 2128 1341 2179 bat
1371 2127 1477 2168 Act.
1508 2126 1579 2177 26,
1606 2126 1649 2168 5.

185 2181 400 2223 Novimus
422 2183 617 2224 homines
640 2184 832 2225 moribus
854 2182 1099 2238 studiisque
1118 2182 1339 2223 nobiscum
1358 2185 1648 2235 congruentes

186 2240 323 2294 etqui
347 2238 471 2280 nobis
504 2241 676 2281 faveant
702 2240 862 2280 amicos
888 2253 1068 2298 cumque
1092 2239 1148 2279 iis
1172 2251 1506 2292 congregamur,
1536 2243 1650 2279 cete-

187 2309 259 2335 ros
282 2302 328 2335 ut
346 2296 511 2336 alienos
533 2311 683 2351 parum
707 2310 924 2338 curamuS.
985 2295 1057 2335 Sic
1084 2295 1203 2335 Deus
1223 2294 1288 2334 .ςαὶ
1305 2303 1500 2335 amantes
1524 2307 1653 2335 nosse

186 2350 346 2391 dicitur
383 2354 401 2391 1
432 2350 533 2394 Cor.
564 2353 606 2403 8,
637 2352 680 2395 3.
723 2353 824 2395 Gai.
845 2352 887 2403 4,
908 2353 948 2393 9.
987 2351 1014 2392 2
1034 2349 1152 2392 Tim.
1178 2349 1220 2401 2,
1252 2349 1320 2391 19.
1387 2346 1545 2405 Itaque
1576 2343 1654 2398 οὓς

188 2405 386 2460 προέγνω
408 2421 505 2449 esse
534 2415 678 2463 potest
705 2422 806 2463 quos
822 2406 1068 2462 priusquam
1092 2405 1493 2459 nascerentur(sive
1508 2406 1654 2462 potius

187 2467 288 2504 arne
307 2464 505 2504 mundum
527 2465 758 2517 conditum)
777 2476 874 2504 suos
895 2477 983 2503 esse
1004 2461 1293 2511 existimavit,
1325 2462 1425 2515 quia
1450 2462 1653 2503 nimirum

186 2531 261 2559 eos
283 2519 349 2558 sui
374 2519 594 2560 studiosos
615 2520 708 2560 fore
731 2517 963 2576 praevidit.
1023 2519 1088 2560 At
1108 2516 1221 2558 enim
1245 2529 1346 2557 vero
1367 2516 1418 2561 Ρ.
1433 2517 1652 2558 hominum

187 2572 438 2614 beatitatem
470 2590 551 2616 non
583 2590 605 2614 a
638 2575 724 2616 Dei
755 2574 1053 2631 providentia,
1095 2587 1173 2629 per
1205 2586 1332 2626 quam
1364 2574 1558 2615 homines
1579 2573 1654 2629 qui

189 2643 268 2670 suo
290 2630 496 2671 beneficio
527 2630 647 2686 digni
670 2631 879 2672 exstituri
899 2635 1046 2672 essent
1064 2632 1119 2670 ab
1141 2626 1334 2681 indignis
1358 2629 1655 2683 discrevisset,

232 2744 268 2789 *)
295 2744 355 2777 δῖε
382 2746 575 2790 Origenes,
607 2759 716 2790 quum
738 2746 836 2781 nixus
855 2748 985 2781 diversi
1005 2747 1142 2793 generis
1162 2747 1250 2781 iocis
1270 2747 1401 2783 Genes.
1421 2750 1454 2792 4,
1470 2750 1502 2783 1.
1516 2749 1538 2782 2
1555 2748 1653 2784 Tim.

279 2790 378 2834 219.
406 2792 426 2822 Ξ
445 2790 528 2823 cor.
549 2793 648 2831 5,21.
685 2792 746 2831 οὓς
774 2794 940 2839 προέγνω
967 2795 1079 2827 valere
1104 2804 1217 2839 „quos
1243 2795 1282 2826 in
1307 2795 1499 2828 dilectione
1524 2796 1653 2828 habuit

278 2835 412 2877 sibique
437 2837 610 2869 saciavit''
635 2844 799 2881 putasset,
825 2845 862 2872 ut
888 2842 957 2884 Ap.
977 2838 1125 2880 diceret,
1151 2841 1246 2883 quod
1274 2839 1306 2872 h.
1335 2839 1358 2875 Ι.
1384 2840 1519 2876 dictum
1539 2839 1653 2884 vellet,

279 2880 438 2925 precario
470 2888 587 2916 mente
614 2882 759 2919 addixit:
797 2885 882 2929 quia
908 2895 969 2919 eos
993 2894 1079 2919 suos
1095 2884 1181 2929 sore
1206 2886 1320 2920 scivit.
