1715 3115
145 170 233 228 412
419 168 799 214 EPISTOLA
833 170 934 213 AD
965 169 1329 214 ROMANOS

145 277 210 320 sis
230 275 453 331 magistris
481 275 713 332 explanato
740 277 900 330 negata
928 276 1263 331 commiserunt,
1301 279 1351 318 ut
1375 273 1600 319 Christum

145 334 201 375 ab
239 332 488 375 hominibus
527 332 709 374 beandis
749 333 902 388 utique
932 332 1219 375 invocandum
1250 332 1486 390 implorare
1514 344 1600 374 non

147 395 325 449 possent
344 393 406 442 (v.
427 403 466 432 v·
488 390 543 430 14
571 414 616 419 —
640 390 710 433 16.
728 389 785 432 cl.
814 403 854 432 ν.
888 391 955 433 12.
984 395 1030 430 et
1060 389 1162 442 13.).
1222 387 1431 446 Plerique
1463 389 1601 430 inter-

145 453 295 505 pretes
313 460 364 487 eo
385 445 502 500 lapsi
521 450 646 498 sunt,
674 444 788 501 quod
811 459 950 501 neque
970 446 1206 498 rationem,
1236 461 1346 502 quae
1367 445 1512 487 versui
1532 445 1602 486 16.

145 518 239 547 cnm
282 500 644 560 praecedentibus
681 502 883 543 versibus
923 501 1155 544 intercedit
1191 502 1520 559 perspexissent
1555 506 1601 542 et

146 575 188 603 v.
209 559 264 601 14
282 584 334 590 —-
358 560 427 601 16.
448 557 501 599 de
522 558 695 600 Judaeis
713 557 786 612 agi
807 557 894 599 sibi
916 558 1258 615 persuasissent.
1316 558 1391 601 Sic
1415 555 1505 600 PP.
1529 571 1600 611 gr.

147 617 348 671 (sin-ys„
379 615 648 668 Theodorei„
681 614 933 668 Theoplaeyl.‚
962 616 1083 658 Phor.
1108 628 1180 671 ap.
1203 614 1322 670 Oec.)
1355 613 1601 656 sententiae

147 685 355 715 summam
380 672 484 711 bene
505 671 733 726 assequuti
753 676 950 712 neutrum
973 681 1114 712 lamen
1135 670 1288 712 vitium
1311 669 1601 712 declinarunt.

148 729 317 782 Chrys.:
348 725 387 770 εὶ
409 725 554 768 τοίνυν
573 726 622 766 τὸ
639 727 719 778 μὲν
738 728 938 781 σωθῆναι
967 725 1013 768 ἐκ
1039 728 1120 769 τοῦ
1147 725 1506 770 ἐπικαλέσασθαι
1534 720 1599 782 ἦν,

145 783 196 826 τὸ
218 786 267 827 de*
287 782 645 826 ἐπικαλέσασθαι
664 780 711 825 ἐκ
730 784 809 824 τοῦ
838 787 1093 831 πιστεῦσαι,
1133 780 1184 824 τὸ
1214 783 1263 825 δὲ
1292 783 1527 825 πιστεῦσαι
1553 779 1602 824 ἐκ

145 844 224 883 ’τοῦ
247 840 455 887 duosam,
488 838 537 878 τὸ
559 840 606 881 δὲ
625 837 810 881 ἀκοῦσαι
832 837 880 881 ἐκ
906 840 986 880 τοῦ
1015 835 1221 894 κηρύξαι,
1260 838 1310 880 τὸ
1341 840 1388 881 δέ
1416 835 1602 893 κηρύξαι

149 896 198 941 ἐκ
216 899 295 939 τοῦ
314 894 642 950 ἀποσταλῆναι,
674 891 985 951 ἀπεστάλησαν
1007 896 1055 937 δὲ
1077 897 1149 936 καὶ
1171 892 1380 950 ἐκήρυξαν
1397 918 1452 926 -—
1471 917 1527 926 ——
1547 916 1603 927 --

145 950 333 1010 εὔδηλον
355 951 422 993 ὅτι
439 950 489 993 τὸ
511 949 569 1006 μὴ
592 952 826 992 πιστεῖσαι
839 950 1012 994 ἐκείνων
1025 948 1382 1004 (τῶνἸουόαίων)
1405 948 1610 1006 ἓ,’γκλημοι1

174 1009 294 1064 έγονε
321 1005 476 1062 μόνον’
524 1009 597 1049 καὶ
627 1004 710 1062 γὰρ
737 1005 792 1048 τὰ
822 1005 945 1063 παρὰ
977 1010 1089 1049 θεοῦ
1128 1007 1273 1049 πάντα
1310 1003 1598 1062 ἀπήρτισται.

145 1026 261 1109 {vam
281 1066 392 1108 etde
411 1064 584 1105 Judaeis
600 1078 639 1108 v,
666 1065 720 1105 14
738 1088 791 1095 —
812 1064 881 1108 10.
907 1064 1067 1122 exponi
1096 1063 1183 1107 sihi
1211 1066 1527 1120 persuaserunt
1555 1065 1601 1104 et

144 1137 210 1165 vs.
235 1123 302 1165 16.
323 1120 534 1163 rationem
558 1134 710 1182 parum
731 1127 848 1162 recte
870 1125 1094 1176 ceperunt.
1153 1119 1228 1163 Sic
1243 1119 1388 1174 Chrys.
1408 1124 1452 1161 ct
1467 1118 1599 1161 ΊῚιευ-

144 1179 260 1234 phyl.
283 1193 322 1223 v.
345 1193 384 1221 v.
408 1179 474 1220 16.
496 1174 586 1217 (ἷλκῖ
613 1173 664 1218 οὐ
693 1172 854 1226 πάντες
880 1176 1141 1233 ὑπήκουσαν
1165 1176 1229 1231 τῷ
1253 1171 1491 1231 εὐαγγελίῳ
1520 1173 1599 1216 ob-

135 1236 371 1295 jectionem
394 1234 621 1290 complecti
637 1234 876 1285 finxerunt,
905 1234 989 1291 qua
1011 1234 1224 1276 sententia
1249 1233 1477 1285 refutetur,
1501 1244 1600 1273 esse

145 1291 250 1340 τοὺς
272 1289 682 1346 εὖαγγελιζομέιόυς
700 1286 874 1344 εἰρήνην
899 1304 939 1333 v,
961 1291 1029 1332 15.
1059 1305 1088 1332 α
1105 1290 1201 1332 Deo
1232 1289 1389 1331 missos
1418 1292 1484 1344 (at
1512 1301 1598 1329 non

143 1362 294 1390 omnes
314 1347 540 1402 evangelio
563 1347 798 1402 obsequuti
818 1350 942 1400 sunt,
971 1346 1042 1389 cui
1067 1359 1216 1389 omnes
1244 1345 1520 1403 paruissent,
1557 1344 1597 1386 si

143 1404 189 1447 id
208 1405 419 1447 divinitus
441 1404 566 1445 missi
593 1403 794 1445 doctores
828 1403 1074 1458 traderent)
1101 1416 1283 1458 eamque
1312 1401 1597 1457 objectionem

144 1462 320 1517 Jcsajae
345 1461 469 1512 53,1.
496 1460 641 1502 verbis
668 1459 812 1501 refelli
842 1464 1051 1514 putarunt
1079 1459 1234 1515 (benez
1270 1472 1367 1499 nam
1396 1471 1463 1500 me
1489 1471 1598 1514 quo-

145 1519 289 1560 minus
308 1517 525 1558 assentiar
542 1514 718 1574 Jesajae
741 1516 980 1557 auctoritas
1006 1515 1209 1572 impedit,
1249 1515 1324 1571 qui
1355 1527 1597 1571 perpaucos

142 1574 395 1615 doctoribus
413 1573 567 1616 christ.
590 1572 717 1613 fidem
740 1571 967 1614 habituros
986 1587 1083 1613 esse
1094 1570 1374 1628 praedixerit,
1392 1571 1597 1617 leen-m.

142 1630 197 1671 ad
233 1630 339 1684 Vig.
369 1644 411 1686 p.
440 1628 576 1681 826.).
643 1627 821 1670 Scilicet
849 1629 959 1669 male
987 1628 1055 1669 illi
1079 1628 1194 1670 inter
1212 1632 1344 1670 ›retes
1374 1627 1596 1685 accepisse

142 1685 337 1731 Iudaeos
365 1685 604 1726 doctrinam
636 1683 824 1725 divinam
854 1699 877 1725 a
907 1684 1158 1726 doctoribus
1185 1641 1396 1725 divinitus
1425 1683 1481 1724 ad
1519 1696 1597 1724 eos

146 1743 296 1785 missis
320 1741 504 1785 Paulum
526 1754 564 1783 v.
586 1741 664 1784 14.
682 1746 724 1782 et
749 1741 825 1784 15.
852 1740 1071 1782 indicasse
1097 1744 1308 1797 putarunt
1334 1743 1397 1795 (ν.
1424 1740 1597 1809 supra).

143 1799 425 1842 inculcarunt
445 1797 559 1839 enim
582 1811 623 1841 v.
647 1797 714 1841 14.
734 1797 807 1838 καὶ
824 1795 912 1851 μὴν
928 1795 1120 1853 ἥκουσαν
1137 1803 1239 1854 post
1268 1791 1319 1837 οὗ
1347 1795 1428 1837 οὔκ
1457 1795 1603 1852 &nov-¹

145 1870 225 1898 σαν
246 1860 288 1898 et
306 1853 481 1909 καὶμὴν
503 1849 716 1909 ἐκήρυξαν
737 1853 810 1893 καὶ
829 1850 1142 1909 ἀπεστάλησαν
1160 1850 1226 1902 εἰς
1242 1850 1404 1901 αὐτοὺς
1430 1849 1603 1894 πολλοὶ·

145 1927 184 1955 v.
209 1914 276 1955 15.
302 1918 400 1969 post
423 1909 499 1952 ἐὰν
515 1909 576 1964 μὴ
598 1907 904 1950 ἇποσταλῶσι.
971 1909 1254 1952 Theodorelus
1275 1914 1444 1960 autem,
1484 1923 1593 1966 quo-

143 1983 237 2010 cum
260 1969 363 2011 fecit
386 1967 485 2011 Chr.
508 1966 579 2009 Fr.
599 1965 816 2018 selemia„
846 1978 887 2010 v,
907 1979 947 2009 v,
969 1966 1022 2007 16
1041 1962 1131 2007 ἄλλ’
1155 1961 1207 2008 οὐ
1239 1961 1401 2013 πάντες
1428 1961 1505 2006 ὑπ.
1531 1962 1606 2020 τῷ

139 2023 402 2080 εὐαγγελίῳ;
451 2021 843 2075 interrogationem
872 2021 1095 2064 continere
1132 2021 1326 2079 putavit,
1377 2021 1432 2062 ad
1465 2035 1592 2078 quam

140 2082 353 2140 proximis
383 2094 424 2123 v.
456 2078 798 2136 respondeatur:
847 2083 895 2120 ut
923 2092 1022 2120 num
1063 2091 1204 2120 omnes
1240 2077 1457 2133 obsequali
1489 2081 1593 2120 sunt

142 2154 250 2191 crat(
275 2132 384 2180 elio?
414 2136 610 2179 Minime.
650 2135 770 2177 Nam
790 2133 819 2177 J
821 2133 964 2191 esajas
982 2133 1090 2176 dicit
1108 2138 1191 2179 etc.
1211 2135 1273 2189 (v.
1292 2133 1443 2177 Herna.
1462 2133 1495 2176 l.
1515 2135 1593 2186 c.).

143 2196 218 2237 Sic
239 2193 350 2236 αλλὰ
367 2192 435 2249 μὴ
453 2187 614 2241 πάντες
631 2208 707 2243 --;
739 2189 1014 2232 scribendum
1036 2189 1174 2232 fuisse
1194 2203 1321 2232 nemo
1345 2202 1428 2231 non
1462 2189 1594 2231 intel-

141 2252 260 2305 ligit.
318 2249 499 2303 Rueck„
534 2247 726 2290 Usterius
754 2247 788 2291 l.
816 2261 857 2291 c.
884 2261 929 2303 p.
959 2246 1085 2300 274„
1123 2246 1276 2290 Reieh.
1305 2246 1380 2297 (cf.
1413 2245 1534 2288 Corn.
1563 2260 1593 2288 a

145 2307 335 2361 Lapide,
364 2305 517 2347 Ileum.
531 2336 542 2354 ‚
565 2303 732 2357 Kopp„
751 2302 950 2355 Morum,
971 2303 1193 2356 Rosenm.)
1214 2301 1396 2344 Paulum
1415 2314 1438 2342 a
1459 2302 1593 2344 causa

143 2365 222 2405 sus·
245 2374 480 2420 parumper
505 2359 760 2415 degressum
791 2372 875 2400 non
902 2372 1032 2415 posse
1063 2372 1318 2415 quemquam
1346 2371 1371 2398 a
1398 2363 1441 2398 te
1468 2357 1593 2400 invo-

143 2420 260 2470 cari,
291 2418 377 2460 nisi
398 2418 627 2470 doctores,
659 2416 734 2470 qui
754 2414 980 2457 invocandi
1008 2415 1090 2457 vim
1121 2414 1479 2473 majestatemque
1508 2414 1594 2458 tibi

142 2476 385 2532 explicent,
415 2473 468 2515 ad
487 2479 530 2515 te
554 2472 677 2513 missi
697 2472 861 2513 fuerint
887 2485 928 2514 v.
961 2471 1031 2517 14.
1060 2474 1105 2512 et
1137 2472 1204 2514 15.
1233 2485 1285 2512 eo
1311 2470 1496 2512 consilio
1524 2470 1594 2514 di-

144 2533 263 2573 xisse
282 2534 485 2581 censent,
513 2535 562 2570 ut
580 2527 693 2570 male
713 2542 761 2570 se
786 2526 841 2569 ab
860 2526 1041 2571 Iudaeis
1070 2527 1218 2569 vexari
1245 2526 1360 2582 quod
1390 2527 1594 2582 magistri

144 2588 198 2628 :ad
221 2587 408 2641 gentiles
429 2585 643 2626 divinitus
670 2584 805 2639 legati
830 2598 983 2625 munus
1005 2583 1270 2648 susceperit,
1305 2580 1594 2629 demonstret.

149 2642 542 2700 l'ropugnationem
563 2646 606 2682 et
625 2639 919 2682 defensionem
947 2640 1160 2692 evangelii
1190 2637 1431 2693 gentilibus
1459 2653 1594 2697 expo-

146 2700 222 2741 siti
243 2699 363 2740 nulla
388 2712 468 2738 vox
492 2699 534 2739 h.
557 2696 588 2738 l.
614 2697 867 2752 nullumque
896 2696 1151 2737 elementum
1180 2694 1337 2736 lectori
1365 2700 1594 2747 monstrat,

148 2771 274 2811 quam
307 2752 756 2810 deprehenderemus,
812 2752 848 2792 si
880 2751 930 2796 Ρ.
970 2767 1009 2794 v.
1043 2753 1111 2794 16.
1142 2749 1350 2793 dixisset:
1403 2748 1592 2805 ἒκήρυξα

153 2808 228 2854 ωιτν
264 2814 356 2860 τοῖς
374 2807 553 2864 Ἕλλη-σι
584 2809 633 2850 tc)
664 2804 915 2863 εὐαγγέλιον
945 2808 1067 2863 παρὰ
1095 2807 1174 2850 τοῦ
1203 2809 1316 2849 θεοῦ
1344 2804 1409 2856 εἷς
1437 2804 1595 2856 αὐτούς
