1715 3115
489 205 581 250 CA
600 202 651 250 P.
683 202 780 249 lx.
847 205 940 250 Vs.
971 205 1170 252 3.-5..
1472 212 1557 256 257

82 315 303 370 adoptione
325 313 410 356 Dei
431 312 509 355 lilii
530 317 646 355 sunt.
704 308 819 353 Nam
843 311 882 352 si
909 315 1068 354 natura
1089 317 1262 364 essent,
1291 326 1342 356 eo
1367 315 1447 358 lilii
1469 317 1556 362 Dei

81 372 371 423 exstitissent,
401 369 514 426 quod
527 369 711 411 homines
738 368 828 409 nati
845 375 1009 409 essent.
1077 371 1144 411 At
1162 384 1212 410 eo
1238 371 1323 412 Dei
1345 372 1423 414 lilii
1451 374 1556 419 facti

86 434 213 481 saint,
244 427 358 483 quod
385 441 461 469 eos
486 426 607 468 Deus
631 440 654 467 e
683 425 845 466 ceteris
868 424 1114 466 bominibus
1145 426 1336 470 delectos
1365 429 1555 476 liliorum

81 486 181 528 loco
211 485 294 527 sibi
325 498 423 525 esse
446 482 583 542 jussit
618 483 750 524 Deut.
774 482 895 533 1⁴,l.
917 483 959 524 2.
990 482 1174 535 (Jerem.
1195 484 1320 537 31‚9.
1339 485 1410 529 20.
1441 486 1554 533 Hos.

85 542 228 595 11,1.)
247 547 290 583 et
309 540 555 585 Abrabami
578 539 770 596 posteris
790 544 1020 595 patronum
1050 553 1097 579 se
1119 540 1312 583 futurum
1335 556 1434 584 esse
1453 559 1556 601 pro..

83 597 229 648 misit,
269 612 307 640 v,
334 599 493 640 (iones.
517 598 584 648 12,
600 599 714 652 Ι.8(Ῑ.
736 595 886 646 13,14.
905 596 984 638 al..
1042 594 1192 651 Quare
1211 612 1263 639 ne
1285 599 1354 640 bic
1377 601 1554 655 quidem

83 650 112 710 ἡ
130 651 532 708 υἱοθεσιάΙίΙίοι-ιιηι
545 653 818 695 conditionem
830 651 1057 704 designat,
1083 667 1209 709 quam
1231 655 1315 697 vim
1338 670 1553 714 nusquam

85 712 234 753 babet.
304 711 509 755 Ceterum
541 708 717 766 adoptio
748 709 788 750 in
819 708 903 750 Dei
943 709 1060 750 lilios
1092 709 1316 754 israelitis
1347 716 1554 769 quamdiu

82 769 281 810 viverent
314 782 421 825 opes
454 774 500 809 et
534 764 754 808 commoda
792 766 943 807 attulit
971 766 1155 820 (Genes.
1191 770 1255 820 13,
1277 769 1345 812 14.
1376 771 1442 823 15,
1464 774 1556 824 16.)

83 823 286 881 vitaeque
307 831 510 866 aeternae
534 837 611 881 per
642 822 848 865 Messinm
871 822 1131 864 obtinendae
1163 839 1280 878 spem
1312 826 1388 879 (cf.
1411 830 1484 870 καὶ
1507 827 1555 872 αἱ

82 878 361 936 ἐπαγγελίαι)
400 881 526 932 fecit,
577 879 843 923 Christianis
875 876 953 935 τὴν
981 879 1274 933 κληρονομίαν
1301 884 1420 941 parit
1448 885 1491 929 h.
1512 901 1554 932 e,

83 938 391 995 sempiternam
430 937 680 979 beatitatem
719 935 847 979 Rom.
879 936 919 984 8,
945 935 1066 977 15-
1089 939 1173 980 17..
1241 940 1331 981 Καὶ
1366 936 1392 996 ἡ
1421 940 1552 999 δόξα]

84 994 117 1038 ἰ.
154 1009 195 1037 e.
232 999 274 1037 et
307 994 542 1050 majestas,
586 993 858 1047 praestante'a
900 993 942 1034 in
985 993 1235 1035 universum
1280 995 1555 1054 (Cyprianus

83 1050 275 1095 Testim.
298 1050 397 1095 adv·
430 1050 456 1094 J
462 1050 534 1094 ud.
561 1050 603 1102 2,
621 1051 663 1092 6.
689 1053 732 1091 et
761 1048 942 1091 claritas
966 1050 1134 1104 vertit),
1163 1056 1210 1092 ut
1238 1047 1262 1106 ἦ
1284 1052 1393 1103 δόξα
1410 1056 1555 1099 omnia

81 1107 239 1150 decora
280 1108 617 1165 complectatur,
663 1105 824 1163 quibus
867 1105 991 1147 Deus
1040 1105 1270 1150 israelitas
1306 1108 1555 1154 honestavit

81 1166 273 1220 (Culmu,
321 1164 472 1221 Wolf.‚
511 1163 714 1214 Semler„
746 1161 923 1214 DIorns,
964 1162 1134 1206 Koclln.
1166 1165 1269 1219 aL),
1312 1180 1392 1208 non
1420 1169 1553 1210 mira-

81 1222 177 1264 cula
199 1220 518 1272 tantummodo,
562 1233 672 1276 quae
697 1227 866 1273 gentem
884 1217 981 1277 jud.
1006 1220 1317 1265 nobilitarunt:
1348 1224 1554 1268 Theodo-

79 1283 227 1322 retus:
264 1273 288 1334 ἡ
311 1277 435 1332 δόξα]
466 1279 729 1332 περιφανεῖς
748 1274 829 1330 γὰρ
848 1272 938 1316 ἀπὸ
971 1277 1057 1316 τῶν
1076 1278 1320 1329 θαυμάτων
1343 1279 1554 1335 ἐγένοντη,

79 1335 306 1379 Firmatur
340 1340 488 1377 nostra
532 1332 836 1388 interpretatio
864 1339 1147 1385 argumento,
1188 1350 1272 1391 quo
1306 1337 1555 1395 impugnari

81 1393 220 1445 solet,
249 1406 332 1433 non
362 1406 493 1449 posse
516 1385 594 1447 vsu
614 1388 746 1440 δόξαν
776 1395 864 1430 tam
888 1389 976 1430 late
1000 1395 1175 1446 patere,
1214 1393 1417 1448 quoniam
1439 1397 1555 1439 inter

80 1449 352 1502 angustioris
372 1449 562 1490 ambitus
583 1451 835 1488 ornamenta
857 1444 993 1488 media
1010 1446 1237 1504 interjecta
1258 1450 1318 1490 sit
1336 1451 1555 1506 (ch'nzer.

80 1522 124 1565 p.
142 1508 209 1558 7.‚
254 1505 458 1560 Meyer-ns
488 1505 580 1557 aL).
658 1502 897 1544 Latissime
945 1503 1059 1544 euim
1100 1510 1218 1561 patet
1260 1502 1285 1560 ἦ
1327 1504 1553 1564 υἱοθεσία,

81 1564 242 1620 quippe
275 1577 386 1619 quae
418 1561 559 1603 onmia
589 1558 854 1604 Judaeorum
885 1558 1066 1611 decora,
1108 1575 1218 1616 quae
1249 1563 1453 1623 deinceps
1472 1581 1555 1624 po..

80 1629 244 1662 nuntur
272 1620 365 1671 (καὶ
397 1617 440 1660 αὶ
471 1617 690 1671 διαθῆκαι
721 1633 759 1658 κ.
786 1631 822 1658 τ.
845 1611 924 1667 ἑ.),
967 1618 1325 1674 comprehendat,
1357 1624 1555 1678 quando-

81 1678 253 1734 quidem
286 1677 343 1718 iis
372 1676 544 1729 singula
570 1673 694 1730 jura,
732 1687 844 1729 quae
879 1672 927 1716 Ρ.
954 1673 1051 1715 inde
1080 1688 1102 1715 a
1127 1676 1270 1717 verbis
1289 1679 1360 1719 καὶ
1383 1677 1427 1720 αῖ
1450 1681 1555 1722 δια-

80 1735 219 1787 θῆκαι
240 1733 482 1785 recensuit,
521 1746 543 1771 a
568 1731 664 1773 Deo
688 1735 918 1787 propterea
943 1730 1041 1771 data
1066 1737 1190 1784 sunt,
1232 1734 1346 1789 quod
1369 1735 1412 1777 in
1435 1737 1555 1780 filios

81 1790 279 1847 adoptati
305 1797 446 1831 erant.
506 1787 624 1830 Idem
663 1787 716 1829 de
753 1801 789 1828 v.
828 1788 903 1828 καὶ
935 1785 960 1843 ἡ
993 1785 1101 1838 δόξα
1137 1789 1268 1834 valet.
1336 1791 1402 1833 Eo
1439 1796 1553 1837 enim

82 1846 318 1889 israelitae
339 1844 571 1900 majestate
592 1843 803 1898 conspicui
819 1848 947 1895 sunt,
992 1844 1105 1900 quod
1121 1844 1222 1901 jura
1239 1860 1320 1901 pro
1340 1847 1554 1904 majesta-

81 1905 139 1946 tis
176 1902 383 1952 exemplis
414 1902 563 1958 paullo
598 1905 698 1957 post
735 1907 968 1941 memorata
1001 1901 1057 1941 iis
1088 1901 1212 1945 Deus
1241 1903 1414 1949 tribuit.
1481 1907 1554 1951 Ne

81 1960 243 2011 multa,
294 1958 475 2001 Paulum
514 1957 655 2014 primo
696 1955 963 2000 Iudaeorum
1007 1957 1185 2011 decora,
1234 1974 1344 2016 quae
1385 1963 1552 2006 nullum

80 2031 230 2059 eorum
272 2015 551 2072 privilegium
595 2027 678 2054 non
717 2013 968 2054 contineant
1004 2008 1084 2069 (ὧν
1129 2010 1392 2072 ἦυῖοθεσία
1420 2022 1494 2062 καὶ
1526 2016 1554 2077 ἢ

80 2071 231 2124 δόξα),
282 2086 467 2129 ponere,
511 2069 666 2111 deinde
716 2070 922 2110 nonnulla
972 2084 1121 2112 eorum
1165 2079 1416 2116 ornamenta
1458 2077 1553 2120 illis

81 2130 304 2172 vocabulis
325 2126 662 2184 comprehensa,
703 2131 751 2167 ut
775 2125 985 2183 exemplis
1014 2125 1127 2168 dicta
1158 2128 1459 2187 illustrentur,
1490 2135 1552 2176 si-

81 2186 269 2239 gillatim
301 2187 465 2227 referre
496 2184 587 2236 (καὶ
607 2180 654 2224 αὶ
676 2180 893 2237 διαθῆκαι
913 2187 1019 2237 etc.)
1047 2183 1114 2225 illi
1138 2186 1434 2242 explicatores
1466 2205 1550 2234 non

81 2243 433 2285 considerarunt.
511 2239 659 2294 Quare
694 2238 918 2281 vocabulis
955 2235 983 2294 ἧ
1021 2236 1231 2284 υἱοθεσία
1265 2245 1337 2285 καὶ
1378 2240 1402 2300 ἢ
1442 2247 1551 2298 δόξα

82 2301 252 2342 schema
267 2332 280 2352 ,
322 2298 435 2355 quod
459 2294 504 2338 ἓν
524 2297 597 2337 διὰ
617 2297 736 2337 δυοῖν
756 2302 934 2349 vocant,
971 2296 1117 2338 inesse
1139 2300 1289 2356 nequit
1309 2300 1550 2360 (Tholucc.)

81 2357 251 2409 adoptio
289 2361 340 2398 et
377 2355 582 2411 ιμιὶιΙεηι
623 2351 834 2406 majestas
865 2352 894 2397 i.
934 2367 977 2409 q.
1018 2354 1195 2411 adoptio
1233 2363 1277 2398 et
1314 2365 1549 2413 praestans

81 2413 253 2468 quidem
270 2411 462 2469 adoptio,
494 2424 602 2466 quae
625 2409 771 2465 opinio
793 2409 922 2451 etiam
943 2417 1174 2466 propterea
1199 2427 1303 2453 vana
1330 2420 1412 2468 est,
1443 2419 1547 2473 quia

82 2467 156 2510 καί
175 2470 216 2509 in
239 2470 519 2511 cumulatione
538 2468 691 2522 copula
715 2480 813 2507 esse
837 2466 980 2510 debet.
1053 2466 1259 2525 Plerique
1282 2470 1548 2528 interpretes

75 2527 241 2581 (nuper
285 2526 530 2566 Novas-eleas
572 2538 612 2579 p.
658 2523 795 2582 140,
824 2522 1047 2573 Rosenm„
1094 2524 1276 2578 Rueck„
1343 2526 1546 2585 Winzer„

79 2581 254 2633 Bolon„
283 2582 487 2633 Meyerns
512 2580 592 2632 al.)
619 2576 694 2634 τὴν
729 2577 858 2628 δόξαν
887 2581 970 2621 Dea·
993 2581 1277 2635 splendorem,
1311 2589 1418 2630 η’πηι.
1440 2592 1545 2630 *15:2³

80 2638 166 2679 Dea·
194 2639 402 2688 nimbum,
441 2638 482 2678 h.
514 2651 554 2679 e.
590 2634 775 2677 lucidam
808 2635 987 2687 nubem,
1029 2638 1111 2692 qua
1149 2643 1316 2682 veteres
1337 2629 1547 2697 Hebraei,

82 2694 155 2750 qui
186 2694 502 2735 concretionem
534 2693 758 2733 mortalem
793 2706 815 2732 a
852 2692 944 2734 Deo
977 2693 1105 2749 plane
1136 2709 1370 2751 segregare
1403 2702 1545 2742 nesci-

79 2757 258 2802 verunt,
299 2765 453 2791 numen
484 2748 673 2789 divinum
703 2747 903 2791 amictum
934 2749 974 2790 in
1006 2749 1162 2790 mundo
1194 2755 1386 2810 conspici
1419 2764 1544 2813 puta-

79 2814 181 2847 runt
206 2806 339 2849 Exod.
359 2808 509 2858 24,1‹›·.
529 2807 599 2857 33,
615 2806 680 2849 18.
700 2806 768 2849 22.
789 2805 944 2857 40,34.
967 2821 1034 2862 sq.
1068 2809 1090 2847 1
1113 2805 1220 2863 neg.
1240 2810 1282 2864 8,
1299 2813 1362 2853 11.
1386 2811 1542 2858 Ezecb.

79 2863 201 2914 1,28.
230 2864 258 2904 2
279 2863 413 2906 Maec.
432 2864 473 2914 2,
492 2862 561 2913 8.,
592 2862 841 2915 significare
878 2863 1206 2920 perhibuerunt.
1279 2866 1405 2910 Hanc
1451 2884 1540 2912 rem

124 2930 308 2966 Fritcsche
328 2929 390 2976 Ep.
413 2931 453 2964 ad
475 2930 578 2965 Rom.
600 2929 637 2963 Ρ.
663 2930 705 2965 Η.
1054 2919 1095 2962 R
