1715 3115
164 208 249 247 210
447 200 953 246 EPISTOLAAD
985 202 1346 247 ROMANOS

167 306 270 360 ὅσγε
292 330 340 335 -—
368 302 620 359 παρέδωκεν
650 299 802 350 αὐτόν,
843 302 1072 355 gravitatis
1104 318 1233 346 eausa
1265 304 1293 345 i.
1324 318 1362 345 e.
1394 304 1437 345 h.
1468 303 1499 345 l.
1529 319 1634 360 quo-

168 364 279 405 uiam
313 361 554 401 sententiae
587 360 922 412 interrogetivae
951 374 1122 401 eausam
1155 363 1531 416 eoiuplectuutur,
1579 360 1633 402 de

170 433 285 460 more
315 416 630 476 percontationi
661 416 908 472 praeposita
936 421 1052 457 snut.
1102 416 1214 458 Xen.
1249 417 1395 459 Anah.
1426 418 1468 467 3,
1507 421 1541 469 Ι,
1565 419 1633 461 17.

169 501 218 506 -
235 473 344 528 ἡμᾶς
364 472 424 513 ὸέ.
450 476 514 519 οἱς
534 471 729 526 κηδεμὼν
752 472 829 521 μὲν
851 468 994 519 οὐδεὶς
1014 470 1248 526 πάρεστιν,
1281 470 1630 527 ἑσιραιεύσαμεν

169 528 204 572 δ’
227 527 294 571 ἐπ’
326 526 457 569 αι’·ιῑόν
486 526 542 575 ὡς
570 528 728 568 δοῦλοι»
757 525 849 568 ἀντὶ
876 527 1095 580 βασιλέως
1117 525 1378 583 ποιήσωνῑες
1400 554 1474 579 »-,
1519 527 1562 569 τί
1583 523 1635 570 liv

170 584 363 637 οἰόμεθα
393 586 579 629 παθεῑνς
622 583 726 625 ibid.
758 584 800 634 3,
826 585 868 635 2,
900 586 965 625 16.
1008 585 1079 626 liu.
1130 585 1285 628 Manli.
1326 584 1393 634 13,
1421 585 1492 628 55.
1543 584 1635 628 Cic.

170 641 313 685 Acad.
346 655 411 694 pr.
442 638 506 689 ll,
528 640 569 691 7,
591 639 663 683 21.
703 664 756 670 -
783 645 858 681 aut
887 641 948 682 ita
977 642 1047 696 qui
1073 642 1230 682 sentiat
1257 655 1337 681 non
1357 642 1636 697 apertissime

170 693 392 741 insaniat?
450 695 578 737 Nihil
598 696 770 747 dicunt,
802 697 875 751 qui
896 693 993 750 ὅςγε
1017 721 1069 727 ——
1101 696 1352 749 παρέδωκεν
1381 694 1513 739 αὐτόν
1535 711 1634 754 pro-

169 755 281 797 tasis
310 766 482 793 causam
513 752 738 793 afferentis
767 753 899 794 vicem
925 754 1100 808 explere
1129 758 1170 792 et
1206 767 1283 806 pro
1312 749 1506 807 ἐπειδὴ
1538 752 1635 808 γὰρ

171 812 250 853 τοῦ
282 807 401 851 ἰδίου
429 804 516 849 xre.
547 810 687 850 locata
719 822 815 850 esse
852 809 1096 865 perhibent.
1129 808 1330 860 (Recede,
1360 808 1493 861 dnfss).
1542 811 1636 857 πῶς

171 863 270 918 οὐχὶ
296 867 369 906 καὶ
396 866 489 919 -;]
531 862 605 905 καί
641 879 735 906 cum
771 865 1000 921 particulis
1031 864 1383 918 iute1·rog.¹1tivi5‚
1424 880 1506 906 uon
1538 880 1634 906 cum

171 938 211 964 v.
244 919 322 963 σὺν
339 918 459 975 αὐτῷ
489 920 826 962 connectendum
859 929 948 963 est:
988 921 1278 978 quidnietiam
1299 917 1386 962 —2
1429 920 1499 964 mie
1530 923 1635 973 fonte

171 994 207 1023 ct
237 981 340 1029 aud)
371 978 501 1032 (boch)
531 977 627 1028 nicht
646 978 727 1020 -3
759 981 818 1032 (v.
851 983 939 1020 not.
970 978 1022 1018 ml
1045 991 1085 1019 v.
1104 977 1213 1026 24.»
1278 975 1469 1018 intendit
1496 976 1570 1018 καί
1591 979 1634 1020 h.

171 1038 202 1078 l.
234 1035 452 1075 notionem
483 1034 715 1089 particulis
743 1034 1069 1088 interrogativis
1101 1033 1365 1091 subjectam,
1395 1032 1636 1075 credibilem

173 1105 262 1133 rem
285 1105 382 1132 esse
400 1095 444 1130 et
466 1104 651 1130 assensu
669 1088 950 1146 probandam.
1009 1089 1109 1131 Non
1135 1089 1324 1131 breviter
1345 1087 1397 1132 Ρ.
1419 1086 1497 1131 σὺν
1514 1085 1637 1144 αὐτῷ

173 1147 353 1202 scripsit
385 1160 464 1203 pro
487 1143 779 1199 χαρισάμενος
808 1142 907 1200 ἡμῖν
941 1144 1072 1187 αι’ντόν
1108 1145 1370 1200 (Thalama),
1415 1144 1491 1187 sed
1525 1146 1635 1186 satis

172 1204 400 1262 perspicue
439 1203 518 1242 hoc
555 1203 693 1258 ipsum
735 1202 880 1243 verbis
921 1199 998 1243 σὺν
1026 1199 1144 1257 αὐτῷ
1173 1202 1442 1244 continetur:
1480 1200 1636 1256 quidni

172 1261 302 1302 etiam
324 1273 416 1301 cnm
437 1259 598 1300 Christo
618 1261 686 1308 (ut
705 1272 776 1299 res
803 1264 846 1298 et
868 1272 1000 1299 nexus
1022 1257 1176 1299 docent
1210 1257 1383 1312 benique
1401 1258 1518 1299 nobis
1535 1258 1636 1300 dato

173 1318 203 1360 i.
234 1331 276 1372 q.
310 1313 694 1371 quumNChr-istum
730 1314 855 1356 uobis
883 1314 1067 1368 benigne
1095 1313 1287 1366 dederit)
1330 1327 1439 1368 quae
1478 1313 1636 1354 haheat

174 1373 313 1415 onmia
349 1371 474 1412 uobis
495 1371 699 1412 benevole
728 1371 770 1412 in
802 1376 1022 1427 posterum
1057 1364 1310 1424 largiatur?
1372 1368 1438 1410 Τὰ
1468 1367 1633 1424 πάντα]

171 1430 311 1471 omnia
351 1441 483 1483 (μιαε
527 1428 670 1468 Deus
695 1427 1000 1481 possideat,
1046 1441 1188 1468 omnes
1223 1440 1323 1468 snas
1363 1439 1461 1479 opes
1498 1426 1632 1480 (male

172 1485 426 1535 articulum,
464 1498 549 1538 quo
576 1484 704 1539 plane
734 1498 843 1539 opus
877 1487 968 1533 est,
1007 1498 1090 1525 om.
1122 1483 1207 1525 Da<-
1237 1481 1287 1524 F.
1309 1482 1386 1535 G.)
1413 1482 1443 1524 i.
1472 1496 1512 1524 e.
1543 1496 1628 1523 non

172 1542 310 1583 solum
346 1541 457 1580 vitae
486 1545 684 1580 aeternae
713 1545 964 1580 ornamenta
992 1535 1089 1594 (τήν
1118 1538 1292 1592 δόξαν),
1332 1537 1407 1580 sed
1428 1539 1559 1579 etiam
1579 1552 1630 1580 ea

174 1598 304 1647 hona,
336 1611 445 1651 quae
466 1596 571 1636 hanc
594 1595 722 1635 vitam
746 1596 917 1635 vitalem
949 1595 1127 1637 faciunt.
1193 1594 1317 1635 Nunc
1336 1594 1503 1635 demum
1528 1594 1630 1636 effe-

170 1662 283 1695 ctum
307 1660 394 1703 est,
427 1651 541 1707 quod
563 1653 601 1692 Α
614 1666 652 1705 p.
675 1651 903 1692 ostendere
931 1651 1066 1691 voluit
1090 1665 1129 1693 v.
1150 1651 1238 1694 28..
1297 1650 1361 1692 Ex
1381 1665 1446 1701 eo,
1472 1651 1632 1706 inquit,

170 1709 284 1765 quod
316 1708 436 1749 Deus
466 1708 709 1748 hominibus
741 1708 808 1748 sui
837 1706 1046 1750 studiosis
1080 1706 1209 1748 vitam
1243 1713 1461 1748 aeternam
1480 1708 1632 1750 stabili

169 1768 342 1806 decreto
368 1764 601 1806 destinavit
624 1770 667 1804 et
692 1763 868 1805 Christo
895 1763 1026 1804 misso
1049 1765 1217 1804 curavit
1241 1768 1287 1804 ut
1309 1764 1358 1804 eti
1382 1762 1630 1819 potirentur

172 1837 210 1865 v.
240 1824 311 1865 29.
340 1822 434 1872 30„
477 1835 572 1862 eum
610 1821 675 1860 vel
705 1820 986 1860 acerbissima
1026 1820 1160 1871 mala,
1208 1819 1367 1874 quibus
1413 1819 1479 1860 illi
1517 1833 1629 1861 nunc

165 1879 401 1937 jactentur,
431 1877 490 1919 ita
513 1876 852 1929 gubernaturum
877 1890 997 1928 esse,
1028 1879 1075 1916 ut
1101 1875 1157 1916 iis
1184 1877 1312 1917 etiam
1335 1876 1508 1932 prosint
1527 1889 1628 1917 con-

171 1935 369 1991 sequitur
394 1937 454 1987 (v,
479 1934 589 1987 280.
643 1932 772 1975 Certe
801 1934 913 1973 enim
947 1932 1002 1972 iis
1034 1933 1174 1983 favet,
1213 1931 1371 1987 quibus
1399 1932 1629 1988 sempiter-

171 2006 266 2032 nam
301 1991 428 2031 vitam
455 1989 559 2030 dare
586 1990 881 2032 constituerit.
940 1987 1157 2029 Defendet
1188 1988 1323 2042 igitur
1341 2002 1415 2029 eos
1437 1988 1492 2028 ah
1512 1987 1628 2029 in‘u-

169 2049 248 2089 riis
281 2053 324 2087 et
354 2061 433 2102 pro
462 2047 538 2087 sua
571 2045 882 2101 omnipotentia
910 2059 1057 2086 eorum
1086 2050 1265 2085 conatus
1287 2044 1438 2086 irritos
1459 2043 1533 2084 red
1569 2048 1628 2096 et,

170 2105 243 2159 qui
275 2102 541 2152 hominibus,
581 2103 735 2157 quibus
765 2103 858 2158 ipse
885 2101 991 2142 bene
1019 2101 1190 2156 cupiat,
1239 2114 1393 2142 nocere
1421 2099 1627 2142 studeant

167 2166 228 2214 (v.
246 2160 354 2212 31.).
413 2158 612 2214 Namque
634 2172 794 2200 summo
819 2159 938 2199 Deus
958 2159 1104 2198 favore
1126 2157 1320 2197 homines
1342 2155 1411 2196 sui
1428 2162 1626 2198 amantes

167 2217 419 2271 complexus
454 2223 542 2266 est,
581 2220 626 2254 ut
647 2215 721 2269 qui
750 2229 870 2255 secum
892 2215 1027 2255 filium
1049 2213 1101 2254 de
1122 2214 1243 2254 caelo
1266 2212 1441 2253 missum
1465 2226 1544 2268 pro
1568 2212 1625 2253 iis

169 2275 278 2313 mori
304 2271 490 2329 jusserit
522 2270 644 2324 (Joh.
666 2271 708 2322 3,
731 2273 798 2312 16.
832 2273 854 2311 l
875 2270 974 2313 Joh.
996 2271 1038 2321 4,
1057 2270 1099 2312 9.
1123 2269 1230 2323 14.).
1298 2266 1454 2310 Nonne
1486 2268 1625 2323 igitur

168 2329 395 2369 admodum
428 2327 636 2368 credibile
665 2333 756 2378 est,
793 2326 930 2368 Deum
960 2325 1221 2379 amplissimo
1240 2338 1318 2365 suo
1341 2325 1507 2365 muneri
1531 2339 1625 2366 mu-

168 2398 271 2424 nera
306 2386 442 2425 minus
472 2383 639 2437 ampla,
670 2384 828 2438 quibus
853 2382 962 2424 hanc
980 2383 1112 2424 vitam
1135 2380 1260 2421 nobis
1280 2379 1517 2432 exhilaret,
1546 2380 1624 2422 ad·

160 2441 376 2497 jecturum
407 2454 503 2481 esse
531 2445 573 2481 et
594 2454 672 2495 pro
694 2439 874 2494 quibus,
913 2438 1014 2494 quia
1036 2452 1110 2479 eos
1129 2441 1316 2488 amaret,
1345 2436 1622 2479 carissimum

168 2497 302 2537 lilium
336 2511 357 2536 a
386 2496 525 2552 patris
559 2501 735 2552 pectore
767 2495 961 2536 avulsum
993 2493 1293 2537 trucidandum
1329 2491 1384 2532 ad
1425 2493 1624 2536 homines

165 2553 390 2605 legaverit,
418 2552 623 2592 iisomnes
633 2565 728 2593 snos
750 2550 966 2593 thesauros
981 2555 1272 2592 reseraturum
1289 2546 1418 2591 esse?
1436 2552 1498 2603 (V.
1509 2549 1621 2603 32.).

163 2609 513 2660 Argumentatnr
551 2609 642 2663 Ap.
681 2621 720 2648 v.
757 2608 828 2650 32.
865 2621 888 2648 a
927 2607 1088 2664 majore
1124 2605 1178 2646 ad
1219 2606 1383 2656 minus,
1425 2610 1472 2646 ut
1498 2606 1620 2657 5,9..

164 2663 427 2718 Χαρίσεται]
453 2664 659 2704 Erasmus
679 2661 912 2715 ἐχαρίσατο
945 2661 1187 2718 antiquitus
1205 2661 1362 2702 lectum
1383 2660 1520 2702 fuisse
1543 2675 1619 2703 su-

160 2720 376 2773 spicatur,
416 2719 514 2774 quia
544 2718 678 2771 Vulg.
708 2718 825 2761 Clar.
856 2724 898 2758 et
927 2719 1122 2759 nonnulli
1167 2715 1254 2760 ΡΡ.
1290 2717 1476 2759 donavit
1509 2720 1618 2771 (non

157 2775 352 2829 donabit)
381 2774 583 2815 habeant.
643 2777 709 2814 At
727 2775 900 2815 donavit
928 2788 1008 2815 non
1039 2781 1107 2815 est
1128 2774 1212 2815 nisi
1230 2772 1456 2815 sollemnis
1476 2774 1616 2815 libra·

156 2833 319 2873 riorum
349 2831 373 2873 b
413 2837 458 2873 et
485 2845 509 2872 υ
538 2829 889 2872 confundentium
918 2844 1042 2873 error
1069 2834 1131 2887 (ν.
1166 2829 1276 2875 Ven.
1305 2829 1365 2873 D.
1385 2828 1618 2872 Schulzius
