<?xml version="1.0" encoding="UTF-8"?>
<!DOCTYPE html PUBLIC "-//W3C//DTD XHTML 1.0 Transitional//EN"
    "http://www.w3.org/TR/xhtml1/DTD/xhtml1-transitional.dtd">
<html xmlns="http://www.w3.org/1999/xhtml" xml:lang="en" lang="en">
 <head>
  <title>
</title>
<meta http-equiv="Content-Type" content="text/html;charset=utf-8" />
  <meta name='ocr-system' content='tesseract 3.04.00' />
  <meta name='ocr-capabilities' content='ocr_page ocr_carea ocr_par ocr_line ocrx_word'/>
</head>
<body>
  <div class='ocr_page' id='page_1' title='image "./pauliadromanosep02frituoft/pauliadromanosep02frituoft_0299.png"; bbox 0 0 1715 3115; ppageno 0'>
   <div class='ocr_carea' id='block_1_1' title="bbox 544 158 1626 210">
    <p class='ocr_par' dir='ltr' id='par_1_1' title="bbox 544 158 1626 210">
     <span class='ocr_line' id='line_1_1' title="bbox 544 158 1626 210; baseline -0.008 -1"><span class='ocrx_word' id='word_1_1' title='bbox 544 165 635 210; x_wconf 76' lang='lat' dir='ltr'><strong>CA</strong></span> <span class='ocrx_word' id='word_1_2' title='bbox 650 163 702 207; x_wconf 79' lang='grc' dir='ltr'><strong>Ρ.</strong></span> <span class='ocrx_word' id='word_1_3' title='bbox 732 162 831 208; x_wconf 74' lang='lat' dir='ltr'><strong>lx.</strong></span> <span class='ocrx_word' id='word_1_4' title='bbox 876 162 966 206; x_wconf 74' lang='lat' dir='ltr'><strong>Vs.</strong></span> <span class='ocrx_word' id='word_1_5' title='bbox 994 164 1039 208; x_wconf 83' lang='lat'><strong>6.</strong></span> <span class='ocrx_word' id='word_1_6' title='bbox 1068 187 1125 194; x_wconf 90' lang='lat'>—</span> <span class='ocrx_word' id='word_1_7' title='bbox 1152 162 1214 207; x_wconf 79' lang='lat'><strong>0..</strong></span> <span class='ocrx_word' id='word_1_8' title='bbox 1540 158 1626 203; x_wconf 79' lang='lat'><strong>285</strong></span> 
     </span>
    </p>
   </div>
   <div class='ocr_carea' id='block_1_2' title="bbox 89 268 1635 2886">
    <p class='ocr_par' dir='ltr' id='par_1_2' title="bbox 89 268 1635 2886">
     <span class='ocr_line' id='line_1_2' title="bbox 135 268 1622 334; baseline -0.007 -14"><span class='ocrx_word' id='word_1_9' title='bbox 135 280 207 334; x_wconf 88' lang='lat' dir='ltr'><strong>(nt</strong></span> <span class='ocrx_word' id='word_1_10' title='bbox 233 274 374 333; x_wconf 86' lang='lat' dir='ltr'><strong>patri)</strong></span> <span class='ocrx_word' id='word_1_11' title='bbox 402 271 642 328; x_wconf 76' lang='lat' dir='ltr'>posteritas</span> <span class='ocrx_word' id='word_1_12' title='bbox 675 271 716 314; x_wconf 85' lang='lat' dir='ltr'><strong>h.</strong></span> <span class='ocrx_word' id='word_1_13' title='bbox 754 284 793 313; x_wconf 77' lang='lat' dir='ltr'><strong>e.</strong></span> <span class='ocrx_word' id='word_1_14' title='bbox 826 284 905 326; x_wconf 83' lang='lat' dir='ltr'><strong>per</strong></span> <span class='ocrx_word' id='word_1_15' title='bbox 930 269 1127 312; x_wconf 82' lang='lat' dir='ltr'><strong>isaacum</strong></span> <span class='ocrx_word' id='word_1_16' title='bbox 1150 268 1314 321; x_wconf 80' lang='lat' dir='ltr'><strong>stabit,</strong></span> <span class='ocrx_word' id='word_1_17' title='bbox 1350 272 1399 310; x_wconf 88' lang='lat' dir='ltr'><strong>ut</strong></span> <span class='ocrx_word' id='word_1_18' title='bbox 1423 268 1622 310; x_wconf 79' lang='lat' dir='ltr'><strong>homines</strong></span> 
     </span>
     <span class='ocr_line' id='line_1_3' title="bbox 136 327 1623 388; baseline -0.007 -12"><span class='ocrx_word' id='word_1_19' title='bbox 136 333 216 376; x_wconf 81' lang='lat' dir='ltr'><strong>tibi</strong></span> <span class='ocrx_word' id='word_1_20' title='bbox 249 332 544 388; x_wconf 79' lang='lat' dir='ltr'><strong>(fortunatos)</strong></span> <span class='ocrx_word' id='word_1_21' title='bbox 581 334 786 384; x_wconf 76' lang='lat' dir='ltr'><strong>posteros</strong></span> <span class='ocrx_word' id='word_1_22' title='bbox 824 335 1073 384; x_wconf 74' lang='lat' dir='ltr'>nuncupent</span> <span class='ocrx_word' id='word_1_23' title='bbox 1105 334 1148 368; x_wconf 90' lang='lat' dir='ltr'><strong>et</strong></span> <span class='ocrx_word' id='word_1_24' title='bbox 1182 328 1395 380; x_wconf 82' lang='lat' dir='ltr'><strong>(beatam)</strong></span> <span class='ocrx_word' id='word_1_25' title='bbox 1424 327 1623 368; x_wconf 84' lang='lat' dir='ltr'>subolem</span> 
     </span>
     <span class='ocr_line' id='line_1_4' title="bbox 135 384 1624 439; baseline -0.006 -8"><span class='ocrx_word' id='word_1_26' title='bbox 135 391 215 432; x_wconf 84' lang='lat' dir='ltr'><strong>tibi</strong></span> <span class='ocrx_word' id='word_1_27' title='bbox 255 403 353 430; x_wconf 74' lang='lat' dir='ltr'><strong>esse</strong></span> <span class='ocrx_word' id='word_1_28' title='bbox 392 389 629 429; x_wconf 80' lang='lat' dir='ltr'><strong>fateantur.</strong></span> <span class='ocrx_word' id='word_1_29' title='bbox 709 385 839 426; x_wconf 81' lang='lat' dir='ltr'><strong>i&#39;otes</strong></span> <span class='ocrx_word' id='word_1_30' title='bbox 881 385 1018 427; x_wconf 74' lang='lat' dir='ltr'><strong>Sarae</strong></span> <span class='ocrx_word' id='word_1_31' title='bbox 1057 384 1266 439; x_wconf 75' lang='lat' dir='ltr'><strong>obsequi,</strong></span> <span class='ocrx_word' id='word_1_32' title='bbox 1314 398 1365 424; x_wconf 90' lang='lat' dir='ltr'><strong>ne</strong></span> <span class='ocrx_word' id='word_1_33' title='bbox 1397 385 1624 425; x_wconf 83' lang='lat' dir='ltr'><strong>oraculum</strong></span> 
     </span>
     <span class='ocr_line' id='line_1_5' title="bbox 134 438 1624 493; baseline -0.006 -4"><span class='ocrx_word' id='word_1_34' title='bbox 134 447 215 489; x_wconf 85' lang='lat' dir='ltr'><strong>tibi</strong></span> <span class='ocrx_word' id='word_1_35' title='bbox 252 446 400 487; x_wconf 78' lang='lat' dir='ltr'><strong>(iatum</strong></span> <span class='ocrx_word' id='word_1_36' title='bbox 440 451 596 485; x_wconf 73' lang='lat' dir='ltr'><strong>eventu</strong></span> <span class='ocrx_word' id='word_1_37' title='bbox 649 441 941 493; x_wconf 73' lang='lat' dir='ltr'><strong>destituatur,</strong></span> <span class='ocrx_word' id='word_1_38' title='bbox 991 441 1165 482; x_wconf 90' lang='lat' dir='ltr'><strong>minime</strong></span> <span class='ocrx_word' id='word_1_39' title='bbox 1216 445 1431 484; x_wconf 79' lang='lat' dir='ltr'><strong>metuens,</strong></span> <span class='ocrx_word' id='word_1_40' title='bbox 1505 438 1624 482; x_wconf 78' lang='lat' dir='ltr'><strong>Nam</strong></span> 
     </span>
     <span class='ocr_line' id='line_1_6' title="bbox 137 496 1624 552; baseline -0.005 -6"><span class='ocrx_word' id='word_1_41' title='bbox 137 505 340 552; x_wconf 63' lang='lat' dir='ltr'><strong>lsaacux,</strong></span> <span class='ocrx_word' id='word_1_42' title='bbox 371 516 452 543; x_wconf 91' lang='lat' dir='ltr'><strong>non</strong></span> <span class='ocrx_word' id='word_1_43' title='bbox 478 500 640 542; x_wconf 87' lang='lat' dir='ltr'><strong>ismael</strong></span> <span class='ocrx_word' id='word_1_44' title='bbox 660 498 768 540; x_wconf 89' lang='lat' dir='ltr'><strong>iilud</strong></span> <span class='ocrx_word' id='word_1_45' title='bbox 792 498 845 539; x_wconf 91' lang='lat' dir='ltr'><strong>ad</strong></span> <span class='ocrx_word' id='word_1_46' title='bbox 868 502 1068 540; x_wconf 81' lang='lat' dir='ltr'><strong>eventum</strong></span> <span class='ocrx_word' id='word_1_47' title='bbox 1093 496 1363 538; x_wconf 72' lang='lat' dir='ltr'>adducturus</span> <span class='ocrx_word' id='word_1_48' title='bbox 1385 501 1470 539; x_wconf 86' lang='lat' dir='ltr'><strong>est.</strong></span> <span class='ocrx_word' id='word_1_49' title='bbox 1530 496 1624 538; x_wconf 87' lang='lat' dir='ltr'><strong>Ne·-</strong></span> 
     </span>
     <span class='ocr_line' id='line_1_7' title="bbox 135 554 1625 618; baseline -0.003 -17"><span class='ocrx_word' id='word_1_50' title='bbox 135 575 220 618; x_wconf 89' lang='lat' dir='ltr'><strong>que</strong></span> <span class='ocrx_word' id='word_1_51' title='bbox 250 561 384 600; x_wconf 87' lang='lat' dir='ltr'><strong>aliter</strong></span> <span class='ocrx_word' id='word_1_52' title='bbox 419 558 584 600; x_wconf 84' lang='lat' dir='ltr'><strong>Paulus</strong></span> <span class='ocrx_word' id='word_1_53' title='bbox 613 557 741 597; x_wconf 78' lang='lat' dir='ltr'><strong>verba</strong></span> <span class='ocrx_word' id='word_1_54' title='bbox 775 555 1018 606; x_wconf 80' lang='lat' dir='ltr'>intellexit,</span> <span class='ocrx_word' id='word_1_55' title='bbox 1056 555 1133 610; x_wconf 83' lang='lat' dir='ltr'><strong>qui</strong></span> <span class='ocrx_word' id='word_1_56' title='bbox 1162 555 1293 595; x_wconf 89' lang='lat' dir='ltr'><strong>etiam</strong></span> <span class='ocrx_word' id='word_1_57' title='bbox 1321 554 1501 607; x_wconf 72' lang='grc' dir='ltr'><em>σπέρμα</em></span> <span class='ocrx_word' id='word_1_58' title='bbox 1524 555 1625 596; x_wconf 79' lang='lat' dir='ltr'><strong>bea-</strong></span> 
     </span>
     <span class='ocr_line' id='line_1_8' title="bbox 133 610 1625 673; baseline -0.003 -14"><span class='ocrx_word' id='word_1_59' title='bbox 133 624 227 660; x_wconf 81' lang='lat' dir='ltr'><strong>tam</strong></span> <span class='ocrx_word' id='word_1_60' title='bbox 248 617 441 673; x_wconf 84' lang='lat' dir='ltr'><strong>prolem,</strong></span> <span class='ocrx_word' id='word_1_61' title='bbox 483 628 593 671; x_wconf 90' lang='lat' dir='ltr'><strong>qnae</strong></span> <span class='ocrx_word' id='word_1_62' title='bbox 611 614 852 655; x_wconf 83' lang='lat' dir='ltr'><strong>liberorum</strong></span> <span class='ocrx_word' id='word_1_63' title='bbox 879 611 981 670; x_wconf 86' lang='lat' dir='ltr'><strong>jure</strong></span> <span class='ocrx_word' id='word_1_64' title='bbox 1021 620 1146 653; x_wconf 85' lang='lat' dir='ltr'><strong>utens</strong></span> <span class='ocrx_word' id='word_1_65' title='bbox 1169 612 1312 668; x_wconf 83' lang='lat' dir='ltr'><strong>patris</strong></span> <span class='ocrx_word' id='word_1_66' title='bbox 1334 610 1625 654; x_wconf 79' lang='lat' dir='ltr'><strong>hereditatem</strong></span> 
     </span>
     <span class='ocr_line' id='line_1_9' title="bbox 134 666 1627 730; baseline -0.005 -14"><span class='ocrx_word' id='word_1_67' title='bbox 134 680 286 716; x_wconf 87' lang='lat' dir='ltr'><strong>cernat</strong></span> <span class='ocrx_word' id='word_1_68' title='bbox 305 673 358 728; x_wconf 84' lang='lat' dir='ltr'><strong>(i.</strong></span> <span class='ocrx_word' id='word_1_69' title='bbox 382 687 425 730; x_wconf 79' lang='lat' dir='ltr'><strong>q.</strong></span> <span class='ocrx_word' id='word_1_70' title='bbox 447 673 595 730; x_wconf 85' lang='lat' dir='ltr'><strong>paullo</strong></span> <span class='ocrx_word' id='word_1_71' title='bbox 616 678 717 712; x_wconf 83' lang='lat' dir='ltr'><strong>ante</strong></span> <span class='ocrx_word' id='word_1_72' title='bbox 748 669 878 712; x_wconf 78' lang='grc' dir='ltr'><em>τέκνα</em></span> <span class='ocrx_word' id='word_1_73' title='bbox 902 666 1120 724; x_wconf 62' lang='grc' dir='ltr'><strong>Ἀβραάμ)</strong></span> <span class='ocrx_word' id='word_1_74' title='bbox 1151 671 1295 710; x_wconf 79' lang='lat' dir='ltr'><strong>valere</strong></span> <span class='ocrx_word' id='word_1_75' title='bbox 1328 675 1451 721; x_wconf 29' lang='lat' dir='ltr'><strong>recte·</strong></span> <span class='ocrx_word' id='word_1_76' title='bbox 1470 669 1627 709; x_wconf 84' lang='lat' dir='ltr'><strong>existi-</strong></span> 
     </span>
     <span class='ocr_line' id='line_1_10' title="bbox 136 725 1626 786; baseline -0.005 -13"><span class='ocrx_word' id='word_1_77' title='bbox 136 733 273 773; x_wconf 79' lang='lat' dir='ltr'><strong>mavit</strong></span> <span class='ocrx_word' id='word_1_78' title='bbox 302 735 362 786; x_wconf 81' lang='lat' dir='ltr'><strong>(v.</strong></span> <span class='ocrx_word' id='word_1_79' title='bbox 387 731 551 772; x_wconf 72' lang='lat' dir='ltr'><strong>Genes.</strong></span> <span class='ocrx_word' id='word_1_80' title='bbox 578 729 696 778; x_wconf 82' lang='lat'><strong>15,5.</strong></span> <span class='ocrx_word' id='word_1_81' title='bbox 729 729 794 777; x_wconf 85' lang='lat'><strong>17,</strong></span> <span class='ocrx_word' id='word_1_82' title='bbox 811 728 876 768; x_wconf 88' lang='grc'><strong>16.</strong></span> <span class='ocrx_word' id='word_1_83' title='bbox 901 727 972 768; x_wconf 80' lang='lat'><strong>21.</strong></span> <span class='ocrx_word' id='word_1_84' title='bbox 1010 727 1065 768; x_wconf 88' lang='lat' dir='ltr'><strong>cl.</strong></span> <span class='ocrx_word' id='word_1_85' title='bbox 1087 740 1126 768; x_wconf 72' lang='lat' dir='ltr'><strong>r.</strong></span> <span class='ocrx_word' id='word_1_86' title='bbox 1146 726 1255 779; x_wconf 85' lang='lat'><strong>20.).</strong></span> <span class='ocrx_word' id='word_1_87' title='bbox 1326 725 1448 767; x_wconf 87' lang='lat' dir='ltr'><strong>Haec</strong></span> <span class='ocrx_word' id='word_1_88' title='bbox 1469 726 1626 767; x_wconf 70' lang='lat' dir='ltr'><strong>verbo-</strong></span> 
     </span>
     <span class='ocr_line' id='line_1_11' title="bbox 135 782 1623 845; baseline -0.004 -15"><span class='ocrx_word' id='word_1_89' title='bbox 135 802 232 830; x_wconf 83' lang='lat' dir='ltr'><strong>rum</strong></span> <span class='ocrx_word' id='word_1_90' title='bbox 269 788 566 845; x_wconf 83' lang='lat' dir='ltr'><strong>pauiliuornm</strong></span> <span class='ocrx_word' id='word_1_91' title='bbox 608 783 918 841; x_wconf 70' lang='lat' dir='ltr'><strong>interpretatio</strong></span> <span class='ocrx_word' id='word_1_92' title='bbox 956 782 1135 834; x_wconf 74' lang='lat' dir='ltr'><strong>Meyero</strong></span> <span class='ocrx_word' id='word_1_93' title='bbox 1184 782 1282 825; x_wconf 87' lang='lat' dir='ltr'><strong>ideo</strong></span> <span class='ocrx_word' id='word_1_94' title='bbox 1322 783 1623 824; x_wconf 85' lang='lat' dir='ltr'><strong>intolerabilis</strong></span> 
     </span>
     <span class='ocr_line' id='line_1_12' title="bbox 136 838 1624 900; baseline -0.003 -13"><span class='ocrx_word' id='word_1_95' title='bbox 136 846 230 887; x_wconf 79' lang='lat' dir='ltr'><strong>visa</strong></span> <span class='ocrx_word' id='word_1_96' title='bbox 253 851 345 896; x_wconf 87' lang='lat' dir='ltr'><strong>est,</strong></span> <span class='ocrx_word' id='word_1_97' title='bbox 384 845 484 900; x_wconf 82' lang='lat' dir='ltr'><strong>quia</strong></span> <span class='ocrx_word' id='word_1_98' title='bbox 508 858 547 885; x_wconf 79' lang='lat' dir='ltr'><strong>v.</strong></span> <span class='ocrx_word' id='word_1_99' title='bbox 567 844 610 886; x_wconf 83' lang='lat'><strong>9.</strong></span> <span class='ocrx_word' id='word_1_100' title='bbox 632 857 728 883; x_wconf 90' lang='lat' dir='ltr'><strong>cum</strong></span> <span class='ocrx_word' id='word_1_101' title='bbox 748 856 786 883; x_wconf 82' lang='lat' dir='ltr'><strong>v.</strong></span> <span class='ocrx_word' id='word_1_102' title='bbox 805 840 848 883; x_wconf 86' lang='grc'><strong>8.</strong></span> <span class='ocrx_word' id='word_1_103' title='bbox 869 840 1058 881; x_wconf 85' lang='lat' dir='ltr'><strong>coliatus</strong></span> <span class='ocrx_word' id='word_1_104' title='bbox 1082 838 1266 881; x_wconf 86' lang='lat' dir='ltr'><strong>Paulum</strong></span> <span class='ocrx_word' id='word_1_105' title='bbox 1294 854 1334 883; x_wconf 78' lang='grc' dir='ltr'><strong>ν.</strong></span> <span class='ocrx_word' id='word_1_106' title='bbox 1352 841 1394 882; x_wconf 93' lang='grc'><strong>7.</strong></span> <span class='ocrx_word' id='word_1_107' title='bbox 1427 854 1575 882; x_wconf 85' lang='lat' dir='ltr'><strong>vocem</strong></span> <span class='ocrx_word' id='word_1_108' title='bbox 1599 855 1624 882; x_wconf 85' lang='lat' dir='ltr'><strong>e</strong></span> 
     </span>
     <span class='ocr_line' id='line_1_13' title="bbox 138 897 1625 957; baseline -0.004 -12"><span class='ocrx_word' id='word_1_109' title='bbox 138 902 307 945; x_wconf 79' lang='lat' dir='ltr'><strong>Genesi</strong></span> <span class='ocrx_word' id='word_1_110' title='bbox 338 903 570 957; x_wconf 73' lang='lat' dir='ltr'><strong>repetitam</strong></span> <span class='ocrx_word' id='word_1_111' title='bbox 600 899 654 940; x_wconf 79' lang='lat' dir='ltr'><strong>ad</strong></span> <span class='ocrx_word' id='word_1_112' title='bbox 677 901 814 954; x_wconf 78' lang='lat' dir='ltr'><strong>ipsum</strong></span> <span class='ocrx_word' id='word_1_113' title='bbox 846 898 1073 948; x_wconf 72' lang='lat' dir='ltr'><strong>Isaacum,</strong></span> <span class='ocrx_word' id='word_1_114' title='bbox 1102 897 1241 938; x_wconf 82' lang='lat' dir='ltr'><strong>filium</strong></span> <span class='ocrx_word' id='word_1_115' title='bbox 1272 897 1530 940; x_wconf 86' lang='lat' dir='ltr'><strong>Abrahamo</strong></span> <span class='ocrx_word' id='word_1_116' title='bbox 1555 897 1625 939; x_wconf 85' lang='lat' dir='ltr'><strong>di-</strong></span> 
     </span>
     <span class='ocr_line' id='line_1_14' title="bbox 135 954 1626 1015; baseline -0.002 -15"><span class='ocrx_word' id='word_1_117' title='bbox 135 960 303 1002; x_wconf 71' lang='lat' dir='ltr'><strong>vinitus</strong></span> <span class='ocrx_word' id='word_1_118' title='bbox 342 958 606 1015; x_wconf 82' lang='lat' dir='ltr'><strong>promissum</strong></span> <span class='ocrx_word' id='word_1_119' title='bbox 647 969 884 1010; x_wconf 86' lang='lat' dir='ltr'><strong>eorumque</strong></span> <span class='ocrx_word' id='word_1_120' title='bbox 915 954 989 1010; x_wconf 88' lang='lat' dir='ltr'><strong>qui</strong></span> <span class='ocrx_word' id='word_1_121' title='bbox 1019 954 1268 996; x_wconf 83' lang='lat' dir='ltr'><strong>Abrahami</strong></span> <span class='ocrx_word' id='word_1_122' title='bbox 1299 955 1468 1011; x_wconf 85' lang='lat' dir='ltr'><strong>posteri</strong></span> <span class='ocrx_word' id='word_1_123' title='bbox 1506 962 1626 997; x_wconf 79' lang='lat' dir='ltr'><strong>recte</strong></span> 
     </span>
     <span class='ocr_line' id='line_1_15' title="bbox 138 1011 1629 1068; baseline -0.002 -11"><span class='ocrx_word' id='word_1_124' title='bbox 138 1016 502 1058; x_wconf 78' lang='lat' dir='ltr'><strong>existimarentur</strong></span> <span class='ocrx_word' id='word_1_125' title='bbox 523 1014 710 1067; x_wconf 76' lang='lat' dir='ltr'><strong>effigiem</strong></span> <span class='ocrx_word' id='word_1_126' title='bbox 733 1019 779 1055; x_wconf 89' lang='lat' dir='ltr'><strong>et</strong></span> <span class='ocrx_word' id='word_1_127' title='bbox 810 1012 1092 1053; x_wconf 78' lang='lat' dir='ltr'><strong>simulacrum</strong></span> <span class='ocrx_word' id='word_1_128' title='bbox 1116 1011 1429 1068; x_wconf 84' lang='lat' dir='ltr'><strong>exprimentem</strong></span> <span class='ocrx_word' id='word_1_129' title='bbox 1445 1044 1456 1064; x_wconf 93' lang='lat'>‚</span> <span class='ocrx_word' id='word_1_130' title='bbox 1487 1018 1629 1054; x_wconf 88' lang='lat' dir='ltr'><strong>rettu-</strong></span> 
     </span>
     <span class='ocr_line' id='line_1_16' title="bbox 139 1066 1627 1122; baseline -0.003 -7"><span class='ocrx_word' id='word_1_131' title='bbox 139 1074 250 1115; x_wconf 82' lang='lat' dir='ltr'><strong>lisse</strong></span> <span class='ocrx_word' id='word_1_132' title='bbox 271 1072 440 1115; x_wconf 87' lang='lat' dir='ltr'><strong>doceat.</strong></span> <span class='ocrx_word' id='word_1_133' title='bbox 499 1071 678 1113; x_wconf 78' lang='lat' dir='ltr'><strong>Erravit</strong></span> <span class='ocrx_word' id='word_1_134' title='bbox 713 1070 771 1114; x_wconf 87' lang='lat' dir='ltr'><strong>V.</strong></span> <span class='ocrx_word' id='word_1_135' title='bbox 800 1069 872 1113; x_wconf 84' lang='lat' dir='ltr'><strong>D..</strong></span> <span class='ocrx_word' id='word_1_136' title='bbox 931 1066 1048 1110; x_wconf 78' lang='lat' dir='ltr'><strong>Nam</strong></span> <span class='ocrx_word' id='word_1_137' title='bbox 1084 1067 1226 1110; x_wconf 89' lang='lat' dir='ltr'><strong>Deum</strong></span> <span class='ocrx_word' id='word_1_138' title='bbox 1247 1083 1372 1112; x_wconf 85' lang='lat' dir='ltr'><strong>voce:</strong></span> <span class='ocrx_word' id='word_1_139' title='bbox 1399 1083 1478 1122; x_wconf 78' lang='lat' dir='ltr'><strong>per</strong></span> <span class='ocrx_word' id='word_1_140' title='bbox 1498 1069 1627 1111; x_wconf 76' lang='lat' dir='ltr'><strong>Isau-</strong></span> 
     </span>
     <span class='ocr_line' id='line_1_17' title="bbox 137 1124 1626 1186; baseline -0.003 -15"><span class='ocrx_word' id='word_1_141' title='bbox 137 1143 234 1172; x_wconf 83' lang='lat' dir='ltr'><strong>cnm</strong></span> <span class='ocrx_word' id='word_1_142' title='bbox 273 1132 379 1184; x_wconf 85' lang='lat' dir='ltr'><strong>(non</strong></span> <span class='ocrx_word' id='word_1_143' title='bbox 418 1141 498 1186; x_wconf 89' lang='lat' dir='ltr'><strong>per</strong></span> <span class='ocrx_word' id='word_1_144' title='bbox 538 1127 791 1181; x_wconf 78' lang='lat' dir='ltr'><strong>ismaelem)</strong></span> <span class='ocrx_word' id='word_1_145' title='bbox 829 1124 989 1177; x_wconf 85' lang='lat' dir='ltr'><strong>stabit,</strong></span> <span class='ocrx_word' id='word_1_146' title='bbox 1028 1128 1077 1166; x_wconf 84' lang='lat' dir='ltr'><strong>ut</strong></span> <span class='ocrx_word' id='word_1_147' title='bbox 1116 1125 1315 1167; x_wconf 88' lang='lat' dir='ltr'><strong>homines</strong></span> <span class='ocrx_word' id='word_1_148' title='bbox 1357 1127 1486 1181; x_wconf 88' lang='lat' dir='ltr'><strong>pleno</strong></span> <span class='ocrx_word' id='word_1_149' title='bbox 1520 1126 1626 1183; x_wconf 86' lang='lat' dir='ltr'><strong>jure</strong></span> 
     </span>
     <span class='ocr_line' id='line_1_18' title="bbox 138 1182 1627 1242; baseline -0.001 -15"><span class='ocrx_word' id='word_1_150' title='bbox 138 1186 257 1228; x_wconf 84' lang='lat' dir='ltr'><strong>filios</strong></span> <span class='ocrx_word' id='word_1_151' title='bbox 290 1185 372 1226; x_wconf 77' lang='lat' dir='ltr'><strong>tihi</strong></span> <span class='ocrx_word' id='word_1_152' title='bbox 399 1200 496 1227; x_wconf 87' lang='lat' dir='ltr'><strong>esse</strong></span> <span class='ocrx_word' id='word_1_153' title='bbox 523 1185 805 1242; x_wconf 78' lang='lat' dir='ltr'><strong>praedicent:</strong></span> <span class='ocrx_word' id='word_1_154' title='bbox 844 1183 886 1224; x_wconf 91' lang='lat' dir='ltr'><strong>in</strong></span> <span class='ocrx_word' id='word_1_155' title='bbox 916 1183 1167 1224; x_wconf 74' lang='lat' dir='ltr'><strong>universum</strong></span> <span class='ocrx_word' id='word_1_156' title='bbox 1197 1183 1275 1224; x_wconf 86' lang='lat' dir='ltr'><strong>hoc</strong></span> <span class='ocrx_word' id='word_1_157' title='bbox 1298 1182 1627 1227; x_wconf 84' lang='lat' dir='ltr'><strong>subindicasse:</strong></span> 
     </span>
     <span class='ocr_line' id='line_1_19' title="bbox 141 1240 1627 1296; baseline -0.001 -12"><span class='ocrx_word' id='word_1_158' title='bbox 141 1257 226 1284; x_wconf 87' lang='lat' dir='ltr'><strong>non</strong></span> <span class='ocrx_word' id='word_1_159' title='bbox 257 1243 454 1284; x_wconf 85' lang='lat' dir='ltr'><strong>homines</strong></span> <span class='ocrx_word' id='word_1_160' title='bbox 486 1243 542 1284; x_wconf 84' lang='lat' dir='ltr'><strong>ab</strong></span> <span class='ocrx_word' id='word_1_161' title='bbox 575 1243 831 1284; x_wconf 84' lang='lat' dir='ltr'><strong>Abrahamo</strong></span> <span class='ocrx_word' id='word_1_162' title='bbox 866 1243 1124 1294; x_wconf 80' lang='lat' dir='ltr'><strong>generatos,</strong></span> <span class='ocrx_word' id='word_1_163' title='bbox 1175 1240 1251 1281; x_wconf 88' lang='lat' dir='ltr'><strong>sed</strong></span> <span class='ocrx_word' id='word_1_164' title='bbox 1275 1255 1384 1296; x_wconf 80' lang='lat' dir='ltr'><strong>quos</strong></span> <span class='ocrx_word' id='word_1_165' title='bbox 1410 1240 1543 1282; x_wconf 67' lang='lat' dir='ltr'><strong>divini</strong></span> <span class='ocrx_word' id='word_1_166' title='bbox 1565 1241 1627 1283; x_wconf 71' lang='lat' dir='ltr'><strong>vis</strong></span> 
     </span>
     <span class='ocr_line' id='line_1_20' title="bbox 139 1296 1628 1355; baseline -0.003 -13"><span class='ocrx_word' id='word_1_167' title='bbox 139 1299 341 1355; x_wconf 76' lang='lat' dir='ltr'><strong>promissi</strong></span> <span class='ocrx_word' id='word_1_168' title='bbox 367 1300 571 1353; x_wconf 86' lang='lat' dir='ltr'><strong>genuerit</strong></span> <span class='ocrx_word' id='word_1_169' title='bbox 599 1300 664 1354; x_wconf 85' lang='lat' dir='ltr'><strong>(h.</strong></span> <span class='ocrx_word' id='word_1_170' title='bbox 687 1314 726 1341; x_wconf 85' lang='lat' dir='ltr'><strong>e.</strong></span> <span class='ocrx_word' id='word_1_171' title='bbox 749 1312 859 1355; x_wconf 83' lang='lat' dir='ltr'><strong>qnos</strong></span> <span class='ocrx_word' id='word_1_172' title='bbox 883 1296 1132 1339; x_wconf 79' lang='lat' dir='ltr'><strong>Abrahami</strong></span> <span class='ocrx_word' id='word_1_173' title='bbox 1160 1298 1276 1338; x_wconf 85' lang='lat' dir='ltr'><strong>iiiios</strong></span> <span class='ocrx_word' id='word_1_174' title='bbox 1302 1312 1400 1339; x_wconf 89' lang='lat' dir='ltr'><strong>esse</strong></span> <span class='ocrx_word' id='word_1_175' title='bbox 1419 1297 1541 1339; x_wconf 77' lang='lat' dir='ltr'><strong>Deus</strong></span> <span class='ocrx_word' id='word_1_176' title='bbox 1557 1312 1628 1339; x_wconf 80' lang='lat' dir='ltr'><strong>vo-</strong></span> 
     </span>
     <span class='ocr_line' id='line_1_21' title="bbox 139 1354 1625 1411; baseline -0.001 -13"><span class='ocrx_word' id='word_1_177' title='bbox 139 1356 291 1406; x_wconf 72' lang='lat' dir='ltr'><strong>luerit)</strong></span> <span class='ocrx_word' id='word_1_178' title='bbox 321 1357 560 1410; x_wconf 76' lang='lat' dir='ltr'><strong>legitimam</strong></span> <span class='ocrx_word' id='word_1_179' title='bbox 592 1355 842 1398; x_wconf 82' lang='lat' dir='ltr'><strong>Abrahami</strong></span> <span class='ocrx_word' id='word_1_180' title='bbox 875 1354 1084 1411; x_wconf 88' lang='lat' dir='ltr'><strong>stirpem,</strong></span> <span class='ocrx_word' id='word_1_181' title='bbox 1132 1355 1202 1396; x_wconf 89' lang='lat' dir='ltr'><strong>cui</strong></span> <span class='ocrx_word' id='word_1_182' title='bbox 1232 1362 1410 1396; x_wconf 88' lang='lat' dir='ltr'><strong>aeterna</strong></span> <span class='ocrx_word' id='word_1_183' title='bbox 1432 1355 1625 1396; x_wconf 83' lang='lat' dir='ltr'><strong>beatitas</strong></span> 
     </span>
     <span class='ocr_line' id='line_1_22' title="bbox 139 1409 1627 1466; baseline -0.001 -13"><span class='ocrx_word' id='word_1_184' title='bbox 139 1414 413 1455; x_wconf 83' lang='lat' dir='ltr'><strong>concedenda</strong></span> <span class='ocrx_word' id='word_1_185' title='bbox 449 1415 532 1466; x_wconf 82' lang='lat' dir='ltr'><strong>sit,</strong></span> <span class='ocrx_word' id='word_1_186' title='bbox 572 1413 806 1455; x_wconf 80' lang='lat' dir='ltr'><strong>effecturos</strong></span> <span class='ocrx_word' id='word_1_187' title='bbox 837 1426 934 1454; x_wconf 83' lang='lat' dir='ltr'><strong>esse</strong></span> <span class='ocrx_word' id='word_1_188' title='bbox 966 1426 1005 1455; x_wconf 87' lang='lat' dir='ltr'><strong>v.</strong></span> <span class='ocrx_word' id='word_1_189' title='bbox 1024 1412 1066 1454; x_wconf 83' lang='lat'><strong>8.</strong></span> <span class='ocrx_word' id='word_1_190' title='bbox 1101 1409 1150 1454; x_wconf 83' lang='lat' dir='ltr'><strong>P.</strong></span> <span class='ocrx_word' id='word_1_191' title='bbox 1184 1426 1236 1452; x_wconf 83' lang='lat' dir='ltr'><strong>ex</strong></span> <span class='ocrx_word' id='word_1_192' title='bbox 1258 1426 1308 1453; x_wconf 92' lang='lat' dir='ltr'><strong>eo</strong></span> <span class='ocrx_word' id='word_1_193' title='bbox 1334 1410 1525 1465; x_wconf 80' lang='lat' dir='ltr'><strong>inteiligi</strong></span> <span class='ocrx_word' id='word_1_194' title='bbox 1548 1411 1627 1463; x_wconf 87' lang='lat' dir='ltr'><strong>ait,</strong></span> 
     </span>
     <span class='ocr_line' id='line_1_23' title="bbox 140 1465 1628 1528; baseline 0.001 -19"><span class='ocrx_word' id='word_1_195' title='bbox 140 1469 259 1526; x_wconf 82' lang='lat' dir='ltr'><strong>qnod</strong></span> <span class='ocrx_word' id='word_1_196' title='bbox 302 1472 423 1512; x_wconf 86' lang='lat' dir='ltr'><strong>Deus</strong></span> <span class='ocrx_word' id='word_1_197' title='bbox 467 1471 510 1512; x_wconf 92' lang='lat' dir='ltr'><strong>in</strong></span> <span class='ocrx_word' id='word_1_198' title='bbox 539 1470 849 1528; x_wconf 85' lang='lat' dir='ltr'><strong>promissionis</strong></span> <span class='ocrx_word' id='word_1_199' title='bbox 871 1465 1065 1510; x_wconf 63' lang='lat' dir='ltr'><strong>formula</strong></span> <span class='ocrx_word' id='word_1_200' title='bbox 1095 1468 1258 1520; x_wconf 80' lang='lat' dir='ltr'><strong>Sarae,</strong></span> <span class='ocrx_word' id='word_1_201' title='bbox 1304 1483 1414 1525; x_wconf 87' lang='lat' dir='ltr'><strong>quae</strong></span> <span class='ocrx_word' id='word_1_202' title='bbox 1448 1476 1628 1525; x_wconf 84' lang='lat' dir='ltr'><strong>praeter</strong></span> 
     </span>
     <span class='ocr_line' id='line_1_24' title="bbox 139 1525 1630 1582; baseline 0 -15"><span class='ocrx_word' id='word_1_203' title='bbox 139 1531 325 1569; x_wconf 81' lang='lat' dir='ltr'><strong>naturae</strong></span> <span class='ocrx_word' id='word_1_204' title='bbox 372 1526 568 1569; x_wconf 82' lang='lat' dir='ltr'><strong>ordinem</strong></span> <span class='ocrx_word' id='word_1_205' title='bbox 625 1528 823 1569; x_wconf 64' lang='lat' dir='ltr'><strong>Immrum</strong></span> <span class='ocrx_word' id='word_1_206' title='bbox 873 1525 1118 1582; x_wconf 84' lang='lat' dir='ltr'><strong>pepererit,</strong></span> <span class='ocrx_word' id='word_1_207' title='bbox 1168 1525 1306 1566; x_wconf 89' lang='lat' dir='ltr'><strong>lilium</strong></span> <span class='ocrx_word' id='word_1_208' title='bbox 1353 1526 1630 1582; x_wconf 83' lang='lat' dir='ltr'><strong>portenderit:</strong></span> 
     </span>
     <span class='ocr_line' id='line_1_25' title="bbox 140 1580 1628 1641; baseline 0 -17"><span class='ocrx_word' id='word_1_209' title='bbox 140 1596 182 1626; x_wconf 90' lang='lat' dir='ltr'><strong>v.</strong></span> <span class='ocrx_word' id='word_1_210' title='bbox 201 1585 262 1627; x_wconf 89' lang='lat'><strong>9..</strong></span> <span class='ocrx_word' id='word_1_211' title='bbox 324 1584 482 1641; x_wconf 85' lang='lat' dir='ltr'><strong>ltaque</strong></span> <span class='ocrx_word' id='word_1_212' title='bbox 514 1583 631 1641; x_wconf 88' lang='lat' dir='ltr'><strong>quod</strong></span> <span class='ocrx_word' id='word_1_213' title='bbox 660 1585 821 1626; x_wconf 79' lang='lat' dir='ltr'><strong>Genes.</strong></span> <span class='ocrx_word' id='word_1_214' title='bbox 844 1584 914 1633; x_wconf 81' lang='lat'><strong>21,</strong></span> <span class='ocrx_word' id='word_1_215' title='bbox 940 1583 1006 1625; x_wconf 79' lang='lat'><strong>12.</strong></span> <span class='ocrx_word' id='word_1_216' title='bbox 1042 1580 1094 1623; x_wconf 85' lang='lat' dir='ltr'><strong>de</strong></span> <span class='ocrx_word' id='word_1_217' title='bbox 1124 1581 1276 1623; x_wconf 76' lang='lat' dir='ltr'><strong>Isaaco</strong></span> <span class='ocrx_word' id='word_1_218' title='bbox 1307 1580 1468 1624; x_wconf 82' lang='lat' dir='ltr'><strong>dictum</strong></span> <span class='ocrx_word' id='word_1_219' title='bbox 1491 1583 1552 1623; x_wconf 84' lang='lat' dir='ltr'><strong>sit</strong></span> <span class='ocrx_word' id='word_1_220' title='bbox 1571 1582 1628 1624; x_wconf 85' lang='lat' dir='ltr'><strong>ad</strong></span> 
     </span>
     <span class='ocr_line' id='line_1_26' title="bbox 140 1636 1628 1698; baseline 0 -17"><span class='ocrx_word' id='word_1_221' title='bbox 140 1653 217 1681; x_wconf 83' lang='lat' dir='ltr'><strong>eos</strong></span> <span class='ocrx_word' id='word_1_222' title='bbox 248 1642 495 1698; x_wconf 86' lang='lat' dir='ltr'><strong>pertinere,</strong></span> <span class='ocrx_word' id='word_1_223' title='bbox 536 1642 611 1698; x_wconf 86' lang='lat' dir='ltr'><strong>qui</strong></span> <span class='ocrx_word' id='word_1_224' title='bbox 652 1641 744 1683; x_wconf 86' lang='lat' dir='ltr'><strong>sint</strong></span> <span class='ocrx_word' id='word_1_225' title='bbox 783 1640 948 1681; x_wconf 74' lang='grc' dir='ltr'><em>τέκνα</em></span> <span class='ocrx_word' id='word_1_226' title='bbox 983 1639 1082 1694; x_wconf 82' lang='grc' dir='ltr'><strong>τῆς</strong></span> <span class='ocrx_word' id='word_1_227' title='bbox 1121 1636 1473 1692; x_wconf 74' lang='grc' dir='ltr'><em>ἐπαγγελίας</em></span> <span class='ocrx_word' id='word_1_228' title='bbox 1515 1653 1628 1695; x_wconf 85' lang='lat' dir='ltr'><strong>quo-</strong></span> 
     </span>
     <span class='ocr_line' id='line_1_27' title="bbox 144 1693 1630 1754; baseline -0.001 -17"><span class='ocrx_word' id='word_1_229' title='bbox 144 1697 262 1737; x_wconf 86' lang='lat' dir='ltr'><strong>niam</strong></span> <span class='ocrx_word' id='word_1_230' title='bbox 295 1698 476 1740; x_wconf 79' lang='lat' dir='ltr'><strong>Isaacus</strong></span> <span class='ocrx_word' id='word_1_231' title='bbox 507 1695 848 1754; x_wconf 74' lang='grc' dir='ltr'><em>ἐπαγγελίας</em></span> <span class='ocrx_word' id='word_1_232' title='bbox 876 1695 1066 1737; x_wconf 69' lang='grc' dir='ltr'><em>τέκνον</em></span> <span class='ocrx_word' id='word_1_233' title='bbox 1093 1693 1228 1750; x_wconf 76' lang='lat' dir='ltr'><strong>fuerit</strong></span> <span class='ocrx_word' id='word_1_234' title='bbox 1266 1695 1361 1751; x_wconf 80' lang='lat' dir='ltr'><strong>Ap.</strong></span> <span class='ocrx_word' id='word_1_235' title='bbox 1394 1711 1630 1750; x_wconf 82' lang='lat' dir='ltr'><strong>argumen-</strong></span> 
     </span>
     <span class='ocr_line' id='line_1_28' title="bbox 143 1753 1629 1809; baseline 0.001 -16"><span class='ocrx_word' id='word_1_236' title='bbox 143 1758 264 1794; x_wconf 81' lang='lat' dir='ltr'><strong>tatur</strong></span> <span class='ocrx_word' id='word_1_237' title='bbox 294 1755 337 1796; x_wconf 84' lang='lat' dir='ltr'><strong>h.</strong></span> <span class='ocrx_word' id='word_1_238' title='bbox 370 1769 451 1798; x_wconf 87' lang='lat' dir='ltr'><strong>m.:</strong></span> <span class='ocrx_word' id='word_1_239' title='bbox 492 1755 694 1797; x_wconf 77' lang='lat' dir='ltr'><strong>Isaacum</strong></span> <span class='ocrx_word' id='word_1_240' title='bbox 713 1755 968 1796; x_wconf 78' lang='lat' dir='ltr'><strong>effecturum</strong></span> <span class='ocrx_word' id='word_1_241' title='bbox 997 1767 1118 1803; x_wconf 83' lang='lat' dir='ltr'><strong>esse,</strong></span> <span class='ocrx_word' id='word_1_242' title='bbox 1146 1758 1193 1792; x_wconf 86' lang='lat' dir='ltr'><strong>ut</strong></span> <span class='ocrx_word' id='word_1_243' title='bbox 1216 1753 1473 1795; x_wconf 80' lang='lat' dir='ltr'><strong>Abrahamo</strong></span> <span class='ocrx_word' id='word_1_244' title='bbox 1498 1753 1629 1809; x_wconf 89' lang='lat' dir='ltr'><strong>pleno</strong></span> 
     </span>
     <span class='ocr_line' id='line_1_29' title="bbox 138 1809 1630 1868; baseline 0 -18"><span class='ocrx_word' id='word_1_245' title='bbox 138 1811 242 1867; x_wconf 82' lang='lat' dir='ltr'><strong>jure</strong></span> <span class='ocrx_word' id='word_1_246' title='bbox 279 1811 396 1852; x_wconf 78' lang='lat' dir='ltr'><strong>iiiios</strong></span> <span class='ocrx_word' id='word_1_247' title='bbox 431 1826 529 1853; x_wconf 88' lang='lat' dir='ltr'><strong>esse</strong></span> <span class='ocrx_word' id='word_1_248' title='bbox 560 1812 758 1853; x_wconf 86' lang='lat' dir='ltr'><strong>homines</strong></span> <span class='ocrx_word' id='word_1_249' title='bbox 788 1824 893 1868; x_wconf 87' lang='lat' dir='ltr'><strong>prae</strong></span> <span class='ocrx_word' id='word_1_250' title='bbox 935 1824 981 1850; x_wconf 90' lang='lat' dir='ltr'><strong>se</strong></span> <span class='ocrx_word' id='word_1_251' title='bbox 1018 1809 1163 1850; x_wconf 85' lang='lat' dir='ltr'><strong>serant</strong></span> <span class='ocrx_word' id='word_1_252' title='bbox 1193 1809 1234 1849; x_wconf 88' lang='lat' dir='ltr'><strong>in</strong></span> <span class='ocrx_word' id='word_1_253' title='bbox 1269 1810 1432 1851; x_wconf 82' lang='lat' dir='ltr'><strong>Genesi</strong></span> <span class='ocrx_word' id='word_1_254' title='bbox 1461 1810 1630 1863; x_wconf 79' lang='lat' dir='ltr'><strong>iegitur</strong></span> 
     </span>
     <span class='ocr_line' id='line_1_30' title="bbox 144 1865 1630 1923; baseline 0 -15"><span class='ocrx_word' id='word_1_255' title='bbox 144 1869 264 1910; x_wconf 76' lang='lat' dir='ltr'><strong>v.7..</strong></span> <span class='ocrx_word' id='word_1_256' title='bbox 334 1867 431 1908; x_wconf 69' lang='lat' dir='ltr'><strong>Hac</strong></span> <span class='ocrx_word' id='word_1_257' title='bbox 467 1882 571 1909; x_wconf 80' lang='lat' dir='ltr'><strong>voce</strong></span> <span class='ocrx_word' id='word_1_258' title='bbox 601 1881 867 1923; x_wconf 74' lang='lat' dir='ltr'><strong>quoscunque</strong></span> <span class='ocrx_word' id='word_1_259' title='bbox 902 1865 1034 1908; x_wconf 61' lang='lat' dir='ltr'><strong>‹lit-ini</strong></span> <span class='ocrx_word' id='word_1_260' title='bbox 1063 1866 1125 1907; x_wconf 76' lang='lat' dir='ltr'><strong>vis</strong></span> <span class='ocrx_word' id='word_1_261' title='bbox 1149 1867 1351 1919; x_wconf 75' lang='lat' dir='ltr'><strong>promissi</strong></span> <span class='ocrx_word' id='word_1_262' title='bbox 1386 1865 1630 1909; x_wconf 71' lang='lat' dir='ltr'><strong>Abrcdeczmi</strong></span> 
     </span>
     <span class='ocr_line' id='line_1_31' title="bbox 139 1922 1630 1980; baseline 0 -16"><span class='ocrx_word' id='word_1_263' title='bbox 139 1922 254 1977; x_wconf 76' lang='lat' dir='ltr'><strong>filios</strong></span> <span class='ocrx_word' id='word_1_264' title='bbox 284 1925 550 1967; x_wconf 63' lang='lat' dir='ltr'><strong>constitnerit</strong></span> <span class='ocrx_word' id='word_1_265' title='bbox 582 1925 767 1977; x_wconf 73' lang='lat' dir='ltr'><strong>legitimi</strong></span> <span class='ocrx_word' id='word_1_266' title='bbox 801 1922 1051 1967; x_wconf 82' lang='lat' dir='ltr'><strong>Abrahami</strong></span> <span class='ocrx_word' id='word_1_267' title='bbox 1079 1922 1211 1963; x_wconf 87' lang='lat' dir='ltr'><strong>liberi</strong></span> <span class='ocrx_word' id='word_1_268' title='bbox 1246 1937 1268 1963; x_wconf 87' lang='lat' dir='ltr'><strong>a</strong></span> <span class='ocrx_word' id='word_1_269' title='bbox 1303 1922 1401 1965; x_wconf 91' lang='lat' dir='ltr'><strong>Deo</strong></span> <span class='ocrx_word' id='word_1_270' title='bbox 1434 1938 1630 1980; x_wconf 86' lang='lat' dir='ltr'><strong>pronun-</strong></span> 
     </span>
     <span class='ocr_line' id='line_1_32' title="bbox 145 1979 1630 2029; baseline 0 -7"><span class='ocrx_word' id='word_1_271' title='bbox 145 1982 315 2022; x_wconf 85' lang='lat' dir='ltr'><strong>tiantur</strong></span> <span class='ocrx_word' id='word_1_272' title='bbox 363 1995 401 2022; x_wconf 80' lang='lat' dir='ltr'><strong>v.</strong></span> <span class='ocrx_word' id='word_1_273' title='bbox 432 1980 491 2023; x_wconf 92' lang='grc'><strong>8..</strong></span> <span class='ocrx_word' id='word_1_274' title='bbox 560 1979 673 2022; x_wconf 71' lang='lat' dir='ltr'><strong>Na&#39;m</strong></span> <span class='ocrx_word' id='word_1_275' title='bbox 722 1981 924 2029; x_wconf 72' lang='lat' dir='ltr'><strong>Ismeens,</strong></span> <span class='ocrx_word' id='word_1_276' title='bbox 974 1993 1175 2020; x_wconf 84' lang='lat' dir='ltr'><strong>verorum</strong></span> <span class='ocrx_word' id='word_1_277' title='bbox 1222 1979 1630 2022; x_wconf 84' lang='lat' dir='ltr'><strong>Abrahamidarum</strong></span> 
     </span>
     <span class='ocr_line' id='line_1_33' title="bbox 145 2037 1628 2091; baseline 0 -12"><span class='ocrx_word' id='word_1_278' title='bbox 145 2042 334 2091; x_wconf 81' lang='lat' dir='ltr'><strong>pater,</strong></span> <span class='ocrx_word' id='word_1_279' title='bbox 361 2037 495 2077; x_wconf 60' lang='lat' dir='ltr'><strong>divini</strong></span> <span class='ocrx_word' id='word_1_280' title='bbox 521 2038 561 2078; x_wconf 83' lang='grc' dir='ltr'><strong>υἱ</strong></span> <span class='ocrx_word' id='word_1_281' title='bbox 586 2037 787 2091; x_wconf 71' lang='lat' dir='ltr'><strong>promissi</strong></span> <span class='ocrx_word' id='word_1_282' title='bbox 811 2040 1041 2089; x_wconf 61' lang='grc' dir='ltr'><strong>ρεπεν-αἴκε</strong></span> <span class='ocrx_word' id='word_1_283' title='bbox 1074 2041 1159 2087; x_wconf 67' lang='lat' dir='ltr'><strong>est,</strong></span> <span class='ocrx_word' id='word_1_284' title='bbox 1199 2043 1247 2075; x_wconf 89' lang='lat' dir='ltr'><strong>ut</strong></span> <span class='ocrx_word' id='word_1_285' title='bbox 1275 2037 1305 2077; x_wconf 91' lang='lat' dir='ltr'><strong>ii</strong></span> <span class='ocrx_word' id='word_1_286' title='bbox 1325 2037 1628 2079; x_wconf 87' lang='lat' dir='ltr'><strong>tantummodo</strong></span> 
     </span>
     <span class='ocr_line' id='line_1_34' title="bbox 145 2092 1631 2160; baseline 0.001 -25"><span class='ocrx_word' id='word_1_287' title='bbox 145 2094 239 2135; x_wconf 76' lang='lat' dir='ltr'><strong>veri</strong></span> <span class='ocrx_word' id='word_1_288' title='bbox 272 2108 352 2150; x_wconf 89' lang='lat' dir='ltr'><strong>per</strong></span> <span class='ocrx_word' id='word_1_289' title='bbox 386 2093 582 2134; x_wconf 81' lang='lat' dir='ltr'><strong>isaacum</strong></span> <span class='ocrx_word' id='word_1_290' title='bbox 616 2093 863 2135; x_wconf 80' lang='lat' dir='ltr'><strong>Abrabami</strong></span> <span class='ocrx_word' id='word_1_291' title='bbox 893 2092 1063 2160; x_wconf 80' lang='lat' dir='ltr'><strong>posteri</strong></span> <span class='ocrx_word' id='word_1_292' title='bbox 1096 2098 1212 2133; x_wconf 84' lang='lat' dir='ltr'><strong>recte</strong></span> <span class='ocrx_word' id='word_1_293' title='bbox 1240 2101 1525 2147; x_wconf 79' lang='lat' dir='ltr'><strong>censeantur,</strong></span> <span class='ocrx_word' id='word_1_294' title='bbox 1554 2092 1631 2151; x_wconf 81' lang='lat' dir='ltr'><strong>qui</strong></span> 
     </span>
     <span class='ocr_line' id='line_1_35' title="bbox 145 2148 1632 2206; baseline 0 -14"><span class='ocrx_word' id='word_1_295' title='bbox 145 2157 189 2193; x_wconf 84' lang='lat' dir='ltr'><strong>et</strong></span> <span class='ocrx_word' id='word_1_296' title='bbox 214 2151 297 2206; x_wconf 68' lang='lat' dir='ltr'><strong>ipsi</strong></span> <span class='ocrx_word' id='word_1_297' title='bbox 322 2156 420 2192; x_wconf 76' lang='lat' dir='ltr'><strong>sunt</strong></span> <span class='ocrx_word' id='word_1_298' title='bbox 463 2148 807 2204; x_wconf 73' lang='grc' dir='ltr'><strong><em>ἐπαγγελίας</em></strong></span> <span class='ocrx_word' id='word_1_299' title='bbox 845 2163 1007 2189; x_wconf 67' lang='lat' dir='ltr'><strong>‘cenna</strong></span> <span class='ocrx_word' id='word_1_300' title='bbox 1038 2162 1077 2191; x_wconf 83' lang='lat' dir='ltr'><strong>v.</strong></span> <span class='ocrx_word' id='word_1_301' title='bbox 1096 2150 1155 2190; x_wconf 82' lang='lat'><strong>9..</strong></span> <span class='ocrx_word' id='word_1_302' title='bbox 1218 2148 1309 2204; x_wconf 67' lang='lat' dir='ltr'><strong>Qui</strong></span> <span class='ocrx_word' id='word_1_303' title='bbox 1331 2151 1443 2191; x_wconf 89' lang='lat' dir='ltr'><strong>enim</strong></span> <span class='ocrx_word' id='word_1_304' title='bbox 1472 2150 1632 2203; x_wconf 80' lang='lat' dir='ltr'><strong>isaaci,</strong></span> 
     </span>
     <span class='ocr_line' id='line_1_36' title="bbox 147 2204 1635 2264; baseline 0.001 -16"><span class='ocrx_word' id='word_1_305' title='bbox 147 2208 224 2264; x_wconf 89' lang='lat' dir='ltr'><strong>qui</strong></span> <span class='ocrx_word' id='word_1_306' title='bbox 252 2205 517 2262; x_wconf 72' lang='grc' dir='ltr'><em>ἐπαγγελίας</em></span> <span class='ocrx_word' id='word_1_307' title='bbox 556 2206 707 2248; x_wconf 79' lang='grc' dir='ltr'><em>τέκνον</em></span> <span class='ocrx_word' id='word_1_308' title='bbox 738 2205 895 2256; x_wconf 83' lang='lat' dir='ltr'><strong>suerit,</strong></span> <span class='ocrx_word' id='word_1_309' title='bbox 945 2204 1075 2246; x_wconf 83' lang='lat' dir='ltr'><strong>liberi</strong></span> <span class='ocrx_word' id='word_1_310' title='bbox 1112 2205 1224 2258; x_wconf 86' lang='lat' dir='ltr'><strong>siut,</strong></span> <span class='ocrx_word' id='word_1_311' title='bbox 1263 2208 1336 2262; x_wconf 86' lang='lat' dir='ltr'><strong>qui</strong></span> <span class='ocrx_word' id='word_1_312' title='bbox 1366 2205 1635 2262; x_wconf 64' lang='grc' dir='ltr'><em>ἐπαγγελίας</em></span> 
     </span>
     <span class='ocr_line' id='line_1_37' title="bbox 147 2261 1633 2318; baseline 0.002 -14"><span class='ocrx_word' id='word_1_313' title='bbox 147 2264 275 2306; x_wconf 79' lang='grc' dir='ltr'><em>τέκνα</em></span> <span class='ocrx_word' id='word_1_314' title='bbox 304 2279 386 2304; x_wconf 91' lang='lat' dir='ltr'><strong>non</strong></span> <span class='ocrx_word' id='word_1_315' title='bbox 426 2261 550 2306; x_wconf 66' lang='lat' dir='ltr'><strong>sint?</strong></span> <span class='ocrx_word' id='word_1_316' title='bbox 596 2263 760 2306; x_wconf 88' lang='lat' dir='ltr'><strong>Contra</strong></span> <span class='ocrx_word' id='word_1_317' title='bbox 799 2262 836 2304; x_wconf 89' lang='lat' dir='ltr'><strong>si</strong></span> <span class='ocrx_word' id='word_1_318' title='bbox 877 2261 1050 2303; x_wconf 85' lang='lat' dir='ltr'><strong>divinae</strong></span> <span class='ocrx_word' id='word_1_319' title='bbox 1090 2263 1401 2318; x_wconf 85' lang='lat' dir='ltr'><strong>promissionis</strong></span> <span class='ocrx_word' id='word_1_320' title='bbox 1441 2265 1633 2307; x_wconf 79' lang='lat' dir='ltr'><strong>formula</strong></span> 
     </span>
     <span class='ocr_line' id='line_1_38' title="bbox 150 2319 1635 2377; baseline 0.001 -15"><span class='ocrx_word' id='word_1_321' title='bbox 150 2321 323 2376; x_wconf 77' lang='lat' dir='ltr'><strong>Hayori</strong></span> <span class='ocrx_word' id='word_1_322' title='bbox 352 2335 463 2377; x_wconf 85' lang='lat' dir='ltr'><strong>quae</strong></span> <span class='ocrx_word' id='word_1_323' title='bbox 493 2324 679 2362; x_wconf 76' lang='lat' dir='ltr'><strong>naturae</strong></span> <span class='ocrx_word' id='word_1_324' title='bbox 708 2321 796 2376; x_wconf 76' lang='lat' dir='ltr'><strong>leye</strong></span> <span class='ocrx_word' id='word_1_325' title='bbox 826 2319 1051 2360; x_wconf 79' lang='lat' dir='ltr'><strong>Ismaelem</strong></span> <span class='ocrx_word' id='word_1_326' title='bbox 1087 2333 1146 2360; x_wconf 71' lang='lat' dir='ltr'><strong>ex</strong></span> <span class='ocrx_word' id='word_1_327' title='bbox 1174 2319 1424 2362; x_wconf 72' lang='lat' dir='ltr'><strong>Abrulmmo</strong></span> <span class='ocrx_word' id='word_1_328' title='bbox 1450 2322 1635 2376; x_wconf 80' lang='lat' dir='ltr'><strong>peperit,</strong></span> 
     </span>
     <span class='ocr_line' id='line_1_39' title="bbox 147 2376 1635 2435; baseline 0.001 -17"><span class='ocrx_word' id='word_1_329' title='bbox 147 2377 286 2418; x_wconf 82' lang='lat' dir='ltr'><strong>tilium</strong></span> <span class='ocrx_word' id='word_1_330' title='bbox 309 2376 615 2435; x_wconf 88' lang='lat' dir='ltr'><strong>portenderet,</strong></span> <span class='ocrx_word' id='word_1_331' title='bbox 646 2378 758 2418; x_wconf 78' lang='lat' dir='ltr'><strong>falsa</strong></span> <span class='ocrx_word' id='word_1_332' title='bbox 779 2382 898 2418; x_wconf 87' lang='lat' dir='ltr'><strong>esset</strong></span> <span class='ocrx_word' id='word_1_333' title='bbox 920 2389 1010 2415; x_wconf 88' lang='lat' dir='ltr'><strong>mea</strong></span> <span class='ocrx_word' id='word_1_334' title='bbox 1033 2376 1117 2416; x_wconf 90' lang='lat' dir='ltr'><strong>ioci</strong></span> <span class='ocrx_word' id='word_1_335' title='bbox 1140 2376 1303 2419; x_wconf 79' lang='lat' dir='ltr'><strong>Genes.</strong></span> <span class='ocrx_word' id='word_1_336' title='bbox 1323 2377 1473 2428; x_wconf 85' lang='lat'><strong>21,12.</strong></span> <span class='ocrx_word' id='word_1_337' title='bbox 1492 2378 1635 2435; x_wconf 88' lang='lat' dir='ltr'><strong>expli-</strong></span> 
     </span>
     <span class='ocr_line' id='line_1_40' title="bbox 89 2431 1635 2492; baseline 0.001 -17"><span class='ocrx_word' id='word_1_338' title='bbox 89 2461 92 2464; x_wconf 34' lang='grc' dir='ltr'>ι</span> <span class='ocrx_word' id='word_1_339' title='bbox 130 2435 265 2478; x_wconf 19' lang='lat' dir='ltr'><strong>teatio</strong></span> <span class='ocrx_word' id='word_1_340' title='bbox 296 2441 501 2491; x_wconf 88' lang='lat' dir='ltr'><strong>recteque</strong></span> <span class='ocrx_word' id='word_1_341' title='bbox 531 2434 648 2475; x_wconf 86' lang='lat' dir='ltr'><strong>beati</strong></span> <span class='ocrx_word' id='word_1_342' title='bbox 676 2431 921 2476; x_wconf 85' lang='lat' dir='ltr'><strong>Abrahami</strong></span> <span class='ocrx_word' id='word_1_343' title='bbox 952 2432 1085 2473; x_wconf 84' lang='lat' dir='ltr'><strong>liberi</strong></span> <span class='ocrx_word' id='word_1_344' title='bbox 1102 2431 1409 2489; x_wconf 85' lang='lat' dir='ltr'><strong>judicarentur</strong></span> <span class='ocrx_word' id='word_1_345' title='bbox 1430 2439 1635 2492; x_wconf 76' lang='lat' dir='ltr'><strong>quotquot</strong></span> 
     </span>
     <span class='ocr_line' id='line_1_41' title="bbox 140 2488 1635 2546; baseline 0.001 -14"><span class='ocrx_word' id='word_1_346' title='bbox 140 2490 207 2533; x_wconf 63' lang='lat' dir='ltr'><strong>ab</strong></span> <span class='ocrx_word' id='word_1_347' title='bbox 225 2491 475 2533; x_wconf 79' lang='lat' dir='ltr'><strong>Abrahamo</strong></span> <span class='ocrx_word' id='word_1_348' title='bbox 490 2505 624 2546; x_wconf 77' lang='lat' dir='ltr'><strong>yenus</strong></span> <span class='ocrx_word' id='word_1_349' title='bbox 643 2495 856 2545; x_wconf 78' lang='lat' dir='ltr'><strong>repetunt.</strong></span> <span class='ocrx_word' id='word_1_350' title='bbox 915 2488 1040 2543; x_wconf 68' lang='lat' dir='ltr'><strong>Quae</strong></span> <span class='ocrx_word' id='word_1_351' title='bbox 1073 2503 1204 2545; x_wconf 89' lang='lat' dir='ltr'><strong>quum</strong></span> <span class='ocrx_word' id='word_1_352' title='bbox 1237 2490 1297 2531; x_wconf 87' lang='lat' dir='ltr'><strong>ita</strong></span> <span class='ocrx_word' id='word_1_353' title='bbox 1318 2491 1430 2543; x_wconf 85' lang='lat' dir='ltr'><strong>sint,</strong></span> <span class='ocrx_word' id='word_1_354' title='bbox 1459 2489 1635 2545; x_wconf 58' lang='lat' dir='ltr'><strong>Meyer&amp;</strong></span> 
     </span>
     <span class='ocr_line' id='line_1_42' title="bbox 141 2545 1633 2604; baseline 0.002 -16"><span class='ocrx_word' id='word_1_355' title='bbox 141 2548 508 2604; x_wconf 81' lang='lat' dir='ltr'><strong>explicationem:</strong></span> <span class='ocrx_word' id='word_1_356' title='bbox 549 2549 593 2590; x_wconf 82' lang='lat' dir='ltr'><strong>in</strong></span> <span class='ocrx_word' id='word_1_357' title='bbox 624 2547 778 2589; x_wconf 73' lang='lat' dir='ltr'><strong>Isaaco</strong></span> <span class='ocrx_word' id='word_1_358' title='bbox 805 2545 886 2588; x_wconf 89' lang='lat' dir='ltr'><strong>tibi</strong></span> <span class='ocrx_word' id='word_1_359' title='bbox 918 2546 1083 2602; x_wconf 81' lang='lat' dir='ltr'><strong>aliquis</strong></span> <span class='ocrx_word' id='word_1_360' title='bbox 1113 2546 1233 2588; x_wconf 84' lang='lat' dir='ltr'><strong>filius</strong></span> <span class='ocrx_word' id='word_1_361' title='bbox 1270 2546 1498 2590; x_wconf 74' lang='lat' dir='ltr'><strong>vocabitur</strong></span> <span class='ocrx_word' id='word_1_362' title='bbox 1526 2549 1558 2591; x_wconf 94' lang='lat' dir='ltr'><strong>i.</strong></span> <span class='ocrx_word' id='word_1_363' title='bbox 1590 2562 1633 2591; x_wconf 84' lang='lat' dir='ltr'><strong>e.</strong></span> 
     </span>
     <span class='ocr_line' id='line_1_43' title="bbox 151 2603 1631 2660; baseline 0.002 -14"><span class='ocrx_word' id='word_1_364' title='bbox 151 2603 333 2647; x_wconf 83' lang='lat' dir='ltr'><strong>Isaacus</strong></span> <span class='ocrx_word' id='word_1_365' title='bbox 362 2606 400 2646; x_wconf 86' lang='lat' dir='ltr'><strong>is</strong></span> <span class='ocrx_word' id='word_1_366' title='bbox 427 2606 538 2657; x_wconf 91' lang='lat' dir='ltr'><strong>erit,</strong></span> <span class='ocrx_word' id='word_1_367' title='bbox 575 2605 650 2660; x_wconf 87' lang='lat' dir='ltr'><strong>qni</strong></span> <span class='ocrx_word' id='word_1_368' title='bbox 684 2604 802 2646; x_wconf 82' lang='lat' dir='ltr'><strong>iilius</strong></span> <span class='ocrx_word' id='word_1_369' title='bbox 821 2609 923 2645; x_wconf 83' lang='lat' dir='ltr'><strong>tuus</strong></span> <span class='ocrx_word' id='word_1_370' title='bbox 943 2608 1121 2644; x_wconf 79' lang='lat' dir='ltr'><strong>vocetur</strong></span> <span class='ocrx_word' id='word_1_371' title='bbox 1146 2610 1192 2644; x_wconf 87' lang='lat' dir='ltr'><strong>et</strong></span> <span class='ocrx_word' id='word_1_372' title='bbox 1211 2610 1496 2657; x_wconf 85' lang='lat' dir='ltr'><strong>agnoscatur:</strong></span> <span class='ocrx_word' id='word_1_373' title='bbox 1529 2620 1566 2646; x_wconf 82' lang='lat' dir='ltr'><strong>v.</strong></span> <span class='ocrx_word' id='word_1_374' title='bbox 1585 2605 1631 2649; x_wconf 83' lang='lat'><strong>8.</strong></span> 
     </span>
     <span class='ocr_line' id='line_1_44' title="bbox 151 2658 1630 2719; baseline 0 -17"><span class='ocrx_word' id='word_1_375' title='bbox 151 2668 197 2702; x_wconf 87' lang='lat' dir='ltr'><strong>et</strong></span> <span class='ocrx_word' id='word_1_376' title='bbox 224 2663 267 2704; x_wconf 81' lang='grc'><strong>9.</strong></span> <span class='ocrx_word' id='word_1_377' title='bbox 299 2662 473 2703; x_wconf 87' lang='lat' dir='ltr'><strong>minime</strong></span> <span class='ocrx_word' id='word_1_378' title='bbox 504 2662 745 2719; x_wconf 83' lang='lat' dir='ltr'><strong>postulant.</strong></span> <span class='ocrx_word' id='word_1_379' title='bbox 815 2660 932 2702; x_wconf 86' lang='lat' dir='ltr'><strong>Male</strong></span> <span class='ocrx_word' id='word_1_380' title='bbox 965 2658 1141 2703; x_wconf 60' lang='lat' dir='ltr'><strong>Resclm</strong></span> <span class='ocrx_word' id='word_1_381' title='bbox 1183 2661 1225 2702; x_wconf 79' lang='lat' dir='ltr'><strong>in</strong></span> <span class='ocrx_word' id='word_1_382' title='bbox 1248 2659 1399 2704; x_wconf 80' lang='lat' dir='ltr'><strong>Isauco</strong></span> <span class='ocrx_word' id='word_1_383' title='bbox 1430 2662 1493 2715; x_wconf 87' lang='lat' dir='ltr'><strong>(b.</strong></span> <span class='ocrx_word' id='word_1_384' title='bbox 1516 2676 1556 2704; x_wconf 90' lang='lat' dir='ltr'><strong>e.</strong></span> <span class='ocrx_word' id='word_1_385' title='bbox 1578 2676 1630 2703; x_wconf 88' lang='lat' dir='ltr'><strong>eo</strong></span> 
     </span>
     <span class='ocr_line' id='line_1_45' title="bbox 153 2717 1631 2775; baseline 0 -17"><span class='ocrx_word' id='word_1_386' title='bbox 153 2717 270 2774; x_wconf 83' lang='lat' dir='ltr'><strong>quod</strong></span> <span class='ocrx_word' id='word_1_387' title='bbox 302 2717 480 2760; x_wconf 77' lang='lat' dir='ltr'><strong>isaacus</strong></span> <span class='ocrx_word' id='word_1_388' title='bbox 513 2719 701 2760; x_wconf 89' lang='lat' dir='ltr'><strong>nondum</strong></span> <span class='ocrx_word' id='word_1_389' title='bbox 733 2723 860 2759; x_wconf 84' lang='lat' dir='ltr'><strong>natus</strong></span> <span class='ocrx_word' id='word_1_390' title='bbox 891 2722 1164 2769; x_wconf 83' lang='lat' dir='ltr'><strong>arcessetur,</strong></span> <span class='ocrx_word' id='word_1_391' title='bbox 1206 2723 1254 2758; x_wconf 88' lang='lat' dir='ltr'><strong>ut</strong></span> <span class='ocrx_word' id='word_1_392' title='bbox 1289 2733 1384 2760; x_wconf 87' lang='lat' dir='ltr'><strong>esse</strong></span> <span class='ocrx_word' id='word_1_393' title='bbox 1425 2718 1631 2775; x_wconf 87' lang='lat' dir='ltr'><strong>incipiat)</strong></span> 
     </span>
     <span class='ocr_line' id='line_1_46' title="bbox 152 2772 1631 2826; baseline 0 -10"><span class='ocrx_word' id='word_1_394' title='bbox 152 2775 274 2816; x_wconf 83' lang='lat' dir='ltr'><strong>iilius</strong></span> <span class='ocrx_word' id='word_1_395' title='bbox 294 2776 374 2816; x_wconf 87' lang='lat' dir='ltr'><strong>tibi</strong></span> <span class='ocrx_word' id='word_1_396' title='bbox 398 2775 647 2825; x_wconf 71' lang='lat' dir='ltr'><strong>vocabitur,</strong></span> <span class='ocrx_word' id='word_1_397' title='bbox 680 2781 726 2816; x_wconf 88' lang='lat' dir='ltr'><strong>ut</strong></span> <span class='ocrx_word' id='word_1_398' title='bbox 760 2779 988 2825; x_wconf 85' lang='lat' dir='ltr'><strong>nascatur;</strong></span> <span class='ocrx_word' id='word_1_399' title='bbox 1027 2772 1275 2826; x_wconf 81' lang='lat' dir='ltr'><strong>cf.1,239..</strong></span> <span class='ocrx_word' id='word_1_400' title='bbox 1331 2774 1447 2817; x_wconf 84' lang='lat' dir='ltr'><strong>Nam</strong></span> <span class='ocrx_word' id='word_1_401' title='bbox 1476 2774 1631 2816; x_wconf 81' lang='lat' dir='ltr'><strong>isaaco</strong></span> 
     </span>
     <span class='ocr_line' id='line_1_47' title="bbox 151 2830 1628 2886; baseline 0.001 -13"><span class='ocrx_word' id='word_1_402' title='bbox 151 2836 269 2886; x_wconf 28' lang='lat' dir='ltr'><strong>nato,</strong></span> <span class='ocrx_word' id='word_1_403' title='bbox 290 2831 415 2876; x_wconf 85' lang='lat' dir='ltr'><strong>Deus</strong></span> <span class='ocrx_word' id='word_1_404' title='bbox 450 2833 697 2876; x_wconf 75' lang='lat' dir='ltr'><strong>mandatum</strong></span> <span class='ocrx_word' id='word_1_405' title='bbox 733 2831 854 2876; x_wconf 86' lang='lat' dir='ltr'><strong>dedit</strong></span> <span class='ocrx_word' id='word_1_406' title='bbox 888 2830 1146 2874; x_wconf 74' lang='lat' dir='ltr'><strong>Abrahanio</strong></span> <span class='ocrx_word' id='word_1_407' title='bbox 1183 2831 1346 2878; x_wconf 80' lang='lat' dir='ltr'><strong>GeueS.</strong></span> <span class='ocrx_word' id='word_1_408' title='bbox 1378 2834 1540 2886; x_wconf 76' lang='lat'><strong>21,12.</strong></span> <span class='ocrx_word' id='word_1_409' title='bbox 1573 2832 1628 2874; x_wconf 81' lang='lat' dir='ltr'><strong>cl.</strong></span> 
     </span>
    </p>
   </div>
  </div>
 </body>
</html>
