1715 3115
456 137 617 183 CAP.
646 137 746 184 lx.
795 136 888 183 Vs.
914 137 958 183 3.
989 163 1042 171 -
1071 138 1134 183 5..
1466 143 1552 185 265

86 249 293 303 coeloque
322 251 540 302 receptum
573 245 616 286 in
648 244 878 301 pristinam
900 243 1158 297 dignitatem
1181 244 1379 287 restitui-t
1399 247 1554 290 rebus-

87 320 174 363 que
213 302 438 351 omuibus,
485 302 644 357 quibus
671 302 925 358 priusquam
968 302 1093 342 homo
1128 311 1255 343 natus
1285 310 1399 344 esset
1427 318 1554 360 prae-

88 363 269 412 fuisset,
316 374 362 401 se
389 363 567 415 excepto
596 359 806 416 praefecit
838 357 953 400 Phil.
972 359 1013 409 2,
1034 360 1075 400 9.
1096 372 1163 414 sq.
1204 358 1314 415 Eph.
1339 361 1378 412 1,
1395 362 1465 404 20.
1487 378 1557 419 sq.

87 421 115 462 l
135 417 236 462 Cor.
260 416 406 468 15,25.
427 415 570 472 sq..*)
627 415 724 459 Jam
756 414 1113 472 quemadmodum
1146 417 1202 456 ab
1230 417 1400 458 bomine
1431 425 1555 461 ortus

86 480 205 518 recte
241 473 367 516 bomo
403 471 589 524 dicitur,
638 472 738 527 quia
770 471 959 512 hominis
993 478 1116 513 satus
1139 473 1349 514 humanae
1376 482 1557 517 naturae

88 531 308 590 particeps
337 530 478 571 factus
497 535 590 580 est,
619 529 726 570 licet
755 527 872 569 lilius
893 542 915 568 a
942 529 1080 585 patris
1105 535 1211 570 nutu
1230 536 1274 571 et
1295 532 1556 575 auctoritate

88 594 209 631 totus
234 585 447 644 pendeat,
487 586 548 627 ita
581 583 736 627 Paullo
763 584 1004 628 Iohannem
1028 586 1105 628 Ev.
1127 588 1165 637 l,
1185 590 1222 630 l.
1244 586 1433 631 imitanti
1457 604 1558 631 con-

86 658 258 687 cessum
289 650 384 686 erat
413 641 639 685 Christum
666 648 710 684 et
736 638 846 683 θεόν
871 649 916 683 et
943 641 1021 683 ἐπὶ
1050 639 1225 683 πάντων
1253 641 1363 686 θεόν
1385 659 1556 690 vocare.

87 701 203 744 Erat
223 700 338 743 enim
366 696 500 748 θεός,
542 700 645 754 quia
673 698 760 741 Dei
793 705 893 740 satu
922 697 1111 741 divinam
1139 704 1337 743 naturam
1375 704 1562 746 sortitus

91 765 213 809 erat,
260 763 304 800 et
353 755 429 798 ἐπὶ
474 753 650 797 πάντων
701 751 834 804 θεός,
886 755 1088 810 quoniam
1123 755 1314 798 divinam
1361 767 1561 803 naturam

92 814 298 870 adeptum
320 811 521 855 omnibus
544 813 676 854 rebus
698 813 821 853 Deus
842 813 1055 868 praefecit
1086 812 1181 856 Col.
1203 815 1241 866 l,
1263 815 1330 858 15.
1351 830 1419 872 sq.
1447 817 1564 873 pr.

93 872 226 923 l,21.
254 885 344 926 sq..
401 867 560 926 Neque
594 874 690 910 erat
727 867 866 910 Paulo
906 868 1202 921 metuendum,
1242 885 1294 913 ne
1337 871 1563 916 Christum

91 925 200 970 θεόν
216 941 254 969 s.
274 925 350 969 ἐπὶ
367 927 543 968 πάντων
566 924 673 967 θεόν
698 925 961 982 appellando
991 926 1033 968 in
1056 925 1348 983 Polytbeismi
1368 945 1563 974 errorem

93 984 240 1026 delabi
270 989 384 1025 recte
413 981 760 1025 existimaretur.
832 981 947 1024 Nam
977 982 1052 1024 τὸν
1080 983 1190 1026 θεόν
1208 987 1396 1028 omnium
1418 1002 1564 1030 rerum

93 1047 316 1082 auctorem
346 1045 390 1080 et
415 1040 751 1092 gubernatorem
782 1038 865 1080 ista
886 1041 1182 1096 appellatione
1213 1043 1386 1085 minime
1418 1051 1566 1087 sustu-

94 1097 252 1149 lisset,
293 1095 371 1137 sed
398 1097 439 1138 ei
466 1096 764 1138 secundm-ima
794 1098 1007 1151 quendam
1030 1097 1171 1139 Deum
1200 1098 1443 1142 addidisset
1464 1102 1505 1146 h.
1525 1117 1566 1147 e.

96 1167 254 1196 numen
284 1153 456 1194 divinae
488 1152 658 1207 quidem
687 1155 868 1193 naturae
895 1153 1139 1211 particeps,
1181 1155 1256 1196 sed
1287 1157 1403 1213 quod
1423 1160 1564 1201 omnia

96 1211 178 1252 τοῦ
209 1211 322 1251 θεοῦ
348 1210 608 1250 auctoritate
640 1216 869 1265 perageret
894 1224 1033 1266 neque
1075 1210 1309 1268 quidquam
1342 1229 1421 1256 suo
1450 1217 1568 1257 arbi-

97 1271 218 1308 tratu
246 1279 400 1321 gerere
431 1273 584 1323 posset
612 1267 672 1320 (v.
702 1264 802 1309 Job.
831 1267 867 1317 1,
888 1267 927 1310 1.
958 1268 1014 1309 cl.
1044 1269 1213 1320 14‚28..
1257 1271 1281 1312 l
1305 1269 1408 1315 Cor.
1435 1274 1501 1326 11,
1524 1274 1568 1318 3.

102 1324 172 1374 15,
192 1324 265 1365 27.
297 1323 404 1378 sq.).
473 1321 773 1364 Nihilominus
816 1321 1002 1366 Paulum
1043 1338 1124 1366 non
1165 1326 1305 1368 solum
1346 1343 1567 1386 nunquam

98 1375 209 1421 θεόν
238 1379 462 1422 Christum
491 1378 681 1431 dixisse,
722 1378 798 1420 sed
831 1380 989 1432 etiam,
1038 1382 1246 1435 veritum,
1298 1398 1350 1427 ne
1369 1385 1457 1428 Dei
1479 1402 1570 1428 ma·

93 1436 299 1494 jestatem
324 1436 615 1489 imminuerit,
645 1436 705 1476 ita
731 1436 854 1477 illum
870 1436 1015 1480 dicere
1036 1439 1374 1495 reformidasse,
1402 1449 1570 1485 certum

101 1498 194 1536 est:
232 1507 316 1549 quo
338 1507 420 1534 uno
440 1492 511 1548 pia
532 1493 616 1534 ista
640 1493 947 1548 interpretatio
973 1496 1154 1540 corruit.
1213 1496 1383 1556 Nempe
1413 1501 1488 1542 ubi
1518 1499 1571 1545 P.

99 1549 245 1592 Deum
265 1564 359 1591 cum
383 1548 562 1592 Christo
583 1551 829 1606 componit,
859 1550 981 1592 illum
1007 1552 1147 1594 Deum
1168 1558 1340 1608 patrem
1365 1562 1572 1612 nostrum,

101 1607 214 1647 hunc
247 1606 460 1649 dominum
497 1611 687 1648 nostrum
725 1607 870 1648 ,lesum
910 1607 1126 1651 Christum
1154 1616 1277 1652 vocat
1304 1612 1433 1656 Rom.
1467 1616 1505 1663 l,
1526 1617 1571 1659 7.

102 1663 126 1704 1
147 1661 252 1705 Cor.
276 1663 367 1715 1,3.
391 1663 538 1711 15,47.
558 1663 586 1703 2
602 1661 703 1705 Cor.
718 1664 808 1713 l,2.
828 1663 923 1716 4,5.
944 1665 1045 1708 Gal.
1059 1666 1152 1718 1‚3.
1171 1667 1285 1724 Eph.
1306 1671 1399 1722 l,2.
1419 1670 1462 1722 4,
1475 1671 1516 1714 5.
1528 1675 1572 1717 6.

100 1717 223 1762 Phil.
246 1719 342 1771 l,2.
371 1718 399 1759 2
417 1719 580 1762 Thess.
605 1721 646 1772 l,
662 1720 704 1762 2.
733 1719 761 1761 2
779 1719 900 1765 Tim.
920 1722 959 1773 l,
979 1722 1021 1765 2.
1040 1723 1116 1767 al..
1189 1724 1288 1769 Jam
1332 1741 1461 1783 quum
1512 1730 1576 1772 ihi

104 1790 301 1832 quoque,
347 1775 423 1816 ubi
447 1775 634 1818 divinam
665 1776 823 1818 Christi
848 1777 1122 1831 majestatem
1150 1782 1357 1836 celebrat,
1387 1784 1498 1826 nibil
1520 1785 1575 1829 P.

118 1832 321 1884 ›ostulet,
359 1831 446 1872 nisi
478 1837 526 1872 ut
551 1829 703 1886 κύριον
730 1846 828 1874 esse
845 1831 1015 1889 Ἰησοῦν
1037 1834 1236 1891 Χριστόν
1265 1839 1336 1895 pie
1358 1839 1576 1884 fateamur

148 1889 225 1929 hil.
254 1889 296 1939 2,
318 1889 412 1939 11.,
460 1888 505 1928 in
541 1893 716 1944 promtu
754 1895 847 1942 est,
895 1892 1164 1947 Apostolum
1209 1894 1433 1938 Christum
1467 1901 1577 1941 θεόν

103 1945 329 2003 appellare
356 1944 693 1986 verecundatum
725 1958 838 1989 esse.
895 1946 1039 1988 Tollit
1060 1962 1229 1992 omnem
1259 1951 1575 1997 dubitationem

104 2003 138 2044 l.
161 2004 185 2043 1
205 2000 308 2044 Cor.
327 2001 368 2052 8,
379 2002 448 2051 6.,
486 2000 561 2042 ubi
591 2015 674 2042 non
705 2001 792 2043 nisi
820 2016 949 2043 unum
973 2017 1070 2046 esse
1091 2006 1196 2046 θεόν
1215 2021 1254 2050 v.
1273 2009 1316 2051 4.
1336 2011 1577 2066 praefatus,

106 2057 282 2099 tametsi
312 2057 437 2098 multi
471 2072 569 2099 esse
598 2057 673 2098 Dii
708 2062 752 2099 et
778 2057 940 2100 domini
975 2073 998 2100 a
1029 2063 1269 2114 gentilibus
1293 2071 1456 2109 temere
1482 2084 1577 2111 cre-

105 2115 266 2156 dantur
286 2120 347 2169 (ν.
369 2114 456 2166 5.),
496 2118 541 2154 at
570 2114 766 2156 homines
796 2115 951 2159 christ.
982 2114 1074 2157 ἕνα
1103 2120 1258 2169 θεόν,
1300 2119 1376 2164 τὸν
1403 2125 1578 2183 πατέρα

105 2172 224 2225 (Col.
245 2172 284 2221 1,
304 2171 393 2218 12.)
424 2176 467 2211 et
487 2169 560 2210 ἕ-’να
583 2168 755 2225 κύριον,
795 2169 960 2226 Ἰησοῦν
983 2171 1179 2226 Χριστόν
1209 2192 1445 2231 agnoscere
1471 2196 1510 2224 v.
1533 2186 1578 2225 o.

105 2226 323 2285 adjungit.
363 2226 876 2283 Cf.etiainEpli.⁴l·‚5.G..
935 2225 1101 2272 Paulus
1121 2232 1272 2286 igitur,
1302 2236 1377 2290 qui
1397 2247 1578 2295 excepto

103 2283 204 2328 Deo
227 2289 351 2342 patre
372 2283 583 2326 neminem
605 2298 743 2340 neque
764 2283 993 2327 dicendum
1021 2301 1160 2346 neque
1185 2292 1412 2336 colendum
1433 2294 1578 2341 Deum

86 2470 89 2472 .
151 2443 189 2486 ³0²)
214 2441 390 2476 Dissensit
417 2440 580 2475 nonnihil
606 2453 624 2474 a
652 2440 762 2474 Paulo
785 2441 978 2478 Johannes.
1025 2444 1091 2478 Ille
1123 2446 1219 2480 enim
1247 2447 1293 2482 ita
1319 2463 1355 2485 se
1382 2450 1581 2496 Christum,

199 2501 309 2533 quum
328 2489 409 2521 Deo
429 2487 676 2521 obsecundans
695 2489 802 2521 bomo
823 2487 920 2522 fieret
935 2514 944 2529 ‚
971 2489 1091 2524 divina
1111 2492 1288 2535 majestate
1315 2497 1514 2545 abdicasse,
1540 2508 1580 2534 ut

198 2546 275 2568 eam
303 2546 374 2567 non
404 2539 607 2577 recepturus
635 2532 780 2574 suisset,
821 2535 885 2567 nisi
914 2534 1010 2569 Deus
1045 2537 1222 2582 singulare
1255 2540 1329 2583 ejus
1364 2544 1580 2590 obsequium

197 2579 327 2625 insigni
355 2579 514 2623 praemio
541 2578 682 2611 allicere
709 2579 905 2620 statuisset,
940 2584 1098 2615 censuit:
1143 2583 1198 2618 hie
1227 2585 1405 2622 Christum
1430 2591 1469 2624 eai
1503 2593 1580 2635 lege

199 2626 302 2659 coelo
322 2623 462 2658 rellicto
483 2624 636 2667 legatum
666 2623 706 2656 ad
725 2624 886 2657 homines
905 2626 1016 2660 abisse
1036 2628 1265 2672 existimavit,
1300 2641 1336 2666 ut
1356 2648 1463 2678 opere
1481 2640 1580 2681 quml

195 2672 296 2704 Deus
314 2669 518 2712 injunxisset
538 2668 887 2713 perfectupristinam
909 2671 1113 2716 (lignitatem
1135 2686 1360 2722 recuperaret
1381 2687 1412 2713 et
1427 2686 1581 2716 coelesti:

199 2715 422 2749 domicilium
451 2719 625 2757 repeteret
649 2715 729 2748 Joli.
751 2715 849 2755 17.4.
871 2715 916 2751 5..
965 2719 1088 2762 Aequo
1120 2720 1226 2764 igitur
1247 2725 1364 2757 animo
1386 2725 1579 2761 [erendum

200 2768 271 2797 est,
305 2760 335 2794 ni
355 2761 432 2805 quis
452 2760 494 2792 de
516 2759 621 2792 rebus
639 2759 763 2793 ‹lixinis
784 2761 968 2795 nobiscum
989 2763 1189 2808 dissentiat,
1220 2781 1330 2812 quum
1353 2783 1395 2804 ne
1415 2774 1577 2818 Apono..

198 2807 313 2841 lorum
331 2804 476 2852 quidem
496 2817 637 2840 sumum
658 2804 764 2842 suerit
784 2807 819 2841 in
838 2808 1006 2852 primario
1025 2806 1078 2844 du(
1111 2818 1189 2848 ,iate
1207 2815 1408 2852 consensio,
