1715 3115
585 154 742 200 CAP.
775 154 870 200 Χῐ.
909 154 1003 201 Vs.
1034 156 1132 202 33..
1514 159 1603 204 553

122 268 268 306 autem
287 261 418 305 simul
443 261 790 320 copiosissimam
814 262 901 305 Dei
928 263 1224 320 opulentiam,
1261 262 1391 306 simul
1420 264 1596 322 penitus

121 321 372 362 abstrusam
401 319 487 361 Dei
518 321 778 377 sapientiam
809 325 852 362 et
881 320 1109 362 scientiam
1136 319 1319 362 laudare
1343 320 1480 364 Paulo
1510 337 1593 365 nou

119 377 294 419 licuerit
315 391 498 433 prorsus
521 391 604 417 non
627 377 846 430 intelligo.
914 376 1030 419 Tum
1052 375 1095 418 id
1119 376 1259 433 ipsum
1287 378 1330 421 b.
1352 378 1384 422 l.
1406 377 1593 422 Paulum

119 435 279 476 secisse
300 448 322 475 c
343 435 641 490 proximorum
663 447 866 474 versuum
889 448 927 476 v.
944 434 1162 478 33.—35.
1182 439 1439 489 argumento
1459 436 1591 479 disci-

120 506 234 536 mus.
281 490 397 532 Nam
422 504 548 532 versu
568 492 639 532 33.
661 488 744 544 (ὡς
763 487 1076 545 αἰέξερεύνητα
1096 491 1210 543 κτλ.)
1231 499 1274 534 et
1292 491 1362 533 34.
1383 493 1589 536 abstrusa

116 548 207 592 Dei
247 547 463 603 sapientia
505 553 548 588 et
587 547 772 587 scientia
811 542 867 601 (ὦ
905 544 1053 599 βάθος
1091 546 1258 602 σοφίας
1287 550 1361 590 καὶ
1391 549 1592 605 γνώσεως

116 603 266 658 θεοῦ),
299 619 427 646 versu
446 603 516 646 35.
537 603 843 660 copiosissima
862 603 946 645 Dei
967 603 1190 660 opulentia
1212 600 1268 659 (ὦ
1285 601 1433 657 βάθος
1450 605 1590 649 πλού-

116 678 196 704 που
215 663 350 709 θεοῦ)
373 668 663 715 exaggeratur
681 663 743 714 (v.
760 660 1083 712 Thmdoretum,
1112 660 1375 716 Benyele'um,
1413 663 1589 707 Weisse-

116 720 231 761 m'mn
254 723 297 759 et
318 717 582 771 Meum-nm).
649 717 835 758 Frustra
858 716 1118 759 Rueck-erius
1143 718 1326 776 objecit,
1364 734 1492 763 versu
1514 723 1585 767 35.

116 790 200 816 non
224 774 308 817 Dei
331 775 596 830 opulentiam
622 774 866 825 illustrari,
907 773 982 814 sed
1003 773 1083 815 hoc
1103 773 1213 828 dici,
1245 776 1441 819 homines
1465 778 1585 822 nulla

116 833 279 876 virtute
291 831 389 873 Deo
409 830 735 872 commendatos
752 845 866 874 esse.
908 829 1023 872 Nam
1038 830 1194 885 Deum,
1216 833 1377 900 quippe
1395 836 1585 878 omnium

114 903 260 930 rerum
290 894 511 930 auctorem
541 892 585 929 et
613 887 858 940 dominum,
897 901 920 928 a
943 888 1112 929 nemine
1132 889 1356 931 beneficius
1377 905 1585 947 provoca-

114 952 205 988 tum
227 946 274 988 in
292 945 488 988 homines
507 944 740 999 benignum
762 959 860 987 esse
881 958 946 989 VS.
966 944 1037 987 35.
1060 949 1104 986 et
1125 945 1195 988 36.
1219 949 1476 1003 exponitur,
1517 949 1583 992 id-

115 1017 200 1060 que
222 1007 473 1061 propterea,
502 1007 551 1044 ut
570 1001 671 1044 iude
692 1002 835 1060 ampla
851 1002 937 1044 Dei
958 1002 1182 1057 opulentia
1206 997 1260 1054 (ὦ
1282 1004 1426 1055 βάθος
1446 1007 1583 1049 πλού·

114 1075 195 1102 του
224 1059 339 1102 θεοῦ
368 1074 407 1104 v.
428 1060 518 1114 373.)
551 1064 765 1116 patescat.
827 1058 982 1115 Neque
1007 1056 1082 1100 καί
1102 1064 1201 1101 ante
1221 1059 1386 1116 σοφίας
1404 1069 1582 1106 nostrae

113 1116 474 1174 interpretationi
501 1115 702 1168 obstare,
750 1116 952 1172 quoniam
982 1120 1058 1157 aut
1089 1110 1122 1156 ὦ
1147 1114 1296 1168 βάθος
1324 1120 1413 1160 καὶ
1443 1120 1583 1163 πλού-

112 1188 193 1215 του
221 1174 295 1215 καὶ
324 1170 490 1230 σοφίας
518 1175 590 1215 καὶ
620 1171 820 1228 γνώσεως
848 1174 964 1215 θεοῦ
973 1203 985 1221 ‚
1035 1167 1170 1229 atq-'vj
1198 1172 1346 1225 βάθος
1369 1174 1580 1228 πλούτου,

113 1228 282 1285 σοφίας
309 1232 398 1272 καὶ
428 1227 628 1284 γνώσεως
655 1231 768 1271 θεοῦ
799 1228 940 1271 Paulo
970 1228 1248 1271 scribendum
1280 1230 1439 1286 fuerit,
1477 1233 1582 1276 Rea·-

111 1286 231 1329 chius
249 1291 368 1329 recte
387 1286 624 1329 contendit.
687 1285 873 1330 Constat
891 1287 1005 1328 enim
1031 1286 1223 1329 Graecos
1245 1287 1286 1328 in
1308 1288 1439 1331 trium
1466 1303 1581 1332 com-

145 1343 332 1385 ositione
370 1343 540 1385 duobus
581 1344 820 1399 postremis
863 1343 1062 1401 copulam
1106 1358 1377 1402 praeponere
1421 1349 1581 1391 solere.

111 1357 243 1444 Rom.
264 1401 305 1454 2,
323 1401 366 1443 7.
388 1398 519 1450 (δόξαν
548 1401 640 1441 καὶ
668 1399 798 1455 τιμῇν
826 1403 917 1443 καὶ
946 1397 1221 1455 ἀφθαρσίαν,
1253 1401 1322 1454 12,
1337 1402 1379 1444 2.
1402 1403 1451 1446 τὸ
1475 1402 1579 1459 άγα-

111 1457 197 1498 aa»
228 1458 317 1499 καὶ
348 1453 583 1511 εὐάρεστον
612 1457 701 1497 καὶ
729 1456 915 1499 τέλειον.
971 1455 1080 1501 Luc.
1099 1457 1141 1508 5,
1165 1459 1232 1501 17.
1262 1480 1319 1489 —-—
1338 1459 1414 1513 τῆς
1446 1461 1578 1503 Γαλι-

112 1510 244 1562 λαίας
272 1514 363 1555 καὶ
387 1510 604 1563 Ἰουδαίας
634 1514 724 1554 καὶ
747 1508 1049 1569 Ἰερουσαλήμ.
1098 1513 1400 1567 Matth.4‚25.
1431 1518 1579 1574 Apoc.

110 1570 153 1622 5,
175 1570 244 1614 12.
281 1569 412 1612 Rom.
435 1572 502 1621 ll,
521 1569 592 1613 36.
634 1568 757 1614 Plut.
781 1569 976 1612 Pericles
998 1586 1036 1614 c.
1058 1571 1128 1614 12.
1157 1596 1210 1602 ——
1229 1595 1284 1603 ·—-
1309 1573 1397 1614 τῶν
1422 1571 1580 1616 πλεόν-

110 1642 198 1668 των
235 1628 327 1669 καὶ
366 1622 680 1684 φρουρούντων
720 1628 812 1668 καὶ
854 1626 1210 1680 στρατευομένων
1238 1653 1315 1670 -.
1392 1628 1578 1675 Lucian.

110 1682 244 1739 Nigr.
274 1698 312 1727 c.
335 1685 405 1727 17.
435 1709 490 1714 —
519 1680 800 1738 συκοφάντας
837 1686 929 1726 καὶ
967 1680 1339 1741 προςαγορεῦσεις
1370 1687 1459 1728 καὶ
1491 1688 1576 1730 δεῖ·

111 1755 200 1781 πνα
228 1740 333 1781 κτλ..
412 1739 707 1797 Explicationi
739 1754 764 1780 a
794 1741 922 1782 nobis
962 1741 1152 1798 rejectae
1189 1747 1280 1782 tum
1313 1743 1416 1784 baec
1447 1757 1577 1799 argu-

111 1802 255 1838 menta
291 1797 492 1848 obstant,
538 1802 629 1837 tum
670 1795 782 1838 illud
822 1801 968 1850 obest,
1019 1797 1134 1854 quod
1164 1796 1252 1839 Dei
1286 1799 1501 1856 sapientia
1534 1810 1579 1844 et

112 1852 295 1895 scientia
318 1854 496 1907 gravius
522 1867 648 1908 quam
670 1867 749 1909 par
767 1858 863 1894 erat
884 1853 1217 1907 distinguuntur
1239 1857 1285 1911 (o
1309 1869 1488 1911 magnas
1510 1857 1577 1900 di-

112 1910 247 1952 vitias
276 1914 365 1951 tum
396 1910 641 1965 sapientiae
665 1916 752 1950 tum
776 1911 985 1953 scientiae
1006 1911 1238 1966 divinael).
1298 1912 1575 1971 Quamquam

110 1967 225 2009 enim
246 1965 386 2020 oocsla
407 1973 448 2007 et
470 1967 622 2020 γνῶσις
645 1966 852 2009 differunt
870 1968 945 2022 (cf.
968 1969 1144 2025 supra),
1185 1974 1328 2011 tamen
1354 1972 1577 2014 vicinitate

110 2024 366 2080 conjunctae
388 2030 504 2065 sunt.
575 2022 730 2079 ltaque
761 2021 837 2065 καί
865 2032 967 2065 ante
997 2024 1162 2080 σοφίας
1189 2028 1387 2068 nonnulli
1415 2031 1576 2072 omise-

111 2088 215 2123 runt
243 2083 316 2135 (Ε.
336 2080 405 2121 32.
439 2080 576 2123 Aeth.
601 2079 736 2133 Vulg.
761 2080 881 2125 Clar.
904 2081 1055 2126 Germ.
1087 2087 1131 2123 et
1157 2085 1357 2125 nonnulli
1391 2083 1480 2129 PP.
1507 2101 1575 2128 ec-

111 2138 264 2189 cles.)‚
305 2137 463 2193 quibus
493 2136 574 2178 ista
607 2137 916 2194 interpretatio
943 2139 1205 2195 placuisset,
1247 2141 1334 2182 nisi
1356 2142 1468 2185 forte
1490 2157 1573 2185 vox

112 2209 216 2236 casu
241 2193 479 2235 intercidit.
539 2189 597 2242 ὡς
621 2190 929 2251 α’νεξερεύνητα
958 2195 1010 2237 τὰ
1037 2193 1228 2251 κρίματα
1257 2194 1416 2253 αὐτοῦ]
1447 2215 1573 2256 qnam

111 2266 192 2293 non
211 2265 435 2304 possumus
463 2251 562 2292 Dee·
592 2251 815 2293 decreta
844 2252 1134 2305 perscrutari!
1173 2252 1248 2308 (τά
1277 2253 1467 2305 κρίματα
1497 2255 1571 2297 αι’·-

111 2308 215 2358 tofi,
246 2311 353 2366 ³⁵2³*-
382 2312 550 2366 ’22:3'72,
580 2308 665 2349 Dei
682 2309 939 2361 sententiae,
968 2310 1166 2361 decreta,
1199 2308 1274 2353 Ps.
1296 2312 1357 2354 19,
1372 2311 1442 2355 20.
1477 2314 1572 2366 119,

110 2374 184 2417 75.
208 2364 354 2430 137.).'
412 2365 496 2415 His
524 2373 670 2415 verbis
698 2387 815 2417 vocc.
847 2367 881 2415 ὦ
906 2371 1051 2426 βάθος
1079 2370 1280 2430 γνώσεως
1305 2379 1418 2418 θεοῦ
1440 2393 1571 2435 expo-

88 2434 291 2474 huntur.
358 2428 544 2472 Penitus
570 2430 760 2472 abditam
792 2431 1018 2473 scientiam
1049 2431 1086 2474 is
1115 2436 1261 2472 teneat
1290 2447 1464 2476 necesse
1489 2441 1572 2488 cst,

110 2487 236 2546 cujus
257 2487 431 2528 decreta
457 2501 578 2527 nomo
600 2502 739 2543 perse:
756 2489 868 2529 :Jtari
891 2489 1048 2545 possit.
1106 2489 1180 2529 καὶ
1206 2483 1306 2544 (ὡς)
1335 2488 1569 2544 ἀνεξιχνία-

113 2557 210 2586 στοι
240 2541 283 2585 αἱ
316 2540 414 2586 ὁδοὶ
444 2542 601 2598 αι’·ιοῦ]
633 2550 672 2585 e!
693 2559 817 2599 ‘sesam
840 2559 919 2585 mm
939 2557 1158 2598 possumus
1180 2545 1293 2598 rius,
1323 2562 1430 2602 {sitas
1451 2550 1570 2590 Deus

64 2639 73 2647 x
110 2600 215 2653 init,
263 2600 305 2642 b.
333 2615 371 2642 c.
402 2600 600 2642 instituta
633 2614 742 2656 quae
770 2601 908 2656 capit,
955 2599 1233 2654 int-estimem!
1308 2602 1392 2644 His
1424 2605 1568 2646 vorbis

111 2669 230 2700 vocc.
260 2651 294 2697 ὦ
320 2656 466 2709 βάθος
495 2657 700 2711 σοφίας
727 2659 839 2698 θεοῦ
864 2658 1162 2701 illustrantur.
1222 2656 1460 2701 Reconditn
1483 2660 1569 2704 Dei

110 2713 325 2768 sapientia
352 2718 436 2757 est.
509 2713 624 2755 Hinc
654 2713 749 2769 ejus
777 2713 963 2755 consilia
991 2713 1210 2754 hominum
1240 2721 1412 2771 captum
1444 2733 1569 2761 exce-

111 2767 222 2809 dunt
249 2782 290 2812 v.
308 2783 346 2814 c.
373 2769 485 2811 illud
518 2769 791 2820 institutum,
830 2768 945 2827 quod
966 2769 1103 2826 cepit,
1132 2775 1180 2810 ut
1200 2784 1348 2811 omnes
1371 2775 1568 2816 nationes

111 2829 336 2882 postremo
357 2825 508 2868 bearet
526 2839 567 2870 τ’.
582 2826 819 2873 :fist-32..
873 2821 942 2870 At
963 2823 1062 2870 ὃὸοί
1079 2839 1195 2874 τινος
1215 2827 1333 2881 νίας,
1361 2842 1466 2883 quas
1487 2835 1566 2877 ali-

159 2891 345 2927 Fritzsohe
367 2891 431 2938 Rp.
449 2894 491 2928 ad
511 2893 614 2928 Rorr.
642 2892 683 2928 P.
703 2893 749 2929 Π.
1118 2880 1159 2924 Ν
1179 2896 1206 2924 n
