1715 3115
482 166 575 210 CA
592 165 643 211 P.
676 164 773 210 xl.
814 163 907 210 Vs.
934 163 1006 208 25.
1036 188 1091 196 —
1119 162 1210 207 2⁷..
1494 163 1577 206 521

106 270 352 316 Christiani
371 276 460 313 tum
483 270 587 323 τοὺς
608 269 695 314 ἔσω
716 273 808 328 (eos
834 270 910 328 qui
931 271 1049 312 intus
1079 269 1203 321 sunt)
1232 267 1300 311 sui
1327 270 1470 311 coetus
1496 267 1578 310 Ιιο-

107 329 244 371 mines
264 333 308 369 et
325 328 428 378 τοὺς
448 326 532 379 ἔξω
562 335 658 383 (eos
691 329 765 385 qui
794 329 904 370 foris
933 329 1056 382 sunt)
1088 327 1278 368 homines
1304 339 1331 367 a
1357 338 1432 367 suo
1460 329 1582 366 coetu

108 385 270 428 alienos
296 385 342 441 (1
372 385 475 429 Cor.
506 386 630 439 5,12.
665 387 756 439 13.)
794 386 889 428 sine
918 385 1006 426 ulla
1035 383 1325 436 ambiguitate
1353 396 1399 423 se
1426 395 1582 424 vocare

62 460 72 469 2
107 447 309 493 censent,
350 448 438 484 tum
466 442 634 486 intrare
663 440 987 497 (εἷςέρχεσθαι)
1016 455 1116 492 eos,
1154 440 1228 496 qui
1259 440 1302 480 in
1334 453 1458 480 suum
1485 452 1585 479 coe-

106 503 200 540 tum
220 499 424 552 veniunt,
453 500 576 542 exire
595 497 876 553 (ἕξέρχεσθαι
896 498 952 540 cf.
978 500 1000 538 1
1023 497 1126 541 Joh.
1145 497 1188 548 2,
1203 497 1270 539 19.
1284 528 1296 549 ‚
1320 509 1586 551 quamquam

107 554 172 597 ibi
192 561 261 596 est
283 554 337 606 ἐξ
363 551 426 611 ἢμ
442 557 507 596 ῶν
532 555 742 610 ἐξῆλθον)
761 569 837 596 eos
858 555 933 611 qui
955 569 1079 596 suum
1111 559 1280 594 coetum
1312 553 1588 609 rellinquunt

108 617 154 653 et
175 610 344 654 Christi
366 615 491 667 signa
513 612 722 654 deserunt
741 612 800 653 ita
821 612 986 664 dicunt,
1005 616 1053 653 ut
1075 611 1189 651 nihil
1207 611 1456 666 suppletum
1471 642 1482 660 ‚
1506 608 1586 650 sed

108 668 191 711 hoc
209 683 339 710 unum
359 669 608 711 meminisse
626 670 815 711 lectores
834 669 998 719 velint,
1029 667 1152 724 loqui
1173 667 1370 708 homines
1391 666 1435 708 in
1451 666 1584 709 Chri-

109 725 168 768 sii
184 730 302 768 coetu
324 727 606 770 constitutos.
663 739 703 769 v.
723 726 795 769 26.
827 727 900 767 καὶ
918 722 1055 780 οὕτω]
1086 729 1215 778 (etque
1232 724 1296 766 ita
1318 723 1348 767 i.
1370 739 1409 767 e.
1439 727 1481 765 et
1510 723 1588 765 hoc

109 781 230 838 facto
251 783 304 836 (i.
319 798 362 840 q.
383 791 426 824 et
447 784 559 824 lacta
579 782 809 839 gentilium
829 787 1030 824 catervae
1049 780 1103 822 ad
1115 780 1285 823 Christi
1299 795 1422 822 sacra
1439 786 1587 821 trans-

111 839 287 894 itione).
354 839 423 884 Cf.
452 840 591 883 chr.
622 841 747 892 6‚15.
778 839 984 897 Xenoph.
1014 838 1165 881 Anah.
1194 837 1343 890 3‚5,6.
1373 835 1486 878 ἀλλὰ
1514 837 1591 878 καὶ

111 890 258 948 ἡμεῖς,
289 892 378 952 ἔφη
391 929 404 949 ,
434 896 626 949 καίωμεν
644 898 736 940 καὶ
755 912 779 939 o
793 894 856 938 ὕτ
869 912 902 937 ω
921 895 1090 938 θᾶττον
1107 895 1371 938 παύσονται.
1430 893 1529 936 Liv.
1545 894 1590 946 9,

111 952 184 994 30.
217 950 306 993 Die
333 952 449 995 festo
479 955 558 996 alii
585 953 699 995 alios
728 968 807 1012 per
833 953 1022 1011 speciem
1051 950 1416 994 celebrandarum
1457 955 1591 992 cantu

110 1008 340 1064 epularum
363 1010 551 1052 invitant
574 1015 618 1052 et
635 1011 805 1054 vino—
823 1035 878 1042 ——
901 1014 1110 1052 oneratos
1128 1009 1330 1066 sopiunt:
1370 1013 1498 1064 atque
1523 1008 1590 1049 ira

111 1064 158 1106 in
179 1065 378 1121 plaustra
407 1082 560 1109 somno
588 1067 758 1111 vinctos
786 1066 1028 1126 conjiciunt
1057 1079 1107 1106 ac
1127 1065 1310 1108 Romam
1338 1064 1593 1121 deportant.

112 1128 159 1163 et
188 1127 280 1166 not.
311 1123 365 1165 ad
394 1125 518 1177 5‚12.
546 1121 758 1180 (1,298.).
813 1122 916 1167 Non
949 1122 1168 1165 debebant
1197 1123 1310 1164 hunc
1337 1122 1592 1164 vocularum

113 1179 189 1220 καὶ
216 1176 333 1221 οὕτω
365 1195 518 1234 usum,
558 1195 644 1238 quo
675 1182 786 1224 nihil
815 1181 983 1223 certius
1013 1185 1104 1232 est,
1151 1178 1414 1221 addubitare
1450 1178 1591 1224 We'nz.

113 1248 158 1292 p.
191 1235 259 1279 13.
289 1244 332 1277 et
363 1236 585 1292 Meyerus.
645 1237 736 1294 Qui
763 1238 848 1280 loci
879 1237 1140 1280 sententiam
1174 1236 1313 1279 libere
1342 1235 1594 1290 descripse-

112 1297 218 1332 runt
235 1306 314 1348 pro
335 1292 450 1335 οὕτω
471 1308 713 1350 synonyma
737 1300 980 1352 posuerunt
998 1293 1099 1335 τότε
1128 1292 1269 1347 (Oriy.
1302 1292 1454 1334 multis
1480 1292 1593 1333 locis

112 1361 155 1390 v.
176 1349 358 1393 c.H0m.
374 1350 458 1394 [V.
473 1351 514 1391 in
529 1350 620 1394 Jer.
638 1351 727 1403 ΙΙΙ,
744 1353 858 1404 Ι47.,
877 1352 1054 1394 Hieron.
1069 1351 1146 1401 al.)
1160 1355 1203 1390 et
1227 1347 1592 1402 sumamma).

115 1402 217 1447 Non
242 1407 378 1457 igitur
403 1409 509 1449 haec
533 1409 769 1450 lectionum
798 1410 881 1450 vim
913 1407 1093 1450 habent.
1153 1402 1448 1461 πᾶςἿσραὴλ]
1480 1410 1596 1447 totus

114 1462 418 1506 lsraelirarnm
454 1465 634 1519 populus
675 1466 706 1509 i.
734 1480 773 1508 e.
808 1465 1011 1522 plerique
1047 1462 1303 1515 israelitae,
1350 1463 1510 1518 quibus
1537 1460 1595 1502 ad

116 1517 286 1561 Christi
306 1535 430 1562 sacra
453 1524 748 1576 transgressis
770 1528 907 1564 totum
921 1521 1230 1564 israelitarum
1254 1520 1463 1576 populum
1482 1519 1597 1560 resi-

117 1575 271 1632 puisse
302 1587 420 1620 recte
445 1579 701 1624 contendas.
769 1579 941 1630 Reiclt„
979 1577 1078 1620 dns.
1107 1582 1151 1618 et
1180 1576 1387 1629 Meyerus
1414 1575 1596 1618 vocibus

117 1629 397 1689 7159²100011JL
416 1640 555 1677 totum
576 1634 885 1678 israelitarum
908 1635 1117 1692 populum
1140 1634 1183 1676 h.
1207 1647 1407 1676 e.omnes
1419 1633 1597 1675 omnino

116 1687 354 1733 Israelitas
386 1707 437 1733 ne
467 1707 552 1733 uno
584 1694 760 1750 quidem
799 1699 980 1750 excepto
1021 1691 1106 1732 dici
1143 1697 1372 1747 putarunt.
1443 1689 1596 1733 Verba

121 1746 229 1793 πᾶς
264 1745 437 1802 Ἰσραήλ
475 1749 586 1790 hanc
625 1765 675 1791 ex
712 1752 957 1792 linationem
997 1749 1174 1790 minime
1210 1751 1411 1804 poscunt.
1479 1745 1597 1789 Nam

121 1801 360 1862 ἓῆζζΐιξῗ-ἒξ
383 1804 556 1858 (LXX.
586 1808 675 1855 πᾶς
696 1805 882 1861 Ισραήλ)
915 1808 937 1847 l
959 1805 1071 1858 Reg.
1095 1806 1161 1855 12,
1177 1806 1215 1846 l.
1242 1805 1271 1845 2
1289 1803 1452 1847 Chron.
1474 1805 1598 1856 12,l.

121 1866 166 1899 et
187 1860 290 1900 aliis
313 1862 342 1903 l.
368 1876 449 1902 non
472 1877 620 1903 omnes
642 1864 816 1904 omnino
838 1863 1073 1903 israelitas
1100 1862 1159 1902 ita
1192 1867 1241 1901 ut
1271 1875 1322 1902 ne
1353 1876 1465 1902 unus
1501 1860 1599 1916 qui-

122 1914 220 1956 dem
255 1931 401 1958 eorum
434 1926 640 1975 exceptus
672 1921 755 1968 sit,
796 1920 871 1960 sed
903 1920 1032 1971 longe
1063 1917 1291 1959 maximam
1324 1918 1479 1974 populi
1517 1918 1599 1962 isr.

124 1978 320 2029 partem,
364 1990 490 2030 quam
523 1990 606 2016 non
635 1977 927 2017 subtilissime
953 1989 1049 2016 cum
1081 1975 1212 2028 vulgo
1240 1975 1429 2031 loquens
1458 1980 1599 2016 totum

123 2031 331 2086 populum
353 2033 495 2073 lacere
525 2031 646 2074 dicas
677 2034 995 2090 complectitur.
1056 2030 1304 2086 Quominus
1333 2036 1477 2073 autem
1504 2032 1601 2073 illis

130 2086 396 2131 VV.'doctis
418 2091 636 2131 assentiar
656 2091 709 2131 iis
729 2090 1001 2143 argumentis
1030 2089 1269 2144 impedior,
1311 2103 1422 2144 quae
1449 2089 1601 2146 paullo

127 2150 228 2185 ante
248 2146 390 2201 posui,
409 2161 539 2201 quum
562 2146 611 2187 τὸ
632 2144 854 2202 πλιζριιιμα
875 2146 960 2187 τῶν
980 2144 1121 2187 ἐθνῶν
1141 2160 1222 2186 non
1241 2146 1461 2200 yente’le'um
1480 2146 1598 2187 nni-

124 2203 449 2244 versitceiem
473 2203 618 2245 valere
641 2204 854 2245 docorem.
916 2201 1150 2244 Praeterea
1176 2201 1477 2243 Helu-acorum
1498 2217 1602 2259 pro-

125 2258 305 2314 phetae,
349 2274 458 2315 quos
489 2258 537 2304 P.
565 2260 776 2301 divinitus
807 2260 1071 2301 constitutos
1102 2260 1337 2311 magistros
1368 2265 1601 2300 veneratus

125 2321 215 2368 est,
245 2329 326 2356 non
352 2316 553 2357 omnibus
572 2318 745 2359 omnino
767 2317 973 2369 Iudaeis,
1003 2316 1079 2357 sed
1102 2317 1189 2373 piis
1210 2316 1506 2358 tautummodo
1529 2330 1601 2357 sa-

124 2371 262 2412 lutem
306 2372 619 2415 denuntiarunt
657 2389 796 2430 neque
833 2388 980 2415 omnes
1012 2372 1246 2414 israelitas
1287 2373 1599 2428 poenitentiam

88 2465 91 2467 .
127 2433 302 2470 acturos
324 2445 421 2471 esse
445 2431 556 2471 haud
576 2432 761 2472 obscure
782 2431 1055 2483 indicarunt,
1096 2444 1135 2472 v·
1155 2429 1247 2473 Jes.
1269 2431 1420 2482 5221.
1442 2431 1599 2482 59,20.

129 2485 250 2536 1,27.
272 2501 386 2543 sqq..
445 2487 577 2530 Adde
599 2488 713 2544 quod
738 2487 890 2540 Philo,
922 2488 996 2544 qui
1021 2500 1098 2544 spe
1122 2485 1349 2528 Paullinae
1370 2493 1601 2544 exspecta-

128 2543 237 2584 tioni
259 2544 391 2584 simili
416 2550 591 2586 tenetur
619 2551 679 2599 (v.
713 2546 872 2600 infra),
918 2559 999 2585 non
1031 2558 1180 2585 omnes
1211 2545 1385 2585 omnino
1407 2543 1601 2587 judaeos

129 2599 442 2654 poenitentiam
479 2609 654 2644 acturos
697 2617 795 2644 esse
831 2601 1081 2643 subindicat
1116 2599 1185 2641 De
1223 2600 1600 2642 exsecrationibus

129 2668 174 2710 p.
192 2655 293 2701 436.
314 2658 425 2699 intra
447 2657 619 2715 Illany..
669 2659 966 2715 σωθήσεται]
988 2653 1268 2714 σωθήσηται
1291 2657 1442 2709 Vulg„
1463 2657 1601 2709 Clam,

133 2710 310 2768 Germ„
340 2714 551 2768 Hieron„
581 2717 803 2768 August„
834 2714 1152 2757 Ambrosiast..
1211 2714 1461 2756 HocMillio
1476 2712 1598 2756 Prol.

132 2769 174 2820 ξ.
195 2769 292 2812 449.
313 2773 475 2813 rectius
497 2772 635 2814 visum
658 2779 721 2814 est
743 2772 837 2824 „ob
859 2771 1123 2829 praecedens
1144 2773 1354 2812 aoristum
1375 2769 1599 2826 εἷςέλθῃ.”

135 2825 182 2869 ls
203 2826 297 2885 ipse
318 2830 531 2873 Aoristus
550 2829 680 2884 lecit,
710 2835 755 2873 ut
779 2829 1040 2873 somnolenti
1062 2828 1235 2873 librarii
1264 2828 1527 2886 σωθήσῃαι
1555 2828 1596 2871 in
