1715 3115
527 183 685 230 CAP.
719 183 814 231 XI.
857 184 950 231 Vs.
985 184 1078 230 1⁵..
1451 183 1539 227 483

72 287 98 347 ἦ
127 288 408 348 πρόςληψις]
439 290 537 335 scil.
566 287 710 334 αὐτῶν
734 291 1019 347 pervicacium
1041 290 1301 333 Jmlaeorum
1320 290 1366 333 in
1386 289 1537 333 amici-

71 348 179 391 tiam
205 353 247 390 et
275 348 457 391 tutelam
479 349 677 402 recepte'o.
739 347 862 404 Quos
888 348 1010 389 Deus
1031 347 1205 388 abdicat
1223 361 1298 388 eos
1316 346 1372 388 ab
1391 360 1439 388 se
1460 346 1536 388 de-

69 405 200 462 pellit
219 401 494 458 (ἆπωῧεῖῑαι
514 419 554 449 ν.
578 407 617 449 1.
650 407 672 446 1
694 404 815 448 Sam.
837 405 904 456 12,
916 405 1025 457 22),
1053 409 1204 445 contra
1227 418 1337 460 quos
1360 403 1405 444 in
1426 403 1535 445 ami-

68 475 215 503 corum
242 475 466 502 numerum
491 467 702 516 aggregat
721 468 764 503 et
784 466 936 502 tuetur
955 475 1029 501 eos
1050 460 1225 516 bem'yne
1243 460 1301 502 ad
1319 475 1364 502 se
1381 460 1537 514 recipit

67 515 476 572 (noogia‘up’ciretm
499 520 523 559 1
545 518 664 561 Sam.
684 519 753 570 12,
772 518 882 571 22.).
941 516 1151 560 Chariton
1175 516 1217 569 8,
1237 516 1280 559 2.
1311 515 1388 559 οὐκ
1416 515 1534 558 ἐάσω

69 575 116 616 δὲ
140 571 248 626 ὕμᾶς
266 576 537 630 μετανοῆσαι
555 575 674 615 θεῶν
700 571 815 627 ὑμᾶς
838 573 1307 626 προς).αμβανομένων.
1366 571 1442 616 Ps.
1462 573 1534 627 26,

69 632 139 674 10.
171 626 195 672 ὁ
223 627 373 686 κύριος
404 627 704 685 προςελάβετό
733 645 802 682 με.
865 629 941 673 Ps.
961 631 1032 684 65,
1050 631 1092 673 4.
1117 625 1337 683 μακάριος
1364 628 1414 671 ὃν
1442 628 1534 677 ἐξε-

68 685 178 736 λέξω
206 687 279 727 καὶ
308 686 598 741 προςελάρὀυ.
641 688 709 740 17,
731 689 802 730 17.
841 688 912 740 72,
930 686 1004 730 24.
1057 686 1186 729 Rom.
1209 687 1278 738 14,
1299 687 1343 728 3.
1383 686 1451 738 15,
1471 688 1533 732 7..

66 743 394 786 Contumacinm
425 742 691 786 Iudaeorum
723 744 767 785 in
798 743 989 786 divinam
1019 744 1206 798 gratiam
1239 743 1534 799 receptionem

65 801 109 841 in
141 814 192 841 eo
223 801 410 856 positam
439 801 532 841 fore
558 799 813 859 P.judicat,
853 800 969 857 quod
991 800 1117 842 Deus
1139 799 1387 841 hominibus
1408 799 1463 840 ab
1484 814 1532 842 se

66 856 285 898 induratis
309 856 533 897 emendata]
559 858 787 909 gentilium
809 857 1089 899 multitudine
1110 856 1361 898 libertatem
1384 855 1534 899 reddi-

64 919 194 955 turus
220 913 278 955 sit
307 927 346 956 v,
365 913 460 965 25„
498 915 583 969 qual
612 915 838 970 sapienter
865 914 934 957 usi
965 929 1105 970 neque
1133 913 1362 964 gentilium
1385 927 1533 955 exem-

63 971 138 1026 plo
166 968 443 1012 mediocriter
469 973 670 1013 commoti
692 970 870 1014 Christo
889 970 1017 1012 fidem
1040 970 1235 1012 habituri
1256 971 1347 1012 sint
1376 973 1438 1024 (v.
1458 971 1531 1015 26.

63 1029 134 1070 30.
162 1026 271 1079 31.).
340 1026 706 1070 Commemoravit
734 1029 870 1083 igitur
897 1030 992 1084 Ap.
1020 1026 1310 1083 pervicacium
1339 1025 1533 1070 Judaeu-

63 1098 158 1124 rum
179 1084 222 1125 in
244 1082 333 1124 Dei
352 1084 542 1126 favorem
563 1085 852 1142 receptionem
874 1099 954 1142 pro
974 1098 1122 1126 eornm
1143 1083 1250 1137 fide,
1288 1098 1359 1136 re,
1400 1099 1530 1140 quam

63 1141 140 1181 illa
166 1140 361 1197 paritura
385 1148 518 1185 esset.
586 1140 771 1183 Paulum
795 1142 897 1197 quia
918 1146 1103 1183 mentem
1126 1141 1168 1181 in
1192 1140 1530 1183 similitudinem

62 1211 86 1237 a
110 1199 245 1238 ramis
265 1197 499 1239 ducendam
524 1213 562 1241 r.
582 1201 647 1241 17.
670 1213 769 1255 sqq.
785 1198 876 1256 jam
897 1197 1162 1239 intendisset
1182 1211 1299 1240 vocc.
1319 1197 1397 1252 τῆς
1415 1197 1531 1240 ἀπο-

61 1254 199 1309 βολῆς
235 1259 280 1294 et
314 1255 393 1308 τῆς
428 1252 727 1309 προς).ήψεως
766 1255 969 1310 posuisse
999 1253 1180 1308 Ille-‘sero
1216 1268 1301 1295 non
1340 1254 1529 1308 largior.

62 1309 177 1352 Nam
201 1310 346 1352 verbis
370 1325 409 1355 v.
430 1313 498 1354 16.
519 1314 592 1353 καὶ
615 1307 653 1352 εἰ
676 1309 699 1368 ἡ
723 1311 823 1367 ῥίζα
844 1310 972 1366 ἁγία,
1003 1310 1078 1352 καὶ
1101 1307 1142 1352 οἱ
1162 1307 1318 1352 κλάδοι
1339 1311 1529 1365 primum

60 1366 272 1409 invitatus
302 1368 382 1409 11:⁴10
412 1367 702 1410 similitudine
731 1383 837 1410 usus
865 1374 934 1410 est
962 1383 1002 1410 v.
1025 1368 1092 1410 17.
1116 1381 1202 1423 sq..
1264 1365 1351 1422 ζωὴ
1381 1366 1428 1409 ἐκ
1459 1383 1527 1410 νε-

61 1424 193 1479 κρῶν]
231 1422 377 1466 Primo
400 1424 451 1466 de
472 1425 684 1466 formulae
706 1425 901 1477 ratione,
929 1423 1088 1465 deinde
1112 1423 1164 1464 de
1187 1421 1283 1479 ejus
1305 1438 1438 1465 sensu
1459 1424 1528 1465 di-

59 1480 240 1522 cendum
259 1487 343 1524 est.
381 1482 591 1524 Animum
613 1482 656 1523 in
678 1482 727 1523 est
748 1481 938 1523 advertit
954 1480 1167 1522 abstracti
1187 1480 1375 1521 nominis
1394 1479 1530 1536 (ζωή)

60 1551 156 1578 cum
183 1544 385 1579 concreto
413 1537 614 1593 (νεκροί)
644 1538 920 1595 compositio.
987 1536 1103 1579 Nam
1135 1535 1221 1591 ζωὴ
1251 1535 1298 1578 ἐκ
1325 1538 1527 1579 θανάτου

59 1593 280 1636 abstracta
314 1596 487 1636 nomina
517 1602 559 1636 et
585 1601 786 1636 concreta
824 1593 977 1646 ζῶντες
1010 1591 1057 1635 ἐκ
1089 1593 1251 1648 νεκρῶν
1280 1593 1526 1636 consociari

60 1651 220 1694 solent.
289 1651 457 1694 Tribus
493 1652 633 1695 modis
666 1652 853 1693 formula
886 1649 1082 1708 expediri
1110 1656 1275 1707 potest.
1350 1650 1526 1692 Etenim

62 1705 150 1763 ζωὴ
181 1706 229 1749 ἐκ
256 1710 418 1762 νεκρῶν
445 1709 592 1750 valere
626 1715 772 1765 potest
800 1708 840 1751 Ι.
863 1708 998 1750 vitam
1026 1721 1084 1748 ex
1109 1706 1286 1748 mortuis
1306 1706 1525 1761 pullulan-

60 1767 146 1804 tem
168 1778 205 1806 s.
223 1766 499 1817 exorientem,
528 1766 684 1817 vitam,
714 1767 757 1806 in
779 1779 906 1820 (suam
928 1763 1084 1805 mortui
1096 1777 1238 1804 eornm
1259 1769 1378 1805 statu
1397 1776 1523 1815 pror-

59 1833 132 1859 sus
161 1824 417 1861 commutato
445 1826 647 1862 vocantur
673 1822 750 1875 (cf.
768 1822 809 1872 6,
833 1822 900 1864 13.
931 1819 978 1862 ἐκ
1004 1819 1166 1874 νεκρῶν
1198 1817 1358 1868 ζῶντας
1385 1825 1430 1859 et
1459 1819 1522 1862 ihi

60 1878 195 1929 not.):
251 1874 314 1918 ll.
355 1876 486 1917 ritum
527 1891 584 1917 ex
623 1882 884 1919 mortuorum
923 1880 1076 1917 statu
1112 1873 1282 1928 (Relcle.
1312 1890 1354 1931 p.
1375 1875 1521 1930 380.):

59 1929 155 1974 111.
194 1932 325 1973 ritum
356 1945 414 1973 ex
444 1937 703 1974 morinorum
741 1933 809 1974 vel
844 1936 996 1974 coetu
1032 1931 1101 1973 vel
1140 1931 1249 1971 Ioco
1287 1933 1359 1985 (ex
1395 1935 1522 1987 orco)

59 1989 327 2031 emicantem.
378 1988 446 2031 Cf.
469 1987 515 2030 ἐκ
534 1988 696 2044 νεκρῶν
712 1992 784 2043 (ex
807 1995 1073 2030 mortuorum
1094 1987 1242 2040 coetu)
1262 1985 1521 2043 ἐγείρεσθαι

59 2044 198 2088 Marc.
216 2046 258 2095 6,
274 2046 342 2087 14.
356 2076 367 2096 ,
394 2043 440 2085 ἐκ
460 2044 620 2099 νεκρῶν
641 2045 880 2100 ἀναστῆναι
899 2044 1060 2086 Matth.
1083 2045 1150 2096 17,
1162 2044 1203 2085 9.
1217 2075 1228 2095 ,
1261 2041 1519 2101 ἐγείρεσθαι

59 2099 149 2144 ἀπὸ
177 2103 264 2142 τῶν
288 2099 446 2154 νεκρῶν
473 2103 671 2154 (rellicte‘s
690 2102 869 2143 mortuis
889 2101 943 2142 ad
966 2115 1149 2157 superos
1167 2098 1346 2153 redire).
1409 2099 1519 2142 Pos-

59 2162 161 2200 sunt
188 2158 318 2199 etiam
351 2157 666 2213 quodammodo
695 2157 886 2200 conferri
917 2155 959 2199 οὶ
988 2155 1120 2208 ἰχθῦς
1149 2156 1289 2197 Iocus
1320 2156 1390 2198 ubi
1416 2163 1518 2200 sunt

56 2214 215 2269 pisces,
249 2214 393 2270 sorum
417 2215 675 2268 piscarium,
712 2215 766 2256 τὰ
791 2213 1014 2268 κενέβρεια
1039 2218 1083 2255 et
1107 2213 1286 2256 similia.
1354 2211 1516 2256 Utrum

57 2271 198 2327 prima
220 2286 272 2311 an
295 2271 425 2312 tertia
448 2272 680 2329 explicatio
699 2285 799 2313 vera
822 2272 881 2313 sit
902 2285 982 2312 non
1003 2269 1141 2311 audeo
1162 2269 1420 2323 decernere,
1447 2285 1516 2313 se-

57 2329 240 2369 cundam
263 2328 430 2385 rejicio.
489 2327 584 2371 Jam
605 2343 643 2372 v,
667 2325 753 2383 ζωή
775 2334 819 2369 et
838 2326 982 2382 νεκροί
1002 2326 1192 2384 proprie,
1222 2340 1304 2367 non
1329 2326 1515 2379 figurate

56 2384 264 2440 capienda
295 2390 422 2435 sunt,
462 2390 509 2425 nt
529 2384 793 2428 Iudaeorum
815 2385 856 2426 in
879 2383 1065 2425 divinam
1086 2383 1271 2436 gratiam
1300 2384 1515 2440 receptio-

58 2453 156 2482 nem
186 2441 295 2482 nihil
323 2441 409 2481 nisi
440 2446 697 2483 mortuorum
723 2442 767 2483 in
795 2442 928 2483 vitam
954 2441 1136 2482 reditum
1160 2440 1392 2481 allaturam
1413 2454 1514 2482 esse

58 2495 114 2539 P.
137 2497 324 2539 affirmet
344 2497 506 2552 (Orio,
538 2498 707 2551 Chrys„
741 2497 1015 2548 Theodoret„
1044 2496 1295 2548 Ansclmus,
1324 2497 1515 2549 Erasm„

63 2553 258 2606 Toletum,
288 2554 526 2605 Semterus,
557 2553 728 2606 Reich„
762 2553 884 2604 dm,
922 2551 1149 2606 BIeycrns,
1188 2551 1448 2609 chnfferus
1468 2554 1514 2596 in

58 2609 114 2652 l.:
144 2609 196 2652 de
219 2610 376 2652 biblica
401 2609 511 2664 ζωῆς
531 2608 712 2652 αἰωνίου
731 2611 903 2652 notione
924 2624 966 2666 p.
985 2609 1057 2651 68.
1092 2607 1293 2649 Dresdae
1311 2610 1438 2652 1838.
1468 2610 1514 2654 8.

59 2667 157 2719 ah).
219 2666 454 2708 Memorari
481 2673 623 2706 nutem
652 2673 918 2708 mortuorum
942 2666 983 2706 in
1006 2667 1135 2707 vitam
1157 2664 1341 2706 reditum
1363 2679 1442 2722 pro
1465 2680 1514 2707 re

59 2736 267 2765 summam
283 2723 506 2778 yentililms
524 2721 774 2778 felicitatem
793 2722 981 2764 allatura
1004 2722 1279 2763 manifestum
1299 2728 1380 2764 est.
1421 2721 1513 2776 Qui

59 2779 113 2820 de
128 2777 177 2822 P.
199 2780 412 2821 sententia
433 2781 631 2820 onmilms
649 2780 734 2836 piis
745 2779 1010 2823 Christianis
1027 2793 1191 2819 summe
1209 2778 1429 2819 laetabilis
1444 2779 1512 2819 fu-

60 2841 187 2878 turus
205 2841 289 2881 est.
354 2834 469 2879 Nam
490 2837 577 2878 erit
595 2851 691 2879 cum
712 2851 762 2891 eo
781 2835 1072 2895 sempiternae
1095 2834 1317 2878 beatitatis
1336 2834 1512 2893 adeptio

1059 2889 1212 2936 Hh2
