1715 3115
143 169 230 214 146
429 165 808 211 EPISTOLA
841 166 943 211 AD
975 166 1334 213 ROMANOS

150 269 344 326 iniamus,
384 278 430 315 ut
448 273 579 314 etiam
604 271 861 329 splendidae
882 273 1145 315 conditionis
1165 275 1417 317 societatem
1438 290 1532 319 cum
1558 292 1633 319 eo·

152 333 412 381 habeamus,
443 344 554 374 menn
575 330 647 374 mit
667 334 803 373 anter&
821 331 1032 382 nutteiben,
1072 345 1095 374 ιι
1113 345 1151 373 ιιι
1182 334 1273 385 aud>
1302 332 1610 387 111itner12errtic1>t

150 402 196 445 311
217 389 386 438 werhen)
417 386 556 437 idem,
599 386 736 442 quod,
769 383 893 441 εἴπερ
913 383 1249 439 συμπάσχομεν·
1282 386 1398 430 οὕτω
1429 387 1511 443 γὰρ
1535 392 1610 432 καὶ

151 438 633 497 συνδοξασθησόμεθα,
676 442 763 483 nisi
808 443 922 498 quod
957 442 1068 484 hand
1099 444 1247 499 paullo
1271 445 1446 489 fortius.
1499 445 1608 488 Rem

149 500 474 557 apertissimam
507 514 636 555 quum
669 500 745 539 alii
779 514 860 540 non
891 507 1231 555 perspexerunt,
1267 505 1357 542 tum
1391 502 1608 546 Reichius.

150 557 354 601 Ceterum
378 556 661 596 hereditatem
687 559 931 597 necessario
953 556 1076 596 nohis
1099 556 1256 598 all'erre
1279 558 1321 599 in
1344 558 1427 599 Dei
1455 557 1608 600 liberos

151 614 433 669 adoptionem,
453 627 579 667 (luam
597 612 742 668 adepti
765 613 915 663 simus,
938 615 1025 667 Ap.
1043 613 1215 654 minime
1236 620 1386 667 negat:
1411 614 1519 656 illud
1541 615 1606 655 as-

152 671 322 721 fir-nat,
342 683 420 710 nos
445 683 517 719 re,
547 683 628 709 non
655 670 839 721 nomine,
862 669 1605 725 Deilihorosesseprobandumuo-

150 727 220 768 his
247 740 345 768 esse
370 725 580 766 malorum
610 726 818 767 societate
847 741 941 766 cum
975 726 1152 767 Christo
1182 726 1408 782 conjuncta
1438 727 1501 781 (5,
1521 728 1621 779 4.)-⁴

151 782 240 825 Sed
262 789 308 824 ut
331 780 382 825 P.
403 795 479 823 eos
500 781 798 823 tantummodo
824 783 906 823 Dei
930 782 1167 822 liberorum
1191 782 1291 840 jura
1325 797 1424 824 vere
1452 798 1603 824 conse-

184 846 310 880 uutos
339 853 437 880 esse
465 838 763 890 existimaret,
807 840 880 894 qui
919 839 1182 879 calamitatis
1216 839 1470 880 societatem
1505 854 1601 881 cum

192 896 330 937 bristo
342 895 605 936 conflassent
623 897 684 950 (v.
706 896 733 936 2
752 894 870 938 Tim.
893 896 1013 945 2‚11.
1037 910 1104 950 sq.
1128 896 1181 937 cl.
1204 895 1343 939 zcor.
1367 896 1459 948 1,6.
1485 900 1504 937 1
1522 895 1602 936 Pe·

149 953 210 995 tri
221 953 262 1003 4,
279 953 383 1006 13.)‚
409 952 543 993 multa
566 953 778 1003 fecerunt,
799 951 954 993 Christi
972 952 1226 1004 ammplam,
1250 953 1322 1008 qui
1348 952 1497 993 multis
1512 967 1600 993 ma-

148 1009 335 1065 gnisque
354 1008 528 1065 injuriis
549 1015 592 1049 et
612 1008 886 1049 contumeliis
905 1007 1095 1064 jactatus
1114 1007 1266 1051 Matth.
1286 1010 1510 1064 16,21.sq.
1529 1010 1600 1060 26,

148 1067 220 1118 47,
250 1079 317 1121 sq.
348 1065 511 1106 idcirco
540 1065 763 1105 nonnullis
792 1064 1028 1120 Apostolis
1059 1079 1081 1104 a
1122 1064 1215 1105 Deo
1242 1067 1364 1106 coelo
1396 1071 1599 1121 receptus

148 1135 247 1165 esse
269 1123 388 1163 visus
408 1127 497 1170 est,
529 1128 577 1162 ut
598 1121 779 1162 adversa
804 1122 974 1162 fortuna
989 1153 999 1172 ,
1031 1134 1157 1176 quam
1178 1121 1431 1163 obedienter
1452 1127 1598 1177 pertu-

148 1178 300 1230 lisset,
337 1178 497 1219 eximia
533 1178 737 1219 beatitate
759 1185 1112 1233 compensaretur
1138 1176 1252 1219 Phil.
1272 1179 1313 1230 2,
1325 1179 1367 1221 9.
1399 1178 1535 1221 Hebr.
1554 1179 1597 1229 2,

146 1235 217 1287 9.,
253 1248 277 1275 a
310 1235 469 1290 quibus
497 1233 764 1275 dissentiens
789 1233 1011 1277 Jobannes
1042 1234 1290 1287 Christum,
1327 1236 1426 1290 quia
1452 1234 1598 1276 divina

145 1297 191 1333 et
213 1305 323 1347 quae
343 1291 543 1332 stabilem
565 1292 706 1331 sedem
726 1291 767 1331 in
790 1291 909 1331 coelo
933 1291 1113 1332 haberet
1133 1296 1287 1332 natura
1317 1297 1458 1339 esset,
1494 1305 1596 1332 eon-

145 1348 260 1390 fecto
282 1347 324 1388 in
353 1348 487 1388 terris
515 1348 688 1400 negotio
716 1348 904 1389 debuisse
931 1347 1102 1388 domum
1127 1348 1286 1388 reverti
1312 1348 1352 1390 h.
1374 1363 1412 1391 e.
1437 1349 1477 1388 in
1499 1362 1598 1389 coe-

146 1460 244 1502 bam
271 1461 492 1515 fortunam
517 1460 696 1501 ominati
721 1475 834 1502 voces
856 1460 1032 1514 (Matth.
1053 1461 1093 1511 5,
1116 1462 1180 1502 10.
1204 1475 1271 1516 sq.
1300 1461 1369 1511 20,
1389 1461 1594 1503 23..101=.

145 1517 214 1569 15,
233 1518 343 1567 18.):
372 1522 605 1571 temporum
626 1517 788 1557 ratleo!
800 1517 1127 1559 reinecessitus:
1146 1522 1357 1571 postremo
1369 1517 1593 1558 incredibi-

142 1572 197 1614 lis
216 1572 374 1615 Christi
388 1586 508 1614 amor
525 1577 566 1613 et
586 1573 832 1614 admiratio.
865 1572 976 1612 Nam
999 1587 1128 1627 quum
1150 1573 1245 1612 lieri
1263 1587 1345 1613 non
1362 1574 1593 1628 potuisset,

140 1628 244 1685 quin
266 1627 422 1672 Iudaei
445 1628 669 1683 et‘pagani
698 1642 872 1668 suarum
900 1629 1229 1684 disciplinarum
1260 1643 1481 1669 sacrarum
1516 1629 1592 1669 ad-

141 1685 374 1726 miratione
404 1685 519 1741 eapti
550 1684 714 1739 iniquis
752 1684 794 1724 in
829 1684 995 1725 Christi
1024 1685 1221 1724 alumnos
1252 1685 1410 1726 animis
1442 1691 1591 1726 essent

141 1739 245 1785 Joh.
267 1741 436 1794 15,19.,
467 1740 647 1781 facilein
664 1755 752 1781 eam
768 1740 1009 1796 opinionem
1026 1741 1266 1783 Christiani
1286 1742 1453 1798 delapsi
1475 1748 1590 1792 sunt,

139 1802 292 1839 utnon
324 1797 435 1839 satis
465 1811 694 1851 germanos
715 1796 880 1838 Christi
907 1798 1105 1838 alumnos
1138 1803 1362 1852 putarent,
1400 1798 1473 1853 qui
1504 1812 1588 1838 non

139 1854 357 1906 singulari
381 1853 628 1895 calamitate
660 1853 817 1895 afflicti
845 1861 1009 1895 essent.
1074 1854 1122 1893 Et
1145 1855 1346 1908 quoniam
1371 1854 1587 1896 Christia-

137 1910 184 1951 ni
204 1924 283 1968 pro
306 1924 494 1957 summo.
527 1925 611 1966 quo
633 1910 796 1951 incensi
819 1917 968 1961 erant,
1001 1910 1166 1951 Christi
1191 1925 1338 1951 amore
1364 1911 1475 1951 nihil
1497 1925 1585 1951 ma-

135 1966 205 2019 gis
233 1967 277 2007 in
309 1967 421 2008 votis
450 1966 714 2018 habuerunt,
761 1981 888 2022 quam
922 1974 967 2006 ut
1000 1965 1166 2009 Christi
1193 1973 1355 2009 sortem
1387 1968 1585 2018 adirent,

135 2022 359 2065 Christum
379 2028 520 2064 autem
544 2029 585 2064 et
615 2024 722 2064 mire
743 2027 941 2064 vexatum
965 2038 1059 2063 esse
1074 2024 1396 2078 Hierosolymis
1421 2023 1584 2069 seire-nt

133 2084 181 2121 et
207 2094 304 2121 eum
336 2080 380 2121 in
411 2080 541 2121 vitam
573 2086 819 2132 reversum,
862 2079 1086 2136 utjustam
1118 2080 1313 2120 dolorum
1344 2079 1580 2120 mercedem

133 2135 338 2188 haberet,
377 2135 420 2176 in
449 2136 663 2177 coelestes
693 2136 821 2177 sedes
851 2140 1069 2191 receptum
1105 2150 1202 2177 esse
1232 2136 1300 2192 pie
1328 2135 1581 2187 crederent,

131 2191 263 2234 facile
285 2207 335 2235 eo
356 2192 530 2233 adducti
553 2198 678 2244 sunt,
709 2201 756 2233 ut
779 2207 898 2234 suam
919 2200 1079 2233 sortem
1104 2199 1286 2247 utraque
1301 2191 1465 2233 Christi
1491 2193 1579 2232 sor-

131 2248 236 2290 tuna
266 2249 406 2290 Deum
445 2261 524 2305 per
562 2249 770 2301 ambages
806 2249 1079 2302 significasse
1120 2248 1203 2288 rati
1245 2247 1324 2288 hac
1365 2249 1451 2288 sibi
1481 2249 1577 2300 lege

129 2305 440 2362 sempiternam
461 2305 713 2346 beatitatem
728 2337 739 2357 ‚
770 2306 855 2360 qua
877 2319 971 2344 cum
988 2305 1162 2346 Christo
1182 2304 1446 2355 fruerentur,
1478 2319 1577 2360 spe-

128 2363 309 2403 randam
337 2376 434 2404 esse
496 2367 693 2413 utarent,
735 2366 782 2401 ut
811 2362 856 2402 in
891 2360 1098 2401 adversae
1129 2362 1351 2410 fortunae,
1393 2375 1574 2416 quacum

127 2414 333 2460 Christus
366 2376 637 2459 conliictatus
667 2423 806 2467 esset,
847 2417 1096 2458 societatem
1130 2416 1364 2458 venissent.
1424 2416 1574 2471 Quare

125 2477 169 2515 et
188 2474 345 2527 gaudio
366 2475 662 2523 exsultarunt,
693 2474 730 2514 si
754 2481 931 2529 propter
953 2472 1120 2515 Christi
1150 2473 1422 2528 disciplinam
1444 2487 1574 2514 vexa-

123 2535 279 2571 rentur
298 2531 359 2585 (5,
378 2531 420 2573 3.
444 2531 548 2573 Aet.
568 2530 693 2578 5,41.
727 2528 842 2572 Phil.
861 2531 1025 2581 1‚29.),
1056 2535 1099 2570 et
1122 2543 1196 2570 eos
1217 2529 1430 2579 genuinos
1445 2530 1573 2572 Chri-

122 2586 183 2627 sti
202 2587 402 2627 alumnos
424 2600 519 2627 esse
540 2593 777 2639 negarunt,
817 2587 891 2641 qui
925 2587 1116 2641 pericula
1139 2587 1192 2626 ob
1214 2585 1380 2627 Christi
1397 2600 1572 2628 causam

121 2642 315 2683 obeunda
347 2643 499 2695 ignave
529 2642 896 2696 subterfugerent.
940 2641 989 2683 Ρ.
1014 2642 1184 2696 quidem
1207 2641 1313 2682 adeo
1339 2656 1420 2682 non
1445 2642 1571 2683 dnbi—

118 2699 250 2750 tavit‚
282 2699 386 2754 quin
407 2699 640 2752 Apostolis
671 2713 841 2754 quoque
862 2712 940 2752 pro
960 2696 1128 2739 Christi
1160 2705 1282 2738 coetu
1307 2699 1415 2738 mala
1442 2699 1568 2740 forti-

118 2759 187 2796 ter
221 2753 419 2796 adeunda
460 2760 630 2805 essent,
678 2761 725 2795 ut
758 2753 995 2796 infortunia
1028 2754 1083 2793 ab
1104 2754 1341 2809 Apostolis
1371 2756 1458 2794 lata
1488 2768 1567 2810 pro

113 2811 417 2867 supplementis
441 2809 647 2862 haberet,
687 2811 846 2865 quibus
875 2811 986 2851 mala
1019 2824 1042 2851 a
1064 2808 1245 2852 Christo
1272 2825 1350 2867 pro
1372 2811 1564 2867 discipu-
