1715 3115
568 159 728 206 CAP.
760 160 892 207 Vll.
936 162 1025 207 Vs.
1054 163 1115 205 8..
1526 162 1582 203 37

110 270 279 326 (Bezm
318 267 478 323 Beraq„
520 267 715 321 Reicle.)‚
764 268 879 324 quod
909 268 1093 310 sci-lbere
1127 265 1177 310 Ρ.
1210 265 1444 315 debuerat,
1483 265 1520 306 si
1553 280 1575 305 a

103 326 348 373 lectoribus
377 324 563 377 cogitari
596 325 808 368 voluerat.
868 326 1048 367 Lac-hm.
1082 323 1378 389 interpunxit:
1423 323 1575 374 Χωρὶς

103 381 188 438 γὰρ
223 381 361 434 νόμου
380 377 574 435 ἁμαρτία
594 377 747 434 νεκρά,
792 380 875 435 ἐγώ
899 382 946 423 δὲ
972 379 1080 432 ἕξων
1108 395 1242 436 χωρις
1270 375 1408 430 νόμου
1437 376 1572 418 ποτέ·

104 438 246 494 Quem
279 445 323 479 et
355 437 479 494 prius
511 438 746 478 membrum
777 438 886 478 male
916 437 1178 493 explicuisse
1215 441 1334 492 patet
1364 447 1493 490 quum
1525 427 1573 488 ἦν

103 501 205 553 post
224 493 352 549 νεκρά
372 495 614 550 suppleret,
644 500 688 535 et
706 494 933 536 verborum
954 494 1037 547 ἐγὼ
1059 495 1105 535 def
1128 491 1237 544 ἔζων
1256 499 1339 535 etc.
1359 489 1570 532 rationem

119 566 256 593 varum
279 552 525 608 percepisse
549 553 589 592 in
615 557 785 607 promtu
805 558 888 594 est.
951 547 1100 602 Νόμων
1117 554 1258 590 antem
1278 549 1570 604 interpretare

121 623 237 663 oyem
270 622 397 659 mom,
450 622 532 648 non
564 609 701 659 legem
734 622 1048 663 quamcunque.
1119 606 1230 647 Nam
1264 610 1568 662 praeterquam

103 664 219 720 quod
248 664 290 705 in
322 664 532 720 proximis
565 679 681 707 voce.
713 679 754 708 v·
776 667 842 716 9.,
876 665 1035 720 quilms
1068 669 1314 704 nostrorum
1339 660 1567 703 verborum

102 722 217 763 ratio
242 720 449 774 habetur,
481 722 611 772 νόμος
638 722 777 775 legem
801 736 902 764 mos.
929 720 1144 771 declarat,
1176 721 1314 772 legem
1336 732 1437 760 mos.
1458 714 1566 758 Pec-

101 783 199 820 cato
220 779 349 819 vitam
380 792 428 818 ae
458 777 592 819 robur
620 778 927 835 suppeditasse
957 783 1162 818 constans
1196 774 1322 818 Pauli
1351 772 1566 816 sententia

101 839 173 878 est
214 835 237 875 l
265 834 367 878 Cor.
401 835 468 885 15,
495 836 567 878 56.
601 835 701 878 Gal.
731 836 773 887 3,
804 837 871 878 19.
904 833 1030 876 Rom.
1053 835 1094 884 5,
1123 836 1195 876 20.
1228 832 1356 889 idque
1388 832 1429 873 h.
1461 830 1493 873 Ι.
1524 830 1565 871 ei

102 890 416 933 ostendendum
436 895 548 935 erat.
610 891 663 933 Et
685 892 886 948 (proniani
913 893 1002 947 Ap.
1033 892 1199 931 nullum
1223 894 1392 946 tempus
1413 887 1564 938 fuisse,

102 962 188 1004 quo
211 947 407 988 homines
425 948 543 989 nullst
569 948 663 1001 lege
688 956 957 998 tenerentur,
981 947 1132 988 statuit
1155 948 1196 993 2,
1212 947 1279 989 14.
1303 943 1479 1002 ,jejuna
1495 957 1564 984 sa-

100 1017 155 1047 ne
177 1008 294 1045 esset
316 1004 419 1046 haec
439 1005 709 1047 observatio:
741 1019 837 1046 nam
860 1005 977 1046 nulla}
1000 1005 1094 1057 lege
1114 1004 1202 1044 lam
1228 1001 1454 1044 Peccatum
1476 1000 1562 1042 vite}

99 1060 372 1104 destituitur.
432 1058 525 1102 lmo
555 1061 633 1102 hoc
663 1060 793 1104 dicit:
824 1076 920 1103 nam
952 1062 1011 1102 ita
1033 1075 1105 1102 res
1126 1065 1372 1115 comparata
1396 1062 1486 1108 est,
1516 1061 1564 1098 ut

100 1118 197 1160 sine
218 1116 359 1160 Mosis
392 1117 487 1172 lege
513 1116 693 1160 Peccato
716 1119 804 1159 vita
834 1125 877 1161 et
899 1118 964 1159 vis
989 1123 1033 1158 et
1064 1118 1182 1158 nervi
1213 1117 1355 1158 desint
1383 1121 1443 1166 (v.
1467 1113 1562 1158 Jac-

99 1175 143 1226 2,
164 1175 232 1217 17.
255 1174 327 1217 26.
358 1181 402 1216 et
435 1181 525 1217 not.
554 1174 607 1215 ad
626 1176 668 1227 7,
690 1177 766 1222 1.).
826 1175 1027 1218 Ceterum
1061 1173 1188 1216 Pauli
1218 1172 1430 1214 sententia
1465 1184 1561 1226 per-

99 1232 251 1287 spicua
282 1235 364 1273 est.
425 1231 637 1273 Affirmat
664 1232 778 1273 enim
808 1233 946 1285 legem
979 1246 1085 1274 mos.
1115 1245 1166 1272 eo
1195 1237 1260 1271 tot
1288 1232 1562 1283 peccatorum

99 1290 156 1329 ab
175 1286 357 1332 Iudaeis
379 1291 649 1342 patratorum
670 1295 849 1329 matrem
869 1287 1114 1339 exstitisse,
1146 1286 1260 1342 quod
1284 1287 1362 1335 iis,
1393 1283 1466 1340 qui
1490 1298 1562 1326 ne·-

100 1350 201 1398 gnta
216 1349 457 1401 cuperent,
489 1345 593 1385 vitia
622 1345 845 1386 irritasset
869 1345 1069 1387 vetando.
1128 1343 1216 1386 Sed
1239 1341 1366 1384 Pauli
1391 1346 1562 1382 senten-

98 1402 204 1442 tiam
227 1415 365 1456 neque
387 1402 684 1457 experientiae
713 1402 1034 1454 testimonium,
1072 1399 1125 1442 ad
1158 1399 1271 1456 quod
1302 1399 1564 1454 interpretes

101 1458 231 1512 vulgo
251 1464 503 1515 provocant,
533 1458 748 1509 illustrat,
779 1473 917 1515 neque
939 1459 1030 1500 loca
1053 1458 1225 1514 planam
1242 1457 1421 1507 faciunt,
1451 1468 1561 1510 quae

99 1515 146 1557 in
176 1515 283 1556 hanc
312 1528 402 1556 rem
432 1514 584 1558 citant.
653 1514 834 1557 Scilicet
864 1515 975 1556 nihil
1016 1515 1210 1556 homines
1252 1514 1393 1554 facere
1434 1510 1562 1552 malle

100 1586 228 1629 quam
251 1571 373 1612 nefas
394 1570 649 1624 observant,
686 1576 775 1613 tum
798 1572 924 1637 quia,
967 1587 1096 1628 quum
1127 1572 1270 1625 legum
1301 1570 1467 1611 latores
1493 1581 1563 1608 se-

99 1627 338 1670 cundarum
367 1642 512 1671 rerum
552 1628 702 1670 florem
740 1629 827 1669 sibi
859 1628 1052 1670 invidere
1085 1628 1305 1685 putarint,
1344 1622 1563 1683 jucundas

100 1686 188 1728 sibi
215 1691 259 1727 et
282 1684 413 1726 utiles
437 1699 509 1726 res
536 1699 615 1742 per
636 1685 916 1727 invidentiam
944 1686 1098 1739 negari
1123 1685 1353 1740 opinentur
1379 1680 1563 1734 (Genes-

101 1743 143 1791 3,
163 1743 205 1784 5.
237 1740 367 1784 ovid.
390 1744 495 1785 Am.
515 1744 557 1794 3,
575 1742 618 1795 4,
642 1743 710 1784 17.
771 1741 968 1783 Nitimur
996 1743 1041 1783 in
1073 1743 1252 1784 vetitum
1281 1751 1447 1793 semper
1479 1732 1559 1792 [ἲ]

100 1798 384 1855 cupimusque
405 1806 582 1853 negatug
608 1800 614 1855 Ι
662 1798 737 1840 Sic
757 1798 1003 1840 interdictis
1023 1798 1219 1839 imminet
1236 1809 1366 1848 aeger
1384 1794 1565 1851 aquis.)‚

103 1863 194 1896 tum
225 1855 426 1909 quoniam
455 1856 626 1897 animus
657 1857 869 1897 humanus
897 1856 1053 1897 natura
1080 1859 1310 1896 contumax
1342 1852 1399 1893 sit
1430 1850 1563 1907 ipsis-

105 1924 190 1966 que
214 1911 421 1959 vinculis,
451 1912 564 1953 sicut
585 1912 675 1954 sera
699 1912 860 1963 hestia,
893 1912 1093 1954 irritetur
1116 1909 1372 1963 (Liv.34‚4.
1399 1906 1560 1949 Seneca

103 1969 157 2008 de
179 1966 313 2009 Clem.
340 1968 377 2018 l,
395 1968 465 2010 23.
484 1967 604 2020 21η),
642 1975 730 2009 tum
754 1969 853 2023 quin
877 1969 1070 2009 homines
1097 1982 1241 2009 rerum
1263 1964 1499 2006 arduarum
1519 1967 1564 2004 et

119 2023 448 2063 wriculosarum
471 2023 687 2064 fortunam
704 2025 902 2065 lubenter
919 2029 1086 2065 tentent
1107 2023 1238 2075 (Hor.
1251 2021 1337 2064 Od.
1354 2021 1562 2071 1‚3..36.).

104 2038 222 2122 hinc
246 2093 397 2135 parum
428 2079 580 2135 profici
610 2079 806 2133 legibus,
847 2081 1006 2138 quippe
1038 2094 1147 2135 quae
1176 2092 1312 2134 neque
1344 2078 1561 2118 hominum

104 2136 273 2178 animos
296 2137 526 2178 emendent
547 2141 590 2178 et
611 2135 832 2192 improbos
853 2137 971 2178 viros
991 2135 1044 2177 ad
1066 2137 1209 2177 scelus
1229 2135 1358 2176 etiam
1378 2133 1566 2175 invitent

104 2196 166 2248 (v.
187 2192 390 2248 Thucyd.
408 2194 450 2245 3,
468 2193 541 2236 45.
575 2192 706 2234 Diod.
729 2192 817 2234 Sic.
842 2195 879 2245 l,
896 2194 938 2236 2.
956 2217 1011 2223 —
1037 2190 1115 2248 τήν
1136 2192 1181 2233 δὲ
1202 2189 1469 2243 νομοθεσίαν
1491 2204 1562 2229 κο-

106 2247 277 2301 λάζειν,
310 2246 360 2290 οὐ
393 2249 617 2291 διδάσκειν
644 2246 914 2301 (συμβαίνει)
935 2250 1050 2299 —.).
1109 2250 1175 2290 At
1204 2253 1394 2298 tantam,
1424 2259 1562 2302 ‹luan-

106 2312 194 2347 tam
225 2304 276 2349 P.
308 2305 387 2348 hoc
415 2306 557 2362 capite
585 2305 843 2357 miseratur,
879 2305 1146 2349 Iudaeorum
1184 2303 1422 2360 nequitiam
1447 2317 1561 2347 eam-

106 2377 190 2421 que
208 2367 296 2403 tam
319 2362 405 2404 late
428 2368 646 2419 patentem
678 2367 853 2417 tamque
880 2366 1148 2403 constantem
1173 2359 1365 2416 vulgaris
1393 2359 1468 2401 ille
1487 2359 1566 2399 hoe

107 2419 270 2460 minum
313 2418 357 2459 in
388 2420 520 2460 vetita
566 2420 688 2461 nisus
728 2420 902 2461 elliecre
940 2433 1022 2459 non
1061 2418 1220 2475 potuit.
1286 2415 1460 2473 Quippe
1490 2415 1562 2457 lex

108 2490 277 2532 „neque
294 2475 444 2529 probos
464 2474 633 2531 frustra
646 2474 771 2529 jubet
793 2481 866 2518 aut
889 2480 1019 2526 vetat,
1051 2473 1360 2529 necimprolms
1375 2471 1562 2530 jubendo

107 2535 183 2573 aut:
205 2531 387 2573 vetando
420 2533 594 2573 movet''
623 2532 845 2586 (Lactant.
879 2530 988 2574 lnst.
1009 2534 1051 2580 (3,
1070 2532 1113 2574 8.
1139 2546 1162 2572 e
1189 2531 1280 2573 Cic.
1310 2528 1362 2570 de
1390 2528 1502 2584 Rep.
1534 2528 1567 2571 l.

107 2586 240 2641 HL).
307 2588 364 2629 Et
393 2589 467 2645 qui
506 2601 546 2631 v,
580 2589 648 2633 13.
676 2589 718 2639 5,
749 2591 819 2632 20.
863 2591 883 2629 l
904 2587 1006 2632 Cor.
1035 2588 1103 2640 15,
1122 2588 1191 2630 56.
1224 2587 1324 2628 Gal.
1344 2586 1386 2638 3,
1410 2586 1476 2627 19.
1498 2599 1567 2640 sq.

50 2645 54 2649 ’
110 2644 255 2686 animo
276 2658 297 2684 a
319 2644 633 2702 praejudicatis
646 2645 924 2702 opinionibus
946 2646 1082 2685 libero
1103 2643 1373 2700 expenderit,
1404 2643 1440 2682 is
1454 2639 1568 2682 Pau-

109 2703 200 2742 lum
222 2702 264 2742 in
288 2702 367 2741 haic
398 2703 613 2743 sententis·
646 2702 782 2743 luisse
812 2703 938 2743 facile
966 2701 1206 2754 intelligat:
1238 2699 1378 2742 Deum
1398 2703 1571 2751 praeter

92 2764 296 2800 natm-ae
329 2757 459 2810 leqem
493 2758 765 2807 instituisse,
807 2765 853 2798 ut
878 2757 1227 2800 ‹¹.2·tram·dinm·iu
1256 2754 1464 2811 quzwdum
1495 2768 1572 2806 per

113 2813 257 2858 Musis
281 2815 552 2874 disciplinam
584 2815 629 2859 in
650 2817 896 2862 homiuibus
926 2815 1195 2858 excitaretur
1222 2812 1450 2876 xetit‘orum
1474 2810 1574 2853 lihi-
