1715 3115
4 3032 8 3095 -⁴-
1 2883 8 3027 4——

498 138 592 192 ΟΛ
607 137 658 183 Ρ.
691 137 751 183 X.
800 138 890 182 Vs.
912 139 954 181 6.
977 161 1030 170 -
1055 140 1112 183 8..
1459 138 1544 182 380

79 251 126 291 et
146 245 291 289 maris
309 243 540 304 trajectum
570 259 651 304 pro
681 243 803 287 abitu
835 243 877 286 in
910 244 1006 286 loca
1037 242 1331 286 remotissima
1360 247 1404 285 et
1431 257 1545 300 quae

79 304 149 347 vel
166 302 406 344 difficulter
424 302 556 345 adeas
586 303 654 346 vel
681 302 805 343 adire
835 301 964 357 plane
991 315 1183 356 nequeas
1203 299 1351 342 Moses
1379 302 1544 358 posuit,

77 360 135 404 cf.
165 357 243 402 Pa.
277 359 371 411 139,
384 360 429 404 8.
457 361 615 402 Amos.
647 359 742 411 9‚2.
767 358 810 402 3.
842 357 998 413 Eurip.
1033 356 1198 401 Phoen.
1234 357 1336 401 504.
1405 356 1542 402 Adde

76 415 187 459 Luc.
208 415 411 459 Hermot.
441 431 479 460 c.
507 418 601 467 71.)
634 414 799 457 Paulus
829 421 981 456 contra
1009 429 1033 456 e
1064 413 1149 456 lide
1179 419 1324 455 natam
1348 413 1541 468 Integri-

76 478 212 517 tatem
234 474 483 529 loquentem
512 487 535 513 a
561 472 682 515 Mose
712 471 884 524 induci,
925 485 1037 528 quae
1067 471 1253 512 salutem
1281 471 1540 513 messianam

77 530 349 587 proiectione
369 530 412 571 in
432 530 601 572 coelum
623 534 698 570 aut
715 528 769 569 ad
792 529 957 570 inferos
977 527 1250 582 efficiendam
1273 541 1372 570 esse
1400 533 1545 582 neget,

77 587 264 629 salutem
285 600 362 642 per
383 585 607 629 Christum
629 592 798 644 partam
815 583 900 638 fide
921 599 944 626 a
967 583 1138 628 Christi
1158 585 1396 640 Apostolis
1428 599 1543 626 com·

79 641 321 686 mundanda
339 643 400 685 ali
435 643 577 685 uando
598 642 829 700 parandam
852 655 949 683 esse
968 641 1170 693 affirmet,
1188 642 1376 685 censuit.
1408 641 1545 684 Vete-

77 713 151 743 res
171 658 606 754 Theologiql'aulum
633 699 834 741 idoneum
866 698 1006 740 Mosis
1033 698 1318 754 interpretem
1347 712 1448 740 esse
1477 697 1544 739 di-

78 756 373 814 scendumque
393 771 417 798 a
441 756 580 800 Paulo
599 771 697 799 esse
716 754 920 812 quidnam
943 755 1091 798 Moses
1111 754 1259 796 verbis
1279 754 1372 796 suis
1395 755 1545 812 paullo

79 814 407 857 obscurioribus
441 814 588 855 dicere
619 814 831 855 voluisset
867 811 1187 853 contenderunt
1220 815 1284 865 (v,
1326 810 1451 868 Wolf.
1489 812 1545 853 ad

80 871 176 914 h.1.
207 885 250 927 p.
271 869 410 922 210.).
471 870 600 926 Quod
629 869 820 912 obtineri
856 883 940 911 non
970 882 1101 926 posse
1129 873 1264 924 patet.
1324 867 1439 910 Nam
1468 883 1545 910 ne·

82 942 166 984 que
189 927 318 968 verba
340 927 480 981 Musis
502 942 641 984 neque
664 925 1002 983 disputationis,
1041 939 1171 980 quam
1201 925 1432 979 ingressus
1462 930 1547 978 est,

81 984 198 1026 ratio
219 991 263 1026 et
281 984 512 1027 consilium
536 983 783 1026 Paullinam
803 982 1136 1040 explicationem
1163 982 1397 1039 recipiunt.
1454 980 1549 1024 lta-

83 1055 168 1097 que
188 1047 236 1083 ut
254 1042 411 1083 saltem
435 1047 718 1084 excusaretur
738 1041 857 1097 Ap„
887 1039 963 1095 qui
979 1037 1152 1081 defendi
1170 1052 1256 1080 non
1276 1053 1406 1095 posse
1427 1038 1548 1080 vide-

84 1103 233 1150 retur,
266 1098 344 1139 alii
363 1098 450 1140 alia
471 1098 789 1153 excogitarunt.
847 1097 1076 1150 Knappius
1104 1096 1137 1140 1.
1163 1109 1202 1139 c.
1228 1110 1273 1152 p.
1294 1095 1395 1139 551.
1425 1095 1548 1138 Deu-

82 1155 315 1197 teronomii
334 1155 475 1196 locum
499 1170 580 1197 non
604 1155 770 1196 versari
792 1152 835 1195 in
863 1151 1079 1194 eiusmodi
1111 1157 1393 1206 argumento,
1432 1151 1548 1208 quod

82 1211 212 1264 plane
232 1211 317 1254 alio
337 1225 360 1252 e
381 1226 540 1266 genere
559 1212 643 1263 sit,
671 1226 798 1266 quam
826 1209 1166 1266 disputationem
1189 1207 1464 1263 Paullinam,
1493 1223 1548 1251 ex

84 1281 136 1309 eo
165 1281 219 1324 ap
253 1282 377 1309 arere
405 1268 537 1322 dixit,
578 1267 693 1325 quod
721 1268 919 1308 sincerus
950 1267 993 1307 in
1018 1266 1160 1308 Deum
1190 1280 1312 1307 amor
1340 1266 1434 1308 sine
1463 1265 1550 1319 fide

86 1325 197 1367 Deo
248 1326 368 1367 abita
391 1339 488 1366 esse
519 1329 720 1381 nequeat.
747 1379 757 1389 ⁴
781 1322 924 1391 Quasi
957 1337 1057 1364 vero
1090 1337 1202 1379 quae
1222 1322 1370 1365 Moses
1401 1323 1454 1364 de
1483 1323 1550 1364 di-

46 1409 56 1416 ·
83 1381 260 1436 ligendo
280 1381 379 1424 Deo
399 1381 697 1447 faciendisque
718 1395 812 1438 eJus
834 1395 914 1421 sua
937 1379 1078 1436 ipsius
1097 1380 1228 1436 opera
1259 1380 1550 1436 promulgatis

86 1439 335 1496 praeceptis
354 1437 642 1480 disseruisset
662 1452 705 1479 ιη
728 1438 952 1478 oraculum
972 1435 1026 1478 de
1056 1438 1201 1478 salute
1222 1435 1414 1478 Messiae
1442 1447 1549 1477 teui-

119 1496 269 1538 eribus
297 1510 380 1537 uon
410 1495 637 1546 faciendo,
678 1493 755 1536 sed
786 1493 1004 1535 credendo
1031 1492 1267 1535 obtinenda
1296 1497 1550 1535 convertere

86 1510 229 1596 gaulo
251 1551 412 1594 idcirco
429 1553 648 1594 licuisset.
710 1550 958 1593 Tleoluccins
980 1550 1059 1590 hoc
1087 1549 1328 1592 lectoribus
1359 1551 1452 1591 suis
1479 1564 1550 1591 so-

86 1609 240 1652 latium
267 1608 490 1662 adhibuit,
521 1608 752 1651 exstitisse
779 1607 909 1648 etiam
931 1605 1180 1659 Rabbinos,
1219 1607 1294 1663 qui
1313 1606 1452 1649 Musis
1477 1621 1551 1649 vo-

87 1681 180 1708 cem
207 1668 337 1710 Dent.
358 1667 510 1719 30,st
539 1680 607 1722 sq.
630 1664 818 1707 Messiae
846 1663 1119 1720 temporibus
1148 1669 1347 1706 eventum
1379 1663 1552 1705 habitu-

89 1737 182 1765 ram
215 1737 313 1764 esse
341 1723 615 1764 affirmarent
645 1722 808 1763 collato
839 1721 970 1774 Fuye'o
1001 1726 1045 1761 et
1072 1719 1298 1762 Memsrero
1330 1719 1384 1761 ad
1413 1721 1550 1762 Deut.

90 1780 259 1830 30‚12..
323 1780 390 1821 At
420 1780 626 1820 dixerunt
652 1780 729 1819 hoc
754 1776 947 1820 Ruhbini
977 1775 1028 1817 de
1059 1777 1194 1818 cordis
1222 1777 1553 1827 circumcisione,

93 1850 222 1892 quam
246 1835 390 1877 Moses
412 1834 547 1877 Deut.
565 1835 636 1886 30,
647 1836 690 1878 6.
712 1833 991 1883 memoravit,
1023 1847 1106 1873 non
1129 1832 1183 1874 de
1213 1833 1293 1884 iis,
1326 1847 1437 1888 quae
1457 1832 1552 1873 Μο-

92 1907 165 1934 ses
198 1892 330 1934 Dent.
356 1891 510 1943 30‚11.
532 1913 587 1923 ·—
609 1890 678 1933 14.
707 1889 949 1946 disputavit
977 1893 1038 1943 (V.
1068 1890 1247 1944 Faye'um
1277 1896 1319 1930 et
1341 1889 1552 1931 Mansio-

89 1949 235 1993 ruml.
256 1951 329 1999 c.).
391 1947 481 1989 lmo
505 1946 773 1997 sententiae,
807 1959 934 2001 quam
958 1946 1237 1998 grammatica
1265 1951 1309 1986 et
1340 1946 1550 1987 historica

92 2006 319 2049 verborum
343 2005 628 2046 mosaicorum
652 2001 959 2058 interpretatio
985 2003 1199 2057 postulat,
1231 2003 1454 2043 writatem
1477 2017 1552 2044 ne-

93 2077 178 2119 que
199 2062 419 2116 ignoravit
444 2060 607 2102 Paulus
628 2074 767 2114 neque
791 2059 987 2110 negavit,
1017 2056 1091 2098 sod
1116 2064 1226 2098 tecte
1251 2059 1380 2099 simul
1401 2059 1553 2100 Mosen

91 2120 356 2172 allegoricae
376 2118 680 2174 explicationis
701 2115 857 2172 peritis
879 2129 970 2156 reni
1002 2115 1139 2155 multo
1170 2115 1375 2171 majorem
1405 2116 1554 2156 subin-

92 2176 289 2227 dicasse,
331 2175 625 2227 iutegritatem
664 2178 708 2213 et
745 2172 931 2213 salutem
961 2171 1198 2226 aliquando
1229 2187 1310 2212 non
1338 2172 1555 2224 faciendo,

92 2232 172 2276 sed
190 2232 406 2274 credendo
425 2229 757 2287 comparandam
778 2243 900 2279 esse,
929 2228 1197 2269 existimavit
1226 2228 1412 2282 (Reiclm
1440 2228 1556 2280 (ΗΚ,

93 2288 335 2346 Meyerns).
393 2287 667 2344 Quamquam
697 2300 749 2328 ne
775 2285 1011 2338 allegorica
1042 2284 1215 2339 quidum
1248 2285 1556 2341 interpretatio

94 2349 259 2388 temere
279 2360 302 2386 a
324 2346 578 2388 sollertibus
609 2342 715 2384 viris
745 2342 897 2384 initur.
954 2341 1196 2395 Quaeritur
1226 2341 1362 2393 igitur
1392 2343 1476 2398 quei
1508 2356 1553 2383 re

87 2403 225 2457 'nixus
244 2401 411 2445 Paulus
430 2401 581 2443 Mosen
603 2401 636 2442 l.
662 2414 700 2443 c.
732 2398 776 2440 id
807 2399 950 2455 ipsum
983 2398 1160 2453 oblique
1187 2396 1388 2439 docuisse
1414 2398 1555 2440 credi-

97 2457 236 2512 derit,
265 2458 379 2515 quod
400 2473 495 2500 eum
518 2456 717 2499 docuisse
738 2457 779 2499 h.
810 2456 841 2498 l.
872 2455 1158 2497 asseveravit.
1217 2453 1397 2496 Scilicet
1424 2456 1554 2497 verba

98 2515 236 2559 Dent.
252 2516 324 2570 30,
338 2516 409 2559 14.
430 2513 579 2557 LXX.
600 2508 723 2567 ἐγγύς
740 2526 821 2552 σου
842 2510 936 2553 ἐστὶ
957 2507 1008 2552 τὸ
1033 2510 1152 2565 ῥῆμα
1175 2511 1351 2566 σφόδρα
1365 2542 1375 2559 ,
1408 2509 1458 2554 ἐν
1484 2514 1554 2565 τῷ

100 2570 336 2625 στόματί
385 2585 483 2615 σου
531 2569 622 2611 καὶ
662 2565 717 2611 ἐν
755 2566 817 2623 τῇ
858 2564 1070 2623 καρδίᾳ
1110 2580 1207 2608 σου
1247 2569 1420 2621 egregie
1456 2567 1557 2620 fidei

98 2633 298 2670 naturam
338 2629 580 2686 exprimere
620 2625 660 2667 ei
700 2625 792 2666 visa
831 2631 934 2665 sunt
972 2623 1048 2677 (ci.
1087 2622 1215 2667 Rom.
1249 2624 1355 2673 10,ss
1374 2650 1428 2655 —--
1449 2626 1556 2677 10.).

100 2683 245 2741 Quum
264 2685 399 2740 igitur
422 2685 551 2728 etiam
574 2679 687 2740 quod
708 2681 913 2737 deinceps
935 2678 1083 2721 Moses
1113 2680 1189 2734 τὴν
1221 2678 1334 2735 ζωήν
1361 2680 1418 2722 iis
1447 2683 1555 2722 omi-

100 2748 230 2783 natus
247 2747 329 2794 est,
360 2743 436 2799 qui
458 2755 581 2784 suum
606 2743 880 2795 praeceptum
902 2736 1058 2778 facturi
1079 2741 1243 2789 essent,
1273 2736 1401 2778 etvov
1417 2737 1555 2778 θάνα-

99 2812 176 2841 τον
195 2812 234 2843 e.
252 2798 330 2855 τήν
352 2797 577 2842 ἀπώλειαν
597 2796 655 2839 iis
678 2794 865 2837 minatus
894 2798 983 2847 est,
1022 2792 1098 2849 qui
1126 2796 1404 2852 praeceptum
1431 2808 1555 2836 suum
