1715 3115
817 0 838 34 P

159 170 245 213 390
441 169 820 215 EPISTOLA
850 163 952 215 ΑΒ
983 172 1345 219 ROMANOS

162 273 397 329 migraturi
415 280 564 318 essent
583 275 826 321 Deuteron.
844 279 914 333 30,
929 280 997 324 15.
1019 281 1088 325 16.
1111 282 1204 334 18.,
1234 282 1329 338 Ap.
1348 280 1404 323 ad
1418 282 1636 336 fidemdi·

161 331 326 374 vinitus
347 331 602 388 imperatam
630 334 852 377 commode
882 337 1041 378 referri
1069 338 1389 391 existimasset,
1420 339 1624 395 quando-

163 387 336 444 quidem
358 388 507 430 habita
528 389 637 432 fides
654 391 952 444 integritatem
973 393 1189 451 vitamque
1221 395 1541 452 sempiternam.
1559 396 1624 438 aru

161 446 326 497 ferret,
363 451 519 499 περαίη
541 446 649 487 fides
679 455 898 490 aeternam
930 456 1095 507 pestem
1126 457 1402 507 apportaret,
1446 452 1632 509 oblique*

161 501 317 543 Mosen
344 501 476 542 simul
505 501 668 556 deside
699 505 971 560 hominihus,
1011 514 1058 548 ut
1089 508 1200 549 salvi
1231 514 1400 561 essent,
1447 509 1551 550 olim
1578 509 1624 550 in

162 557 343 601 Christo
376 561 626 615 reponenda
667 561 810 618 iisque
848 562 1086 619 aliquando
1125 578 1147 604 a
1191 562 1356 607 Christi
1388 565 1634 621 Apostolisa

163 613 471 670 praecipienda
494 615 715 658 disserere
735 618 820 660 sibi
842 621 1060 676 persuasit
1080 625 1304 676 totumque
1323 622 1463 663 locum
1487 621 1542 662 ab
1559 635 1627 673 eo,

164 671 241 726 qui
260 672 595 713 reconditiorem
618 673 756 716 Musis
789 683 974 718 mentem
1005 678 1267 730 allegoricae
1296 677 1623 734 interpretatio-

163 727 234 768 nis
255 726 503 785 adjumento
524 731 774 787 perspicere
794 734 1021 785 voluisset,
1051 733 1115 774 sic
1134 747 1180 774 ca
1218 733 1388 775 iendum
1407 748 1506 775 esse
1523 749 1623 776 cen-

164 784 278 826 suit:
319 784 434 839 quod
473 786 556 827 tibi
586 787 715 829 hodie
742 799 1017 846 praeceptum
1045 789 1118 843 (de
1147 790 1174 831 fi
1209 804 1231 831 e
1260 789 1440 833 Christo
1469 790 1624 849 adjun-

164 841 329 894 genda)
352 840 405 882 do
427 856 508 883 non
533 853 744 885 remotum
765 854 832 888 est
851 862 873 886 a
895 855 952 888 te.
1012 845 1115 888 Bon
1134 853 1203 888 est
1229 846 1272 888 in
1300 848 1444 899 coelo,
1484 853 1541 888 ut·
1561 852 1635 888 te·-

163 910 259 938 cum
282 898 473 950 cogites:
501 913 624 942 nemo
647 902 687 941 in
710 903 874 944 coelum
900 902 1105 944 ascendet
1135 906 1306 960 (nempe
1332 909 1381 944 ut
1399 903 1624 946 Christum

164 952 209 994 in
231 953 378 995 orbem
398 964 614 998 terrarum
636 957 838 1012 deducat)
860 959 1043 1015 indeque
1066 959 1107 999 id
1127 959 1444 1015 (scil.,Christo
1464 960 1507 1000 in
1536 967 1632 1000 ter-1

165 1023 259 1050 ram
280 1009 486 1068 deducto)
507 1015 630 1056 nobis
652 1021 795 1071 petet,
836 1024 882 1056 nt
909 1016 1139 1056 audiamus
1167 1022 1211 1057 et
1238 1017 1463 1060 faciamus.
1519 1015 1626 1070 (Ni-

165 1066 322 1107 mirum
343 1076 618 1125 praeceptum
643 1074 695 1112 de
724 1072 807 1113 lide
830 1074 1006 1115 Christo
1037 1072 1231 1113 habenda
1263 1073 1460 1114 homines
1487 1084 1628 1128 neque

164 1123 393 1179 possidere
414 1140 552 1182 neque
573 1127 806 1170 observare
825 1130 948 1186 prius
972 1133 1232 1186 potuerunt,
1271 1143 1399 1185 quam
1419 1127 1624 1172 Christus

165 1193 190 1220 e
225 1182 346 1222 coelo
389 1183 430 1223 in
461 1193 619 1224 terram
653 1186 859 1229 venisset.
932 1184 1208 1242 praecipitur
1236 1187 1347 1226 enim
1377 1185 1624 1227 hominihus

166 1249 192 1276 a
215 1235 383 1279 Christi
407 1241 642 1296 Apostolis
659 1242 769 1283 fides
791 1242 968 1284 Christo
991 1257 1014 1283 e
1041 1243 1161 1283 coelo
1190 1241 1244 1283 ad
1272 1241 1467 1284 homines
1497 1241 1625 1283 misso

166 1291 415 1347 habenda.).
438 1320 446 1328 s
475 1296 629 1353 Neque
650 1299 691 1339 in
714 1299 913 1339 ulteriori
943 1299 1075 1340 maris
1097 1299 1227 1340 litore
1252 1298 1316 1354 (h.
1344 1312 1406 1349 e.‚
1444 1297 1481 1338 si
1508 1297 1623 1353 quod

167 1347 316 1391 Moses
339 1353 632 1396 subindicavit
651 1355 826 1410 planius
846 1355 990 1396 dicere
1010 1356 1246 1412 placuerit,
1284 1355 1326 1396 in
1351 1355 1467 1406 orco)
1495 1368 1624 1410 prae-

165 1412 336 1461 ceptum
358 1408 410 1450 de
429 1409 511 1451 lide
523 1411 702 1453 Christo
722 1412 913 1453 habenda
936 1421 1017 1463 est,
1045 1418 1091 1452 ut
1113 1417 1251 1453 tecum
1273 1415 1477 1467 reputes:
1497 1424 1620 1452 nemo

165 1463 292 1504 nobis
330 1464 373 1505 in
415 1467 605 1509 ulterius
645 1468 780 1510 maris
806 1469 912 1510 litus
942 1469 1243 1524 proficiscetur
1273 1467 1337 1520 (h.
1370 1480 1410 1509 e.
1441 1468 1479 1507 si
1506 1466 1623 1523 quod

165 1517 314 1560 Moses
352 1521 673 1576 adsignificavit
704 1532 903 1581 spectare
931 1525 1147 1576 volueris,
1191 1537 1309 1565 nemo
1335 1523 1379 1564 in
1405 1537 1549 1565 orcum
1577 1537 1624 1565 se
1678 1554 1681 1557 s

165 1574 377 1630 conferet,
407 1581 503 1622 scil.
527 1587 573 1621 ut
594 1580 816 1622 Christum
837 1595 888 1621 ex
917 1581 1071 1622 inferis
1101 1580 1155 1620 ad
1185 1593 1368 1636 superas
1395 1593 1527 1620 auras
1553 1593 1624 1621 re-

164 1629 312 1687 ducat)
334 1643 696 1692 praeceptumque
718 1636 814 1677 inde
832 1636 1032 1692 (Christo
1054 1636 1108 1677 ad
1130 1650 1314 1692 superos
1328 1635 1524 1687 reducto)
1547 1649 1624 1677 no-

164 1686 235 1728 his
271 1689 445 1745 afferet,
489 1699 535 1732 ut
565 1693 607 1733 id
638 1693 866 1733 audiamus
893 1698 935 1733 et
964 1694 1035 1746 (eo
1065 1692 1179 1748 quod
1210 1692 1335 1733 fidem
1366 1691 1623 1744 habeamus)

164 1743 389 1791 faciamus.
447 1750 636 1805 (Nempe
660 1757 934 1804 praeceptum
957 1751 1008 1789 de
1038 1750 1122 1789 lide
1141 1748 1320 1791 Christo
1347 1747 1623 1805 adjungenda

163 1808 253 1840 tum
277 1803 443 1844 demum
465 1805 660 1846 homines
680 1806 907 1861 possidere
927 1814 970 1846 et
992 1805 1171 1860 exsequi
1203 1812 1457 1860 potueruut,
1490 1818 1621 1860 quum

165 1855 370 1901 Christus
391 1875 443 1901 ex
463 1861 617 1903 inseris
638 1862 680 1902 in
705 1863 835 1903 vitam
858 1862 1093 1902 restitutus
1117 1866 1248 1903 esset.
1307 1859 1422 1901 Nam
1443 1859 1622 1902 Christo

163 1915 208 1956 in
249 1916 377 1957 vitam
408 1925 607 1959 revocato
637 1917 812 1959 tradere
841 1923 1078 1972 coeperunt
1107 1917 1320 1974 Apostoli
1350 1916 1622 1970 evangelium

163 1970 354 2029 fideique
374 1973 642 2015 christianae
665 1980 710 2015 et
731 1975 985 2029 primarium
1011 1981 1141 2030 caput
1162 1979 1207 2014 et
1236 1974 1370 2014 robur
1395 1988 1445 2014 ac
1472 1972 1622 2014 firma-

163 2037 351 2069 mentum
373 2037 440 2071 est
462 2029 630 2072 Christi
658 2031 827 2072 reditus
858 2032 899 2072 in
929 2031 1057 2071 vitam
1083 2032 1188 2072 Act.
1206 2029 1330 2080 2,31.
1360 2033 1450 2085 sq.)
1477 2028 1622 2070 Valde

161 2085 451 2142 propinquum
479 2087 560 2127 tibi
589 2096 866 2144 praeceptum
898 2087 951 2127 de
979 2086 1064 2127 lide
1095 2087 1137 2126 in
1159 2084 1338 2128 Christo
1367 2085 1620 2126 collocanda

162 2145 254 2193 est,
293 2141 334 2182 in
358 2157 432 2183 ore
453 2150 528 2184 tuo
558 2151 601 2184 et
631 2151 803 2200 pectore
835 2151 909 2184 tuo
939 2151 1030 2195 est,
1078 2147 1127 2183 ut
1155 2142 1196 2183 ei
1225 2141 1472 2183 satisfacias
1501 2141 1623 2197 (scil.

160 2201 252 2237 tum
281 2197 407 2239 fidem
439 2199 661 2251 habendo,
700 2206 789 2240 tum
821 2199 947 2240 fidem
978 2198 1223 2256 profitendo
1256 2199 1312 2240 cf.
1341 2196 1469 2240 Rom.
1501 2198 1622 2244 10,9.1

161 2254 268 2298 10.).
328 2254 473 2311 Hujus
494 2257 738 2297 sententiae
762 2271 970 2297 summam
989 2262 1033 2297 et
1063 2255 1343 2312 paucioribus
1375 2268 1501 2309 quam
1520 2253 1618 2296 Mo·-

160 2323 232 2350 ses
256 2304 404 2352 verbis'
421 2313 514 2368 Ap.
535 2314 784 2368 complexus
805 2318 872 2353 est
903 2318 945 2352 et
975 2312 1114 2363 magis
1144 2309 1402 2367 perspicuis.
1460 2308 1618 2366 Itaque

159 2372 207 2406 ut
229 2365 366 2408 Mosis
391 2382 509 2409 mens
531 2383 553 2408 a
578 2369 732 2424 quovis
751 2368 1050 2437 perciperetur
1072 2368 1199 2423 plana
1219 2365 1348 2408 verba
1370 2367 1518 2422 posuit
1536 2379 1618 2423 pro

158 2423 375 2475 ambiguis
394 2424 470 2480 (cf.
502 2438 541 2468 ν.
563 2427 605 2466 6.
633 2422 692 2478 μὴ
727 2424 856 2481 ειῖττῃς
887 2423 930 2465 ἐν
959 2425 1011 2478 τῇ
1038 2421 1198 2480 καρδίᾳ
1226 2436 1306 2464 σου
1335 2428 1378 2461 et
1407 2436 1446 2465 v.
1475 2424 1519 2466 7.
1549 2420 1617 2471 τίς

157 2476 542 2534 καταβήσεται
587 2478 668 2528 εἰς
705 2478 811 2535 τῆν’
837 2473 1127 2532 ἷὶβυσσονς)
1174 2485 1218 2520 et
1255 2478 1462 2534 perplexa
1490 2491 1618 2520 voca-

155 2533 255 2575 bula
279 2535 656 2591 interpretationis
679 2535 921 2594 adjectione
941 2535 1183 2577 illustravit
1201 2536 1262 2588 (v,
1275 2547 1317 2576 ν.
1329 2536 1371 2576 6.
1390 2532 1505 2576 τοῦτ’
1521 2533 1618 2576 ἔστι

156 2588 355 2641 Χριστὸν
383 2593 638 2646 καταγαγεῖν
670 2593 725 2634 cl.
758 2607 798 2636 v.
827 2594 870 2634 7.
900 2598 944 2634 et
974 2593 1055 2645 8.).
1115 2590 1258 2646 Quum
1291 2588 1342 2632 P.
1372 2589 1524 2632 Mosen
1553 2589 1617 2631 ita

155 2646 351 2699 cogitare
379 2649 568 2689 vetuisse
599 2649 920 2691 existimasset:
972 2662 1095 2689 nemo
1124 2648 1167 2688 in
1200 2646 1365 2687 coelum
1395 2645 1618 2697 ascendet,

155 2706 204 2742 ut
225 2701 403 2744 Christo
425 2703 468 2743 in
491 2711 651 2745 terram
673 2704 858 2746 deducto
878 2713 1154 2760 praeceptum
1173 2700 1224 2742 de
1240 2700 1349 2755 fide,
1388 2703 1474 2759 qua
1497 2703 1614 2744 inte-

153 2757 291 2812 yritas
313 2764 357 2800 et
375 2760 498 2801 salus
519 2765 698 2815 paretur
713 2793 726 2814 ,
763 2761 818 2801 ad
842 2762 1034 2802 homines
1055 2763 1281 2815 apportet,
1318 2759 1398 2800 hoc
1432 2756 1618 2800 interdi-

156 2819 272 2855 ctum
312 2815 366 2871 τῇ
406 2814 453 2857 ἑκ
489 2829 684 2866 πιστεως
721 2813 996 2873 Δικαιοσύνῃ
1033 2816 1228 2858 tribuere
1265 2828 1349 2857 non
1386 2813 1618 2862 dubitavit.
