<?xml version="1.0" encoding="UTF-8"?>
<!DOCTYPE html PUBLIC "-//W3C//DTD XHTML 1.0 Transitional//EN"
    "http://www.w3.org/TR/xhtml1/DTD/xhtml1-transitional.dtd">
<html xmlns="http://www.w3.org/1999/xhtml" xml:lang="en" lang="en">
 <head>
  <title>
</title>
<meta http-equiv="Content-Type" content="text/html;charset=utf-8" />
  <meta name='ocr-system' content='tesseract 3.04.00' />
  <meta name='ocr-capabilities' content='ocr_page ocr_carea ocr_par ocr_line ocrx_word'/>
</head>
<body>
  <div class='ocr_page' id='page_1' title='image "./pauliadromanosep02frituoft/pauliadromanosep02frituoft_0537.png"; bbox 0 0 1715 3115; ppageno 0'>
   <div class='ocr_carea' id='block_1_1' title="bbox 465 144 1572 192">
    <p class='ocr_par' dir='ltr' id='par_1_1' title="bbox 465 144 1572 192">
     <span class='ocr_line' id='line_1_1' title="bbox 465 144 1572 192; baseline 0.003 -3"><span class='ocrx_word' id='word_1_1' title='bbox 465 146 557 190; x_wconf 77' lang='lat' dir='ltr'><strong>CA</strong></span> <span class='ocrx_word' id='word_1_2' title='bbox 578 146 627 190; x_wconf 80' lang='grc' dir='ltr'><strong>Ρ.</strong></span> <span class='ocrx_word' id='word_1_3' title='bbox 661 144 755 190; x_wconf 80' lang='lat' dir='ltr'><strong>xl.</strong></span> <span class='ocrx_word' id='word_1_4' title='bbox 801 146 890 190; x_wconf 84' lang='lat' dir='ltr'><strong>Vs.</strong></span> <span class='ocrx_word' id='word_1_5' title='bbox 921 146 1000 189; x_wconf 79' lang='lat'><strong>25.</strong></span> <span class='ocrx_word' id='word_1_6' title='bbox 1034 172 1085 178; x_wconf 81' lang='lat'><strong>-</strong></span> <span class='ocrx_word' id='word_1_7' title='bbox 1116 146 1205 190; x_wconf 86' lang='lat'><strong>27..</strong></span> <span class='ocrx_word' id='word_1_8' title='bbox 1486 150 1572 192; x_wconf 77' lang='lat'><strong>523</strong></span> 
     </span>
    </p>
   </div>
   <div class='ocr_carea' id='block_1_2' title="bbox 88 251 1583 2870">
    <p class='ocr_par' dir='ltr' id='par_1_2' title="bbox 97 251 1578 706">
     <span class='ocr_line' id='line_1_2' title="bbox 98 251 1570 310; baseline -0.001 -13"><span class='ocrx_word' id='word_1_9' title='bbox 98 252 328 297; x_wconf 87' lang='lat' dir='ltr'><strong>istimavit.</strong></span> <span class='ocrx_word' id='word_1_10' title='bbox 389 251 656 308; x_wconf 75' lang='grc' dir='ltr'><strong>γέγραπται]</strong></span> <span class='ocrx_word' id='word_1_11' title='bbox 690 252 856 295; x_wconf 87' lang='lat' dir='ltr'><strong>Citavit</strong></span> <span class='ocrx_word' id='word_1_12' title='bbox 878 254 968 310; x_wconf 83' lang='lat' dir='ltr'><strong>Ap.</strong></span> <span class='ocrx_word' id='word_1_13' title='bbox 991 252 1141 296; x_wconf 81' lang='lat' dir='ltr'>Lxx.</span> <span class='ocrx_word' id='word_1_14' title='bbox 1161 252 1254 297; x_wconf 84' lang='lat' dir='ltr'><strong>Jes.</strong></span> <span class='ocrx_word' id='word_1_15' title='bbox 1273 252 1456 305; x_wconf 80' lang='lat'>59‚20.‚</span> <span class='ocrx_word' id='word_1_16' title='bbox 1494 254 1570 297; x_wconf 87' lang='lat' dir='ltr'><strong>sed</strong></span> 
     </span>
     <span class='ocr_line' id='line_1_3' title="bbox 98 306 1576 368; baseline 0 -16"><span class='ocrx_word' id='word_1_17' title='bbox 98 311 251 368; x_wconf 78' lang='lat' dir='ltr'><strong>paullo</strong></span> <span class='ocrx_word' id='word_1_18' title='bbox 279 309 466 351; x_wconf 76' lang='lat' dir='ltr'><strong>liberius</strong></span> <span class='ocrx_word' id='word_1_19' title='bbox 493 317 624 365; x_wconf 86' lang='lat' dir='ltr'><strong>atquc</strong></span> <span class='ocrx_word' id='word_1_20' title='bbox 657 311 741 362; x_wconf 82' lang='lat' dir='ltr'><strong>ita,</strong></span> <span class='ocrx_word' id='word_1_21' title='bbox 779 315 827 351; x_wconf 92' lang='lat' dir='ltr'><strong>ut</strong></span> <span class='ocrx_word' id='word_1_22' title='bbox 859 323 899 353; x_wconf 81' lang='lat' dir='ltr'><strong>v.</strong></span> <span class='ocrx_word' id='word_1_23' title='bbox 927 311 999 352; x_wconf 79' lang='lat'><strong>27.</strong></span> <span class='ocrx_word' id='word_1_24' title='bbox 1027 324 1066 353; x_wconf 82' lang='lat' dir='ltr'><strong>v.</strong></span> <span class='ocrx_word' id='word_1_25' title='bbox 1101 306 1207 350; x_wconf 71' lang='grc' dir='ltr'><strong>ὅταν</strong></span> <span class='ocrx_word' id='word_1_26' title='bbox 1231 307 1468 364; x_wconf 68' lang='grc' dir='ltr'><strong>ἀφέλωμαι</strong></span> <span class='ocrx_word' id='word_1_27' title='bbox 1496 311 1576 360; x_wconf 73' lang='grc' dir='ltr'><strong>τὰς</strong></span> 
     </span>
     <span class='ocr_line' id='line_1_4' title="bbox 99 362 1576 424; baseline -0.001 -15"><span class='ocrx_word' id='word_1_28' title='bbox 99 364 320 421; x_wconf 75' lang='grc' dir='ltr'><strong><em>ἁμαρτίας</em></strong></span> <span class='ocrx_word' id='word_1_29' title='bbox 347 362 490 408; x_wconf 69' lang='grc' dir='ltr'><em>αὐτῶν</em></span> <span class='ocrx_word' id='word_1_30' title='bbox 519 381 567 407; x_wconf 79' lang='lat' dir='ltr'><strong>ex</strong></span> <span class='ocrx_word' id='word_1_31' title='bbox 604 367 750 410; x_wconf 75' lang='lat' dir='ltr'>Lxx.</span> <span class='ocrx_word' id='word_1_32' title='bbox 771 365 865 410; x_wconf 86' lang='lat' dir='ltr'><strong>Jes.</strong></span> <span class='ocrx_word' id='word_1_33' title='bbox 895 367 1019 419; x_wconf 82' lang='lat'><strong>27,9.</strong></span> <span class='ocrx_word' id='word_1_34' title='bbox 1049 365 1277 424; x_wconf 80' lang='lat' dir='ltr'><strong>adjiceret.</strong></span> <span class='ocrx_word' id='word_1_35' title='bbox 1339 366 1454 408; x_wconf 86' lang='lat' dir='ltr'>Vide</span> <span class='ocrx_word' id='word_1_36' title='bbox 1484 373 1576 412; x_wconf 85' lang='lat' dir='ltr'><strong>not.</strong></span> 
     </span>
     <span class='ocr_line' id='line_1_5' title="bbox 98 421 1574 479; baseline 0.001 -14"><span class='ocrx_word' id='word_1_37' title='bbox 98 422 155 465; x_wconf 80' lang='lat' dir='ltr'><strong>ad</strong></span> <span class='ocrx_word' id='word_1_38' title='bbox 181 426 224 474; x_wconf 85' lang='lat'><strong>9,</strong></span> <span class='ocrx_word' id='word_1_39' title='bbox 238 424 326 465; x_wconf 76' lang='grc'><strong>33..</strong></span> <span class='ocrx_word' id='word_1_40' title='bbox 386 422 478 466; x_wconf 86' lang='lat' dir='ltr'><strong>Jes.</strong></span> <span class='ocrx_word' id='word_1_41' title='bbox 498 424 650 475; x_wconf 53' lang='lat'><strong>5920,</strong></span> <span class='ocrx_word' id='word_1_42' title='bbox 681 423 732 464; x_wconf 90' lang='lat' dir='ltr'><strong>de</strong></span> <span class='ocrx_word' id='word_1_43' title='bbox 753 422 922 464; x_wconf 72' lang='lat' dir='ltr'><strong>Messe&#39;a</strong></span> <span class='ocrx_word' id='word_1_44' title='bbox 948 423 1019 476; x_wconf 85' lang='lat' dir='ltr'><strong>agi</strong></span> <span class='ocrx_word' id='word_1_45' title='bbox 1045 421 1093 467; x_wconf 85' lang='lat' dir='ltr'><strong>P.</strong></span> <span class='ocrx_word' id='word_1_46' title='bbox 1125 424 1316 479; x_wconf 71' lang='lat' dir='ltr'><strong>putavit,</strong></span> <span class='ocrx_word' id='word_1_47' title='bbox 1355 430 1403 465; x_wconf 88' lang='lat' dir='ltr'><strong>ut</strong></span> <span class='ocrx_word' id='word_1_48' title='bbox 1422 423 1574 469; x_wconf 78' lang='lat' dir='ltr'><strong>LXX.</strong></span> 
     </span>
     <span class='ocr_line' id='line_1_6' title="bbox 98 478 1577 531; baseline 0 -9"><span class='ocrx_word' id='word_1_49' title='bbox 98 487 146 522; x_wconf 84' lang='lat' dir='ltr'><strong>et</strong></span> <span class='ocrx_word' id='word_1_50' title='bbox 174 481 368 522; x_wconf 87' lang='lat' dir='ltr'><strong>seriores</strong></span> <span class='ocrx_word' id='word_1_51' title='bbox 394 479 570 524; x_wconf 82' lang='lat' dir='ltr'><strong>Judaei.</strong></span> <span class='ocrx_word' id='word_1_52' title='bbox 630 481 784 522; x_wconf 88' lang='lat' dir='ltr'><strong>Tract.</strong></span> <span class='ocrx_word' id='word_1_53' title='bbox 810 478 1056 521; x_wconf 84' lang='lat' dir='ltr'><strong>Sanhedrin</strong></span> <span class='ocrx_word' id='word_1_54' title='bbox 1087 480 1118 522; x_wconf 84' lang='lat' dir='ltr'><strong>f.</strong></span> <span class='ocrx_word' id='word_1_55' title='bbox 1145 480 1289 531; x_wconf 85' lang='lat'><strong>98,1.:</strong></span> <span class='ocrx_word' id='word_1_56' title='bbox 1329 479 1384 524; x_wconf 84' lang='lat' dir='ltr'><strong>R.</strong></span> <span class='ocrx_word' id='word_1_57' title='bbox 1412 480 1577 524; x_wconf 83' lang='lat' dir='ltr'><strong>Jocha-</strong></span> 
     </span>
     <span class='ocr_line' id='line_1_7' title="bbox 97 535 1574 593; baseline -0.001 -13"><span class='ocrx_word' id='word_1_58' title='bbox 97 551 182 580; x_wconf 87' lang='lat' dir='ltr'><strong>nan</strong></span> <span class='ocrx_word' id='word_1_59' title='bbox 203 537 337 579; x_wconf 76' lang='lat' dir='ltr'><strong>dixit:</strong></span> <span class='ocrx_word' id='word_1_60' title='bbox 368 536 540 593; x_wconf 85' lang='lat' dir='ltr'><strong>quando</strong></span> <span class='ocrx_word' id='word_1_61' title='bbox 563 538 783 578; x_wconf 88' lang='lat' dir='ltr'><strong>saeculum</strong></span> <span class='ocrx_word' id='word_1_62' title='bbox 811 535 1008 587; x_wconf 81' lang='lat' dir='ltr'><strong>videbis,</strong></span> <span class='ocrx_word' id='word_1_63' title='bbox 1038 550 1123 592; x_wconf 90' lang='lat' dir='ltr'><strong>quo</strong></span> <span class='ocrx_word' id='word_1_64' title='bbox 1147 537 1378 590; x_wconf 78' lang='lat' dir='ltr'>angustiae</span> <span class='ocrx_word' id='word_1_65' title='bbox 1409 539 1574 579; x_wconf 86' lang='lat' dir='ltr'><strong>multae</strong></span> 
     </span>
     <span class='ocr_line' id='line_1_8' title="bbox 97 592 1578 649; baseline 0.001 -13"><span class='ocrx_word' id='word_1_66' title='bbox 97 593 223 636; x_wconf 80' lang='lat' dir='ltr'><strong>fluvii</strong></span> <span class='ocrx_word' id='word_1_67' title='bbox 245 595 388 634; x_wconf 87' lang='lat' dir='ltr'><strong>instar</strong></span> <span class='ocrx_word' id='word_1_68' title='bbox 410 595 451 634; x_wconf 92' lang='lat' dir='ltr'><strong>in</strong></span> <span class='ocrx_word' id='word_1_69' title='bbox 475 592 712 636; x_wconf 84' lang='lat' dir='ltr'><strong>Israelitas</strong></span> <span class='ocrx_word' id='word_1_70' title='bbox 730 595 915 645; x_wconf 88' lang='lat' dir='ltr'><strong>irruent,</strong></span> <span class='ocrx_word' id='word_1_71' title='bbox 936 598 1025 634; x_wconf 82' lang='lat' dir='ltr'><strong>tum</strong></span> <span class='ocrx_word' id='word_1_72' title='bbox 1048 598 1252 649; x_wconf 84' lang='lat' dir='ltr'><strong>exspecta</strong></span> <span class='ocrx_word' id='word_1_73' title='bbox 1274 593 1416 649; x_wconf 89' lang='lat' dir='ltr'><strong>ipsum</strong></span> <span class='ocrx_word' id='word_1_74' title='bbox 1437 595 1578 647; x_wconf 84' lang='lat' dir='ltr'><strong>(Mes-</strong></span> 
     </span>
     <span class='ocr_line' id='line_1_9' title="bbox 97 648 1577 706; baseline 0 -13"><span class='ocrx_word' id='word_1_75' title='bbox 97 651 253 702; x_wconf 77' lang='lat' dir='ltr'><strong>siam),</strong></span> <span class='ocrx_word' id='word_1_76' title='bbox 282 665 323 706; x_wconf 87' lang='lat' dir='ltr'><strong>q.</strong></span> <span class='ocrx_word' id='word_1_77' title='bbox 345 649 388 694; x_wconf 85' lang='lat' dir='ltr'><strong>d.</strong></span> <span class='ocrx_word' id='word_1_78' title='bbox 407 649 500 693; x_wconf 82' lang='grc'><strong>195.</strong></span> <span class='ocrx_word' id='word_1_79' title='bbox 520 651 591 701; x_wconf 85' lang='grc'><strong>59,</strong></span> <span class='ocrx_word' id='word_1_80' title='bbox 607 652 691 693; x_wconf 89' lang='grc'><strong>19..</strong></span> <span class='ocrx_word' id='word_1_81' title='bbox 750 649 895 692; x_wconf 85' lang='lat' dir='ltr'><strong>Sohar</strong></span> <span class='ocrx_word' id='word_1_82' title='bbox 916 648 1051 693; x_wconf 90' lang='lat' dir='ltr'><strong>Num.</strong></span> <span class='ocrx_word' id='word_1_83' title='bbox 1074 650 1106 691; x_wconf 83' lang='lat' dir='ltr'><strong>f.</strong></span> <span class='ocrx_word' id='word_1_84' title='bbox 1129 650 1200 692; x_wconf 79' lang='lat'><strong>65.</strong></span> <span class='ocrx_word' id='word_1_85' title='bbox 1221 664 1259 692; x_wconf 91' lang='lat' dir='ltr'><strong>e.</strong></span> <span class='ocrx_word' id='word_1_86' title='bbox 1283 651 1409 695; x_wconf 64' lang='lat'>258:</span> <span class='ocrx_word' id='word_1_87' title='bbox 1441 651 1577 694; x_wconf 87' lang='lat' dir='ltr'><strong>Tem-</strong></span> 
     </span>
    </p>

    <p class='ocr_par' dir='ltr' id='par_1_3' title="bbox 96 705 1582 1731">
     <span class='ocr_line' id='line_1_10' title="bbox 132 705 1578 764; baseline 0.001 -16"><span class='ocrx_word' id='word_1_88' title='bbox 132 722 208 748; x_wconf 89' lang='lat' dir='ltr'><strong>ore</strong></span> <span class='ocrx_word' id='word_1_89' title='bbox 227 708 377 748; x_wconf 87' lang='lat' dir='ltr'><strong>futuro</strong></span> <span class='ocrx_word' id='word_1_90' title='bbox 399 706 523 748; x_wconf 83' lang='lat' dir='ltr'><strong>Deus</strong></span> <span class='ocrx_word' id='word_1_91' title='bbox 542 706 600 750; x_wconf 93' lang='grc' dir='ltr'><strong>Ο.</strong></span> <span class='ocrx_word' id='word_1_92' title='bbox 621 707 681 751; x_wconf 91' lang='grc' dir='ltr'><strong>Μ.</strong></span> <span class='ocrx_word' id='word_1_93' title='bbox 704 707 908 764; x_wconf 88' lang='lat' dir='ltr'><strong>injuriam</strong></span> <span class='ocrx_word' id='word_1_94' title='bbox 931 705 1154 748; x_wconf 80' lang='lat' dir='ltr'><strong>Israelitis</strong></span> <span class='ocrx_word' id='word_1_95' title='bbox 1180 707 1348 748; x_wconf 83' lang='lat' dir='ltr'><strong>illatam</strong></span> <span class='ocrx_word' id='word_1_96' title='bbox 1381 723 1402 749; x_wconf 88' lang='lat' dir='ltr'><strong>a</strong></span> <span class='ocrx_word' id='word_1_97' title='bbox 1435 709 1578 761; x_wconf 79' lang='lat' dir='ltr'><strong>genti-</strong></span> 
     </span>
     <span class='ocr_line' id='line_1_11' title="bbox 96 722 1577 821; baseline 0.001 -14"><span class='ocrx_word' id='word_1_98' title='bbox 96 722 218 807; x_wconf 71' lang='lat' dir='ltr'><strong>libus</strong></span> <span class='ocrx_word' id='word_1_99' title='bbox 247 769 417 821; x_wconf 86' lang='lat' dir='ltr'><strong>repetet</strong></span> <span class='ocrx_word' id='word_1_100' title='bbox 444 778 607 821; x_wconf 89' lang='lat' dir='ltr'><strong>eosque</strong></span> <span class='ocrx_word' id='word_1_101' title='bbox 637 764 804 806; x_wconf 68' lang='lat' dir='ltr'><strong>laetitia</strong></span> <span class='ocrx_word' id='word_1_102' title='bbox 834 763 985 806; x_wconf 89' lang='lat' dir='ltr'><strong>Sionis</strong></span> <span class='ocrx_word' id='word_1_103' title='bbox 1011 764 1300 817; x_wconf 78' lang='lat' dir='ltr'><strong>exhilarabit,</strong></span> <span class='ocrx_word' id='word_1_104' title='bbox 1348 780 1391 820; x_wconf 82' lang='lat' dir='ltr'><strong>q.</strong></span> <span class='ocrx_word' id='word_1_105' title='bbox 1431 767 1473 809; x_wconf 85' lang='lat' dir='ltr'><strong>d.</strong></span> <span class='ocrx_word' id='word_1_106' title='bbox 1501 765 1577 810; x_wconf 88' lang='grc'><strong>19-</strong></span> 
     </span>
     <span class='ocr_line' id='line_1_12' title="bbox 99 820 1576 873; baseline 0.001 -9"><span class='ocrx_word' id='word_1_107' title='bbox 99 836 209 864; x_wconf 83' lang='lat' dir='ltr'><strong>rem.</strong></span> <span class='ocrx_word' id='word_1_108' title='bbox 231 822 399 872; x_wconf 82' lang='lat'>31‚12..</span> <span class='ocrx_word' id='word_1_109' title='bbox 461 820 517 862; x_wconf 85' lang='lat' dir='ltr'><strong>Et</strong></span> <span class='ocrx_word' id='word_1_110' title='bbox 539 830 640 863; x_wconf 88' lang='lat' dir='ltr'><strong>tunc</strong></span> <span class='ocrx_word' id='word_1_111' title='bbox 660 822 833 863; x_wconf 87' lang='lat' dir='ltr'><strong>eveniet</strong></span> <span class='ocrx_word' id='word_1_112' title='bbox 856 820 966 862; x_wconf 89' lang='lat' dir='ltr'><strong>illud</strong></span> <span class='ocrx_word' id='word_1_113' title='bbox 991 821 1086 864; x_wconf 89' lang='lat' dir='ltr'><strong>Jes.</strong></span> <span class='ocrx_word' id='word_1_114' title='bbox 1106 820 1260 873; x_wconf 84' lang='lat'><strong>59‚20.</strong></span> <span class='ocrx_word' id='word_1_115' title='bbox 1287 827 1328 864; x_wconf 81' lang='lat' dir='ltr'><strong>et</strong></span> <span class='ocrx_word' id='word_1_116' title='bbox 1351 823 1469 864; x_wconf 73' lang='lat' dir='ltr'><strong>Sioni</strong></span> <span class='ocrx_word' id='word_1_117' title='bbox 1497 838 1576 865; x_wconf 64' lang='lat' dir='ltr'><strong>ve-</strong></span> 
     </span>
     <span class='ocr_line' id='line_1_13' title="bbox 99 876 1576 935; baseline 0.001 -15"><span class='ocrx_word' id='word_1_118' title='bbox 99 879 189 920; x_wconf 80' lang='lat' dir='ltr'><strong>niet</strong></span> <span class='ocrx_word' id='word_1_119' title='bbox 210 878 324 920; x_wconf 83' lang='lat' dir='ltr'><strong>Geel.</strong></span> <span class='ocrx_word' id='word_1_120' title='bbox 385 876 550 920; x_wconf 78' lang='lat' dir='ltr'>Contra</span> <span class='ocrx_word' id='word_1_121' title='bbox 578 879 791 935; x_wconf 84' lang='lat' dir='ltr'><strong>propbeta</strong></span> <span class='ocrx_word' id='word_1_122' title='bbox 821 878 853 921; x_wconf 92' lang='lat' dir='ltr'><strong>l.</strong></span> <span class='ocrx_word' id='word_1_123' title='bbox 883 892 921 920; x_wconf 92' lang='lat' dir='ltr'><strong>c.</strong></span> <span class='ocrx_word' id='word_1_124' title='bbox 951 878 1153 919; x_wconf 69' lang='lat' dir='ltr'><strong>Jeleovam</strong></span> <span class='ocrx_word' id='word_1_125' title='bbox 1180 891 1249 918; x_wconf 84' lang='lat' dir='ltr'><strong>eos</strong></span> <span class='ocrx_word' id='word_1_126' title='bbox 1276 879 1350 933; x_wconf 73' lang='lat' dir='ltr'><strong>qui</strong></span> <span class='ocrx_word' id='word_1_127' title='bbox 1377 880 1576 934; x_wconf 73' lang='lat' dir='ltr'><strong>resipue-</strong></span> 
     </span>
     <span class='ocr_line' id='line_1_14' title="bbox 98 933 1578 978; baseline 0 0"><span class='ocrx_word' id='word_1_128' title='bbox 98 935 189 978; x_wconf 77' lang='lat' dir='ltr'><strong>rint</strong></span> <span class='ocrx_word' id='word_1_129' title='bbox 212 934 395 976; x_wconf 80' lang='lat' dir='ltr'><strong>Judaeos</strong></span> <span class='ocrx_word' id='word_1_130' title='bbox 414 948 471 975; x_wconf 69' lang='lat' dir='ltr'><strong>ex</strong></span> <span class='ocrx_word' id='word_1_131' title='bbox 490 937 620 977; x_wconf 74' lang='lat' dir='ltr'><strong>exilio</strong></span> <span class='ocrx_word' id='word_1_132' title='bbox 639 936 928 978; x_wconf 74' lang='lat' dir='ltr'><strong>redemturum</strong></span> <span class='ocrx_word' id='word_1_133' title='bbox 948 949 1036 977; x_wconf 76' lang='lat' dir='ltr'><strong>esse</strong></span> <span class='ocrx_word' id='word_1_134' title='bbox 1056 933 1301 978; x_wconf 89' lang='lat' dir='ltr'><strong>denuntiat.</strong></span> <span class='ocrx_word' id='word_1_135' title='bbox 1360 934 1484 978; x_wconf 87' lang='lat' dir='ltr'><strong>ldem</strong></span> <span class='ocrx_word' id='word_1_136' title='bbox 1509 937 1578 978; x_wconf 89' lang='lat' dir='ltr'><strong>di-</strong></span> 
     </span>
     <span class='ocr_line' id='line_1_15' title="bbox 99 990 1579 1050; baseline 0.003 -18"><span class='ocrx_word' id='word_1_137' title='bbox 99 991 216 1032; x_wconf 92' lang='lat' dir='ltr'><strong>citur</strong></span> <span class='ocrx_word' id='word_1_138' title='bbox 244 990 338 1035; x_wconf 88' lang='lat' dir='ltr'><strong>Jes.</strong></span> <span class='ocrx_word' id='word_1_139' title='bbox 364 991 517 1045; x_wconf 77' lang='lat'><strong>27,9.‚</strong></span> <span class='ocrx_word' id='word_1_140' title='bbox 566 992 640 1033; x_wconf 87' lang='lat' dir='ltr'><strong>ubi</strong></span> <span class='ocrx_word' id='word_1_141' title='bbox 672 991 773 1034; x_wconf 90' lang='lat' dir='ltr'><strong>item</strong></span> <span class='ocrx_word' id='word_1_142' title='bbox 802 990 854 1033; x_wconf 88' lang='lat' dir='ltr'><strong>de</strong></span> <span class='ocrx_word' id='word_1_143' title='bbox 884 991 1074 1033; x_wconf 87' lang='lat' dir='ltr'><strong>Messiae</strong></span> <span class='ocrx_word' id='word_1_144' title='bbox 1106 997 1251 1034; x_wconf 82' lang='lat' dir='ltr'><strong>aetate</strong></span> <span class='ocrx_word' id='word_1_145' title='bbox 1295 993 1456 1049; x_wconf 82' lang='lat' dir='ltr'>exponi</span> <span class='ocrx_word' id='word_1_146' title='bbox 1486 994 1579 1050; x_wconf 88' lang='lat' dir='ltr'><strong>Ap.</strong></span> 
     </span>
     <span class='ocr_line' id='line_1_16' title="bbox 99 1043 1579 1103; baseline 0.001 -14"><span class='ocrx_word' id='word_1_147' title='bbox 99 1047 298 1100; x_wconf 81' lang='lat' dir='ltr'><strong>censuit,</strong></span> <span class='ocrx_word' id='word_1_148' title='bbox 343 1062 473 1090; x_wconf 84' lang='lat' dir='ltr'><strong>versu</strong></span> <span class='ocrx_word' id='word_1_149' title='bbox 505 1049 598 1101; x_wconf 85' lang='lat'>13.‚</span> <span class='ocrx_word' id='word_1_150' title='bbox 638 1053 688 1090; x_wconf 93' lang='lat' dir='ltr'><strong>ut</strong></span> <span class='ocrx_word' id='word_1_151' title='bbox 715 1048 915 1101; x_wconf 80' lang='lat' dir='ltr'><strong>videtur,</strong></span> <span class='ocrx_word' id='word_1_152' title='bbox 951 1048 1184 1091; x_wconf 82' lang='lat' dir='ltr'><strong>adductus.</strong></span> <span class='ocrx_word' id='word_1_153' title='bbox 1258 1043 1355 1103; x_wconf 82' lang='grc' dir='ltr'><em>ἥξει</em></span> <span class='ocrx_word' id='word_1_154' title='bbox 1385 1048 1432 1090; x_wconf 81' lang='grc' dir='ltr'><strong>ἐκ</strong></span> <span class='ocrx_word' id='word_1_155' title='bbox 1461 1052 1579 1092; x_wconf 75' lang='grc' dir='ltr'>Σιὼν</span> 
     </span>
     <span class='ocr_line' id='line_1_17' title="bbox 99 1100 1577 1165; baseline 0.005 -22"><span class='ocrx_word' id='word_1_156' title='bbox 99 1100 126 1147; x_wconf 79' lang='grc' dir='ltr'>ὁ</span> <span class='ocrx_word' id='word_1_157' title='bbox 156 1101 382 1159; x_wconf 76' lang='grc' dir='ltr'><strong>ῥυόμενος]</strong></span> <span class='ocrx_word' id='word_1_158' title='bbox 415 1103 616 1165; x_wconf 83' lang='lat' dir='ltr'><strong>Jesajas:</strong></span> <span class='ocrx_word' id='word_1_159' title='bbox 650 1105 747 1161; x_wconf 57' lang='lat'><strong>&#39;20:35³</strong></span> <span class='ocrx_word' id='word_1_160' title='bbox 770 1104 880 1164; x_wconf 52' lang='grc' dir='ltr'><strong>ᾐνλζξ,</strong></span> <span class='ocrx_word' id='word_1_161' title='bbox 903 1118 978 1163; x_wconf 59' lang='grc' dir='ltr'><strong>Νςη</strong></span> <span class='ocrx_word' id='word_1_162' title='bbox 997 1110 1039 1148; x_wconf 86' lang='lat' dir='ltr'><strong>et</strong></span> <span class='ocrx_word' id='word_1_163' title='bbox 1057 1110 1259 1148; x_wconf 74' lang='lat' dir='ltr'><strong>venturus</strong></span> <span class='ocrx_word' id='word_1_164' title='bbox 1283 1110 1347 1148; x_wconf 80' lang='lat' dir='ltr'><strong>est</strong></span> <span class='ocrx_word' id='word_1_165' title='bbox 1368 1106 1487 1149; x_wconf 78' lang='lat' dir='ltr'><strong>Siom‘</strong></span> <span class='ocrx_word' id='word_1_166' title='bbox 1515 1107 1577 1150; x_wconf 69' lang='lat'><em>12·—</em></span> 
     </span>
     <span class='ocr_line' id='line_1_18' title="bbox 101 1161 1579 1218; baseline 0.001 -14"><span class='ocrx_word' id='word_1_167' title='bbox 101 1162 276 1204; x_wconf 81' lang='lat' dir='ltr'><strong>berator</strong></span> <span class='ocrx_word' id='word_1_168' title='bbox 295 1161 387 1212; x_wconf 79' lang='lat' dir='ltr'><strong>(ein</strong></span> <span class='ocrx_word' id='word_1_169' title='bbox 406 1163 579 1216; x_wconf 68' lang='lat' dir='ltr'><strong>fflettet).</strong></span> <span class='ocrx_word' id='word_1_170' title='bbox 639 1162 828 1205; x_wconf 76' lang='lat' dir='ltr'><strong>Jehovalz</strong></span> <span class='ocrx_word' id='word_1_171' title='bbox 851 1162 1029 1206; x_wconf 89' lang='lat' dir='ltr'><strong>dicitur.</strong></span> <span class='ocrx_word' id='word_1_172' title='bbox 1088 1161 1262 1214; x_wconf 61' lang='lat' dir='ltr'>LXX„</span> <span class='ocrx_word' id='word_1_173' title='bbox 1295 1176 1406 1218; x_wconf 86' lang='lat' dir='ltr'><strong>quos</strong></span> <span class='ocrx_word' id='word_1_174' title='bbox 1432 1163 1482 1208; x_wconf 88' lang='lat' dir='ltr'><strong>P.</strong></span> <span class='ocrx_word' id='word_1_175' title='bbox 1508 1179 1579 1207; x_wconf 88' lang='grc'><strong>59-</strong></span> 
     </span>
     <span class='ocr_line' id='line_1_19' title="bbox 102 1212 1579 1278; baseline 0.003 -18"><span class='ocrx_word' id='word_1_176' title='bbox 102 1223 267 1274; x_wconf 90' lang='lat' dir='ltr'><strong>quutus</strong></span> <span class='ocrx_word' id='word_1_177' title='bbox 287 1223 378 1261; x_wconf 89' lang='lat' dir='ltr'><strong>est:</strong></span> <span class='ocrx_word' id='word_1_178' title='bbox 408 1221 481 1262; x_wconf 85' lang='grc' dir='ltr'><strong>καὶ</strong></span> <span class='ocrx_word' id='word_1_179' title='bbox 501 1217 596 1276; x_wconf 78' lang='grc' dir='ltr'><em>ἣξει</em></span> <span class='ocrx_word' id='word_1_180' title='bbox 616 1217 755 1261; x_wconf 70' lang='grc' dir='ltr'><em>ἕνεκεν</em></span> <span class='ocrx_word' id='word_1_181' title='bbox 778 1218 894 1262; x_wconf 76' lang='grc' dir='ltr'><strong>Σιών</strong></span> <span class='ocrx_word' id='word_1_182' title='bbox 921 1216 944 1261; x_wconf 85' lang='grc' dir='ltr'><em>ὃ</em></span> <span class='ocrx_word' id='word_1_183' title='bbox 975 1212 1200 1273; x_wconf 76' lang='grc' dir='ltr'><strong>ῥυόμενος.</strong></span> <span class='ocrx_word' id='word_1_184' title='bbox 1259 1218 1463 1263; x_wconf 87' lang='lat' dir='ltr'><strong>Retinuit</strong></span> <span class='ocrx_word' id='word_1_185' title='bbox 1483 1224 1579 1278; x_wconf 89' lang='lat' dir='ltr'><strong>Ap.</strong></span> 
     </span>
     <span class='ocr_line' id='line_1_20' title="bbox 101 1271 1580 1333; baseline 0.003 -17"><span class='ocrx_word' id='word_1_186' title='bbox 101 1289 144 1318; x_wconf 90' lang='lat' dir='ltr'><strong>v.</strong></span> <span class='ocrx_word' id='word_1_187' title='bbox 185 1272 208 1316; x_wconf 83' lang='grc' dir='ltr'><em>ὃ</em></span> <span class='ocrx_word' id='word_1_188' title='bbox 239 1271 452 1329; x_wconf 73' lang='grc' dir='ltr'><em>ῥυόμενος</em></span> <span class='ocrx_word' id='word_1_189' title='bbox 479 1278 525 1333; x_wconf 87' lang='lat' dir='ltr'><strong>(a</strong></span> <span class='ocrx_word' id='word_1_190' title='bbox 552 1276 650 1318; x_wconf 87' lang='lat' dir='ltr'><strong>Deo</strong></span> <span class='ocrx_word' id='word_1_191' title='bbox 681 1277 918 1318; x_wconf 91' lang='lat' dir='ltr'><strong>mittendus</strong></span> <span class='ocrx_word' id='word_1_192' title='bbox 952 1277 1189 1330; x_wconf 87' lang='lat' dir='ltr'><strong>liberator,</strong></span> <span class='ocrx_word' id='word_1_193' title='bbox 1238 1276 1269 1319; x_wconf 88' lang='lat' dir='ltr'><strong>i.</strong></span> <span class='ocrx_word' id='word_1_194' title='bbox 1301 1291 1340 1320; x_wconf 89' lang='lat' dir='ltr'><strong>e.</strong></span> <span class='ocrx_word' id='word_1_195' title='bbox 1371 1277 1580 1331; x_wconf 75' lang='lat' dir='ltr'><strong>Messias,</strong></span> 
     </span>
     <span class='ocr_line' id='line_1_21' title="bbox 102 1331 1579 1391; baseline 0.003 -20"><span class='ocrx_word' id='word_1_196' title='bbox 102 1333 131 1374; x_wconf 84' lang='lat' dir='ltr'><strong>l</strong></span> <span class='ocrx_word' id='word_1_197' title='bbox 152 1332 315 1374; x_wconf 78' lang='lat' dir='ltr'><strong>Thess,</strong></span> <span class='ocrx_word' id='word_1_198' title='bbox 338 1333 507 1387; x_wconf 83' lang='lat' dir='ltr'><strong>l,l().),</strong></span> <span class='ocrx_word' id='word_1_199' title='bbox 537 1333 613 1374; x_wconf 88' lang='lat' dir='ltr'><strong>sed</strong></span> <span class='ocrx_word' id='word_1_200' title='bbox 634 1347 713 1389; x_wconf 88' lang='lat' dir='ltr'><strong>pro</strong></span> <span class='ocrx_word' id='word_1_201' title='bbox 736 1331 877 1376; x_wconf 67' lang='grc' dir='ltr'><em>ἕνεκεν</em></span> <span class='ocrx_word' id='word_1_202' title='bbox 899 1332 1014 1374; x_wconf 73' lang='grc' dir='ltr'><strong>Σιὼν</strong></span> <span class='ocrx_word' id='word_1_203' title='bbox 1035 1334 1235 1391; x_wconf 83' lang='lat' dir='ltr'><strong>(propter</strong></span> <span class='ocrx_word' id='word_1_204' title='bbox 1255 1332 1448 1389; x_wconf 80' lang='lat' dir='ltr'>Sionem,</span> <span class='ocrx_word' id='word_1_205' title='bbox 1481 1336 1521 1377; x_wconf 87' lang='lat' dir='ltr'><strong>h.</strong></span> <span class='ocrx_word' id='word_1_206' title='bbox 1537 1350 1579 1380; x_wconf 87' lang='lat' dir='ltr'><strong>e.</strong></span> 
     </span>
     <span class='ocr_line' id='line_1_22' title="bbox 101 1387 1579 1447; baseline 0.003 -16"><span class='ocrx_word' id='word_1_207' title='bbox 101 1393 153 1431; x_wconf 87' lang='lat' dir='ltr'><strong>ut</strong></span> <span class='ocrx_word' id='word_1_208' title='bbox 193 1387 390 1430; x_wconf 85' lang='lat' dir='ltr'><strong>Sionitas</strong></span> <span class='ocrx_word' id='word_1_209' title='bbox 430 1389 473 1431; x_wconf 92' lang='lat' dir='ltr'><strong>in</strong></span> <span class='ocrx_word' id='word_1_210' title='bbox 512 1390 760 1432; x_wconf 88' lang='lat' dir='ltr'><strong>libertatem</strong></span> <span class='ocrx_word' id='word_1_211' title='bbox 803 1389 1015 1444; x_wconf 73' lang='lat' dir='ltr'><strong>vindicet)</strong></span> <span class='ocrx_word' id='word_1_212' title='bbox 1066 1390 1250 1447; x_wconf 80' lang='lat' dir='ltr'><strong>scripsit</strong></span> <span class='ocrx_word' id='word_1_213' title='bbox 1277 1415 1332 1422; x_wconf 83' lang='lat'>—</span> <span class='ocrx_word' id='word_1_214' title='bbox 1361 1390 1409 1434; x_wconf 79' lang='grc' dir='ltr'><strong>ἐκ</strong></span> <span class='ocrx_word' id='word_1_215' title='bbox 1448 1388 1579 1435; x_wconf 75' lang='grc' dir='ltr'><strong>Σιών.</strong></span> 
     </span>
     <span class='ocr_line' id='line_1_23' title="bbox 101 1445 1580 1500; baseline 0.002 -12"><span class='ocrx_word' id='word_1_216' title='bbox 101 1445 231 1488; x_wconf 84' lang='lat' dir='ltr'><strong>Hanc</strong></span> <span class='ocrx_word' id='word_1_217' title='bbox 251 1446 533 1488; x_wconf 79' lang='lat' dir='ltr'><strong>mutationem</strong></span> <span class='ocrx_word' id='word_1_218' title='bbox 556 1447 850 1489; x_wconf 83' lang='lat' dir='ltr'><strong>necessariam</strong></span> <span class='ocrx_word' id='word_1_219' title='bbox 870 1447 1033 1500; x_wconf 85' lang='lat' dir='ltr'><strong>fuisse,</strong></span> <span class='ocrx_word' id='word_1_220' title='bbox 1063 1451 1111 1488; x_wconf 88' lang='lat' dir='ltr'><strong>ut</strong></span> <span class='ocrx_word' id='word_1_221' title='bbox 1128 1448 1252 1489; x_wconf 88' lang='lat' dir='ltr'><strong>locus</strong></span> <span class='ocrx_word' id='word_1_222' title='bbox 1272 1461 1362 1490; x_wconf 83' lang='lat' dir='ltr'><strong>rem</strong></span> <span class='ocrx_word' id='word_1_223' title='bbox 1386 1449 1580 1491; x_wconf 76' lang='lat' dir='ltr'><strong>efficien-</strong></span> 
     </span>
     <span class='ocr_line' id='line_1_24' title="bbox 100 1502 1581 1560; baseline 0.003 -17"><span class='ocrx_word' id='word_1_224' title='bbox 100 1502 201 1544; x_wconf 86' lang='lat' dir='ltr'><strong>dam</strong></span> <span class='ocrx_word' id='word_1_225' title='bbox 223 1504 456 1559; x_wconf 86' lang='lat' dir='ltr'><strong>probaret,</strong></span> <span class='ocrx_word' id='word_1_226' title='bbox 484 1504 732 1546; x_wconf 80' lang='lat' dir='ltr'><strong>inconsulte</strong></span> <span class='ocrx_word' id='word_1_227' title='bbox 753 1503 920 1546; x_wconf 82' lang='lat' dir='ltr'><strong>dixeris</strong></span> <span class='ocrx_word' id='word_1_228' title='bbox 944 1502 1161 1560; x_wconf 60' lang='lat' dir='ltr'><strong>(Reicle.)</strong></span> <span class='ocrx_word' id='word_1_229' title='bbox 1214 1503 1327 1546; x_wconf 91' lang='lat' dir='ltr'><strong>Nam</strong></span> <span class='ocrx_word' id='word_1_230' title='bbox 1349 1505 1459 1548; x_wconf 89' lang='lat' dir='ltr'><strong>hanc</strong></span> <span class='ocrx_word' id='word_1_231' title='bbox 1478 1520 1581 1548; x_wconf 88' lang='lat' dir='ltr'><strong>seu-</strong></span> 
     </span>
     <span class='ocr_line' id='line_1_25' title="bbox 102 1558 1581 1619; baseline 0.002 -17"><span class='ocrx_word' id='word_1_232' title='bbox 102 1559 286 1602; x_wconf 76' lang='lat' dir='ltr'><strong>tentiam</strong></span> <span class='ocrx_word' id='word_1_233' title='bbox 313 1561 354 1602; x_wconf 92' lang='lat' dir='ltr'><strong>in</strong></span> <span class='ocrx_word' id='word_1_234' title='bbox 380 1558 432 1603; x_wconf 87' lang='lat' dir='ltr'><strong>P.</strong></span> <span class='ocrx_word' id='word_1_235' title='bbox 451 1575 626 1603; x_wconf 87' lang='lat' dir='ltr'><strong>causam</strong></span> <span class='ocrx_word' id='word_1_236' title='bbox 657 1561 877 1616; x_wconf 82' lang='lat' dir='ltr'><strong>quadrare</strong></span> <span class='ocrx_word' id='word_1_237' title='bbox 907 1566 1113 1618; x_wconf 85' lang='lat' dir='ltr'><strong>apparet:</strong></span> <span class='ocrx_word' id='word_1_238' title='bbox 1154 1562 1351 1619; x_wconf 87' lang='lat' dir='ltr'><strong>prodibit</strong></span> <span class='ocrx_word' id='word_1_239' title='bbox 1377 1569 1581 1606; x_wconf 82' lang='lat' dir='ltr'><strong>servator</strong></span> 
     </span>
     <span class='ocr_line' id='line_1_26' title="bbox 102 1615 1581 1676; baseline 0.003 -19"><span class='ocrx_word' id='word_1_240' title='bbox 102 1621 150 1658; x_wconf 79' lang='lat' dir='ltr'><strong>ut</strong></span> <span class='ocrx_word' id='word_1_241' title='bbox 171 1616 361 1658; x_wconf 74' lang='lat' dir='ltr'><strong>Sionitas</strong></span> <span class='ocrx_word' id='word_1_242' title='bbox 381 1615 530 1660; x_wconf 75' lang='lat' dir='ltr'><strong>liberet</strong></span> <span class='ocrx_word' id='word_1_243' title='bbox 550 1624 596 1660; x_wconf 91' lang='lat' dir='ltr'><strong>et</strong></span> <span class='ocrx_word' id='word_1_244' title='bbox 615 1619 756 1676; x_wconf 90' lang='lat' dir='ltr'><strong>primo</strong></span> <span class='ocrx_word' id='word_1_245' title='bbox 781 1618 933 1672; x_wconf 71' lang='lat' dir='ltr'><strong>paucis</strong></span> <span class='ocrx_word' id='word_1_246' title='bbox 963 1622 1023 1672; x_wconf 72' lang='grc' dir='ltr'><strong>(ν.</strong></span> <span class='ocrx_word' id='word_1_247' title='bbox 1042 1618 1157 1673; x_wconf 89' lang='grc'><strong>26.),</strong></span> <span class='ocrx_word' id='word_1_248' title='bbox 1198 1618 1355 1660; x_wconf 90' lang='lat' dir='ltr'><strong>deinde</strong></span> <span class='ocrx_word' id='word_1_249' title='bbox 1387 1620 1581 1663; x_wconf 79' lang='lat' dir='ltr'><strong>omnibus</strong></span> 
     </span>
     <span class='ocr_line' id='line_1_27' title="bbox 101 1673 1582 1731; baseline 0.002 -15"><span class='ocrx_word' id='word_1_250' title='bbox 101 1673 282 1716; x_wconf 75' lang='lat' dir='ltr'><strong>Sionitis</strong></span> <span class='ocrx_word' id='word_1_251' title='bbox 300 1675 363 1730; x_wconf 80' lang='grc' dir='ltr'><strong>(ν.</strong></span> <span class='ocrx_word' id='word_1_252' title='bbox 385 1674 479 1728; x_wconf 82' lang='grc'><strong>27.)</strong></span> <span class='ocrx_word' id='word_1_253' title='bbox 498 1675 796 1730; x_wconf 83' lang='lat' dir='ltr'><strong>integritatem</strong></span> <span class='ocrx_word' id='word_1_254' title='bbox 818 1674 1104 1731; x_wconf 84' lang='lat' dir='ltr'><strong>comparabit.</strong></span> <span class='ocrx_word' id='word_1_255' title='bbox 1163 1674 1468 1719; x_wconf 88' lang='lat' dir='ltr'><strong>Librariorum</strong></span> <span class='ocrx_word' id='word_1_256' title='bbox 1488 1678 1582 1719; x_wconf 90' lang='lat' dir='ltr'><strong>cul-</strong></span> 
     </span>
    </p>

    <p class='ocr_par' dir='ltr' id='par_1_4' title="bbox 88 1728 1583 2870">
     <span class='ocr_line' id='line_1_28' title="bbox 136 1728 1580 1798; baseline 0.003 -27"><span class='ocrx_word' id='word_1_257' title='bbox 136 1731 185 1781; x_wconf 72' lang='lat' dir='ltr'><strong>a,</strong></span> <span class='ocrx_word' id='word_1_258' title='bbox 235 1732 311 1798; x_wconf 81' lang='lat' dir='ltr'><strong>qui</strong></span> <span class='ocrx_word' id='word_1_259' title='bbox 346 1730 417 1777; x_wconf 71' lang='grc' dir='ltr'>ε-κ,</span> <span class='ocrx_word' id='word_1_260' title='bbox 465 1731 767 1788; x_wconf 85' lang='lat' dir='ltr'><strong>compendium</strong></span> <span class='ocrx_word' id='word_1_261' title='bbox 807 1731 927 1773; x_wconf 77' lang='lat' dir='ltr'><strong>vocis</strong></span> <span class='ocrx_word' id='word_1_262' title='bbox 956 1728 1096 1773; x_wconf 68' lang='grc' dir='ltr'><em>ἕνεκεν</em></span> <span class='ocrx_word' id='word_1_263' title='bbox 1123 1746 1207 1774; x_wconf 91' lang='lat' dir='ltr'><strong>non</strong></span> <span class='ocrx_word' id='word_1_264' title='bbox 1241 1733 1580 1787; x_wconf 81' lang='lat' dir='ltr'><strong>intellexissent,</strong></span> 
     </span>
     <span class='ocr_line' id='line_1_29' title="bbox 102 1744 1580 1846; baseline 0.005 -20"><span class='ocrx_word' id='word_1_265' title='bbox 102 1744 150 1830; x_wconf 64' lang='lat' dir='ltr'><strong>li.</strong></span> <span class='ocrx_word' id='word_1_266' title='bbox 177 1786 209 1827; x_wconf 90' lang='lat' dir='ltr'><strong>l.</strong></span> <span class='ocrx_word' id='word_1_267' title='bbox 241 1801 288 1827; x_wconf 82' lang='grc' dir='ltr'><strong>εκ</strong></span> <span class='ocrx_word' id='word_1_268' title='bbox 316 1801 368 1829; x_wconf 88' lang='lat' dir='ltr'><strong>ex</strong></span> <span class='ocrx_word' id='word_1_269' title='bbox 399 1783 542 1829; x_wconf 69' lang='grc' dir='ltr'><em>ἕνεκεν</em></span> <span class='ocrx_word' id='word_1_270' title='bbox 573 1789 734 1829; x_wconf 76' lang='lat' dir='ltr'><strong>factum</strong></span> <span class='ocrx_word' id='word_1_271' title='bbox 767 1803 865 1829; x_wconf 91' lang='lat' dir='ltr'><strong>esse</strong></span> <span class='ocrx_word' id='word_1_272' title='bbox 895 1787 1071 1841; x_wconf 81' lang='lat' dir='ltr'><strong>(Beza,</strong></span> <span class='ocrx_word' id='word_1_273' title='bbox 1108 1790 1278 1841; x_wconf 66' lang='lat' dir='ltr'><strong>Essiam,</strong></span> <span class='ocrx_word' id='word_1_274' title='bbox 1317 1792 1461 1846; x_wconf 81' lang='lat' dir='ltr'><strong>Kopp.</strong></span> <span class='ocrx_word' id='word_1_275' title='bbox 1493 1792 1580 1846; x_wconf 79' lang='lat' dir='ltr'><strong>al.)</strong></span> 
     </span>
     <span class='ocr_line' id='line_1_30' title="bbox 104 1843 1581 1900; baseline 0.003 -16"><span class='ocrx_word' id='word_1_276' title='bbox 104 1843 175 1884; x_wconf 75' lang='lat' dir='ltr'><strong>vel</strong></span> <span class='ocrx_word' id='word_1_277' title='bbox 198 1850 430 1899; x_wconf 80' lang='lat' dir='ltr'><strong>propterea</strong></span> <span class='ocrx_word' id='word_1_278' title='bbox 452 1843 571 1885; x_wconf 87' lang='lat' dir='ltr'><strong>credi</strong></span> <span class='ocrx_word' id='word_1_279' title='bbox 591 1845 766 1900; x_wconf 87' lang='lat' dir='ltr'><strong>nequit,</strong></span> <span class='ocrx_word' id='word_1_280' title='bbox 803 1845 917 1900; x_wconf 87' lang='lat' dir='ltr'><strong>quod</strong></span> <span class='ocrx_word' id='word_1_281' title='bbox 947 1845 1088 1885; x_wconf 88' lang='lat' dir='ltr'><strong>omnia</strong></span> <span class='ocrx_word' id='word_1_282' title='bbox 1119 1845 1317 1886; x_wconf 84' lang='lat' dir='ltr'><strong>subsidia</strong></span> <span class='ocrx_word' id='word_1_283' title='bbox 1361 1846 1408 1887; x_wconf 72' lang='grc' dir='ltr'><strong>ἐκ</strong></span> <span class='ocrx_word' id='word_1_284' title='bbox 1441 1845 1581 1889; x_wconf 86' lang='lat' dir='ltr'><strong>Paulo</strong></span> 
     </span>
     <span class='ocr_line' id='line_1_31' title="bbox 105 1898 1582 1946; baseline 0.003 -5"><span class='ocrx_word' id='word_1_285' title='bbox 105 1899 344 1943; x_wconf 72' lang='lat' dir='ltr'><strong>vindicant.</strong></span> <span class='ocrx_word' id='word_1_286' title='bbox 403 1899 593 1942; x_wconf 85' lang='lat' dir='ltr'><strong>Temere</strong></span> <span class='ocrx_word' id='word_1_287' title='bbox 621 1902 752 1941; x_wconf 86' lang='lat' dir='ltr'><strong>etiam</strong></span> <span class='ocrx_word' id='word_1_288' title='bbox 784 1901 825 1940; x_wconf 92' lang='lat' dir='ltr'><strong>in</strong></span> <span class='ocrx_word' id='word_1_289' title='bbox 851 1898 999 1942; x_wconf 82' lang='lat' dir='ltr'>LXX.</span> <span class='ocrx_word' id='word_1_290' title='bbox 1030 1903 1321 1943; x_wconf 88' lang='lat' dir='ltr'><strong>translatione</strong></span> <span class='ocrx_word' id='word_1_291' title='bbox 1345 1901 1475 1946; x_wconf 79' lang='lat' dir='ltr'><strong>Pauli</strong></span> <span class='ocrx_word' id='word_1_292' title='bbox 1501 1919 1582 1946; x_wconf 90' lang='lat' dir='ltr'><strong>au-</strong></span> 
     </span>
     <span class='ocr_line' id='line_1_32' title="bbox 104 1956 1580 2014; baseline 0.003 -16"><span class='ocrx_word' id='word_1_293' title='bbox 104 1956 313 1998; x_wconf 84' lang='lat' dir='ltr'><strong>ctoritate</strong></span> <span class='ocrx_word' id='word_1_294' title='bbox 345 1956 393 1999; x_wconf 81' lang='grc' dir='ltr'><strong>ἐκ</strong></span> <span class='ocrx_word' id='word_1_295' title='bbox 419 1958 588 1998; x_wconf 78' lang='lat' dir='ltr'><strong>scribas</strong></span> <span class='ocrx_word' id='word_1_296' title='bbox 620 1972 698 2014; x_wconf 90' lang='lat' dir='ltr'><strong>pro</strong></span> <span class='ocrx_word' id='word_1_297' title='bbox 728 1956 870 1999; x_wconf 61' lang='grc' dir='ltr'><em>ἕνεκεν</em></span> <span class='ocrx_word' id='word_1_298' title='bbox 899 1957 1172 2013; x_wconf 58' lang='lat' dir='ltr'><strong>(Vin-infla).</strong></span> <span class='ocrx_word' id='word_1_299' title='bbox 1249 1958 1432 2002; x_wconf 81' lang='lat' dir='ltr'><strong>Nullum</strong></span> <span class='ocrx_word' id='word_1_300' title='bbox 1461 1962 1580 2003; x_wconf 89' lang='lat' dir='ltr'><strong>enim</strong></span> 
     </span>
     <span class='ocr_line' id='line_1_33' title="bbox 104 2013 1578 2073; baseline 0.003 -17"><span class='ocrx_word' id='word_1_301' title='bbox 104 2014 443 2069; x_wconf 45' lang='lat' dir='ltr'><strong>lectionis-,5232</strong></span> <span class='ocrx_word' id='word_1_302' title='bbox 476 2015 706 2067; x_wconf 80' lang='lat' dir='ltr'><strong>vestigium</strong></span> <span class='ocrx_word' id='word_1_303' title='bbox 735 2013 827 2057; x_wconf 77' lang='lat' dir='ltr'><strong>Jes,</strong></span> <span class='ocrx_word' id='word_1_304' title='bbox 857 2015 888 2057; x_wconf 88' lang='lat' dir='ltr'><strong>l.</strong></span> <span class='ocrx_word' id='word_1_305' title='bbox 918 2028 957 2056; x_wconf 91' lang='lat' dir='ltr'><strong>c.</strong></span> <span class='ocrx_word' id='word_1_306' title='bbox 995 2021 1156 2059; x_wconf 81' lang='lat' dir='ltr'><strong>exstat.</strong></span> <span class='ocrx_word' id='word_1_307' title='bbox 1224 2014 1383 2073; x_wconf 85' lang='lat' dir='ltr'><strong>Neque</strong></span> <span class='ocrx_word' id='word_1_308' title='bbox 1413 2032 1578 2060; x_wconf 84' lang='lat' dir='ltr'><strong>memo-</strong></span> 
     </span>
     <span class='ocr_line' id='line_1_34' title="bbox 105 2069 1581 2131; baseline 0.002 -18"><span class='ocrx_word' id='word_1_309' title='bbox 105 2071 200 2113; x_wconf 77' lang='lat' dir='ltr'><strong>riae</strong></span> <span class='ocrx_word' id='word_1_310' title='bbox 238 2071 337 2112; x_wconf 73' lang='lat' dir='ltr'><strong>vitio</strong></span> <span class='ocrx_word' id='word_1_311' title='bbox 376 2073 623 2127; x_wconf 79' lang='lat' dir='ltr'><strong>apostolum</strong></span> <span class='ocrx_word' id='word_1_312' title='bbox 663 2072 718 2113; x_wconf 76' lang='grc' dir='ltr'><strong>ἐκ</strong></span> <span class='ocrx_word' id='word_1_313' title='bbox 748 2071 862 2111; x_wconf 74' lang='grc' dir='ltr'><strong>Σιών</strong></span> <span class='ocrx_word' id='word_1_314' title='bbox 899 2085 978 2127; x_wconf 85' lang='lat' dir='ltr'><strong>pro</strong></span> <span class='ocrx_word' id='word_1_315' title='bbox 1018 2069 1160 2113; x_wconf 62' lang='grc' dir='ltr'><em>ἕνεκεν</em></span> <span class='ocrx_word' id='word_1_316' title='bbox 1187 2071 1302 2114; x_wconf 78' lang='grc' dir='ltr'>Σιών</span> <span class='ocrx_word' id='word_1_317' title='bbox 1341 2075 1581 2131; x_wconf 86' lang='lat' dir='ltr'><strong>scripsisse</strong></span> 
     </span>
     <span class='ocr_line' id='line_1_35' title="bbox 106 2126 1582 2188; baseline 0.003 -20"><span class='ocrx_word' id='word_1_318' title='bbox 106 2126 382 2169; x_wconf 84' lang='lat' dir='ltr'><strong>concedimus</strong></span> <span class='ocrx_word' id='word_1_319' title='bbox 411 2128 537 2181; x_wconf 60' lang='lat' dir='ltr'><strong>(Chr.</strong></span> <span class='ocrx_word' id='word_1_320' title='bbox 567 2128 638 2169; x_wconf 72' lang='grc' dir='ltr'><strong>Γν.</strong></span> <span class='ocrx_word' id='word_1_321' title='bbox 667 2127 879 2179; x_wconf 70' lang='grc' dir='ltr'><strong>801υηῖι1.,</strong></span> <span class='ocrx_word' id='word_1_322' title='bbox 919 2126 1084 2180; x_wconf 72' lang='lat' dir='ltr'><strong>Meyer.</strong></span> <span class='ocrx_word' id='word_1_323' title='bbox 1116 2129 1212 2183; x_wconf 63' lang='lat' dir='ltr'><strong>ah).</strong></span> <span class='ocrx_word' id='word_1_324' title='bbox 1291 2130 1404 2173; x_wconf 83' lang='lat' dir='ltr'><strong>Nam</strong></span> <span class='ocrx_word' id='word_1_325' title='bbox 1439 2132 1582 2188; x_wconf 88' lang='lat' dir='ltr'><strong>primo</strong></span> 
     </span>
     <span class='ocr_line' id='line_1_36' title="bbox 107 2183 1582 2242; baseline 0.004 -18"><span class='ocrx_word' id='word_1_326' title='bbox 107 2183 282 2240; x_wconf 88' lang='lat' dir='ltr'><strong>quidem</strong></span> <span class='ocrx_word' id='word_1_327' title='bbox 321 2184 495 2225; x_wconf 87' lang='lat' dir='ltr'><strong>minime</strong></span> <span class='ocrx_word' id='word_1_328' title='bbox 524 2191 859 2226; x_wconf 82' lang='lat' dir='ltr'><strong>consentaneum</strong></span> <span class='ocrx_word' id='word_1_329' title='bbox 890 2189 980 2234; x_wconf 90' lang='lat' dir='ltr'><strong>est,</strong></span> <span class='ocrx_word' id='word_1_330' title='bbox 1029 2183 1210 2226; x_wconf 81' lang='lat' dir='ltr'><strong>Paulum</strong></span> <span class='ocrx_word' id='word_1_331' title='bbox 1243 2185 1302 2230; x_wconf 88' lang='lat' dir='ltr'><strong>V.</strong></span> <span class='ocrx_word' id='word_1_332' title='bbox 1332 2188 1389 2230; x_wconf 91' lang='lat' dir='ltr'><strong>T.</strong></span> <span class='ocrx_word' id='word_1_333' title='bbox 1420 2189 1582 2242; x_wconf 85' lang='lat' dir='ltr'><strong>locum,</strong></span> 
     </span>
     <span class='ocr_line' id='line_1_37' title="bbox 108 2241 1582 2302; baseline 0.003 -20"><span class='ocrx_word' id='word_1_334' title='bbox 108 2255 235 2296; x_wconf 87' lang='lat' dir='ltr'><strong>quem</strong></span> <span class='ocrx_word' id='word_1_335' title='bbox 264 2249 497 2292; x_wconf 78' lang='lat' dir='ltr'><strong>augustum</strong></span> <span class='ocrx_word' id='word_1_336' title='bbox 534 2241 786 2295; x_wconf 76' lang='lat' dir='ltr'><strong>mysterium</strong></span> <span class='ocrx_word' id='word_1_337' title='bbox 817 2241 988 2296; x_wconf 86' lang='lat' dir='ltr'><strong>aperire</strong></span> <span class='ocrx_word' id='word_1_338' title='bbox 1018 2242 1302 2295; x_wconf 72' lang='lat' dir='ltr'><strong>credidisset,</strong></span> <span class='ocrx_word' id='word_1_339' title='bbox 1351 2261 1481 2302; x_wconf 81' lang='lat' dir='ltr'><strong>saepe</strong></span> <span class='ocrx_word' id='word_1_340' title='bbox 1515 2247 1582 2287; x_wconf 90' lang='lat' dir='ltr'><strong>le-</strong></span> 
     </span>
     <span class='ocr_line' id='line_1_38' title="bbox 106 2297 1583 2356; baseline 0.004 -18"><span class='ocrx_word' id='word_1_341' title='bbox 106 2305 222 2339; x_wconf 88' lang='lat' dir='ltr'><strong>ctum</strong></span> <span class='ocrx_word' id='word_1_342' title='bbox 254 2297 575 2353; x_wconf 75' lang='lat' dir='ltr'><strong>diligenterque</strong></span> <span class='ocrx_word' id='word_1_343' title='bbox 605 2299 893 2339; x_wconf 81' lang='lat' dir='ltr'><strong>examinatum</strong></span> <span class='ocrx_word' id='word_1_344' title='bbox 924 2298 990 2339; x_wconf 74' lang='lat' dir='ltr'><strong>vel</strong></span> <span class='ocrx_word' id='word_1_345' title='bbox 1020 2300 1225 2340; x_wconf 73' lang='lat' dir='ltr'><strong>memoria</strong></span> <span class='ocrx_word' id='word_1_346' title='bbox 1259 2315 1340 2342; x_wconf 89' lang='lat' dir='ltr'><strong>non</strong></span> <span class='ocrx_word' id='word_1_347' title='bbox 1369 2303 1583 2356; x_wconf 85' lang='lat' dir='ltr'><strong>tenuisse,</strong></span> 
     </span>
     <span class='ocr_line' id='line_1_39' title="bbox 107 2354 1582 2401; baseline 0.003 -5"><span class='ocrx_word' id='word_1_348' title='bbox 107 2355 176 2397; x_wconf 77' lang='lat' dir='ltr'><strong>vel</strong></span> <span class='ocrx_word' id='word_1_349' title='bbox 200 2354 237 2395; x_wconf 92' lang='lat' dir='ltr'><strong>si</strong></span> <span class='ocrx_word' id='word_1_350' title='bbox 259 2369 281 2394; x_wconf 93' lang='lat' dir='ltr'><strong>e</strong></span> <span class='ocrx_word' id='word_1_351' title='bbox 305 2355 508 2395; x_wconf 74' lang='lat' dir='ltr'><strong>memoria</strong></span> <span class='ocrx_word' id='word_1_352' title='bbox 532 2355 796 2395; x_wconf 77' lang='lat' dir='ltr'><strong>excessisset</strong></span> <span class='ocrx_word' id='word_1_353' title='bbox 818 2369 900 2395; x_wconf 90' lang='lat' dir='ltr'><strong>non</strong></span> <span class='ocrx_word' id='word_1_354' title='bbox 920 2355 1152 2398; x_wconf 74' lang='lat' dir='ltr'><strong>evolvisse.</strong></span> <span class='ocrx_word' id='word_1_355' title='bbox 1216 2356 1386 2400; x_wconf 85' lang='lat' dir='ltr'><strong>Deinde</strong></span> <span class='ocrx_word' id='word_1_356' title='bbox 1408 2360 1481 2400; x_wconf 87' lang='lat' dir='ltr'><strong>illa</strong></span> <span class='ocrx_word' id='word_1_357' title='bbox 1507 2375 1582 2401; x_wconf 85' lang='lat' dir='ltr'><strong>su-</strong></span> 
     </span>
     <span class='ocr_line' id='line_1_40' title="bbox 88 2411 1583 2468; baseline 0.003 -16"><span class='ocrx_word' id='word_1_358' title='bbox 88 2411 247 2468; x_wconf 73' lang='lat' dir='ltr'><strong>⁷spicio</strong></span> <span class='ocrx_word' id='word_1_359' title='bbox 270 2426 425 2465; x_wconf 82' lang='lat' dir='ltr'><strong>magno</strong></span> <span class='ocrx_word' id='word_1_360' title='bbox 448 2411 634 2452; x_wconf 79' lang='lat' dir='ltr'><strong>artificio</strong></span> <span class='ocrx_word' id='word_1_361' title='bbox 655 2412 898 2463; x_wconf 74' lang='lat' dir='ltr'><strong>refellitur,</strong></span> <span class='ocrx_word' id='word_1_362' title='bbox 933 2426 1017 2467; x_wconf 77' lang='lat' dir='ltr'><strong>quo</strong></span> <span class='ocrx_word' id='word_1_363' title='bbox 1043 2411 1092 2455; x_wconf 85' lang='lat' dir='ltr'><strong>P.</strong></span> <span class='ocrx_word' id='word_1_364' title='bbox 1113 2414 1408 2457; x_wconf 84' lang='lat' dir='ltr'><strong>testimonium</strong></span> <span class='ocrx_word' id='word_1_365' title='bbox 1431 2432 1454 2458; x_wconf 89' lang='lat' dir='ltr'><strong>e</strong></span> <span class='ocrx_word' id='word_1_366' title='bbox 1475 2416 1583 2457; x_wconf 91' lang='lat' dir='ltr'><strong>duo-</strong></span> 
     </span>
     <span class='ocr_line' id='line_1_41' title="bbox 109 2467 1582 2525; baseline 0.003 -16"><span class='ocrx_word' id='word_1_367' title='bbox 109 2468 192 2509; x_wconf 84' lang='lat' dir='ltr'><strong>bus</strong></span> <span class='ocrx_word' id='word_1_368' title='bbox 218 2467 393 2525; x_wconf 83' lang='lat' dir='ltr'><strong>Jesajae</strong></span> <span class='ocrx_word' id='word_1_369' title='bbox 425 2469 535 2511; x_wconf 85' lang='lat' dir='ltr'><strong>locis</strong></span> <span class='ocrx_word' id='word_1_370' title='bbox 567 2469 811 2524; x_wconf 77' lang='lat' dir='ltr'><strong>composuit</strong></span> <span class='ocrx_word' id='word_1_371' title='bbox 841 2472 901 2520; x_wconf 71' lang='lat' dir='ltr'><strong>(v.</strong></span> <span class='ocrx_word' id='word_1_372' title='bbox 933 2469 1083 2520; x_wconf 78' lang='lat' dir='ltr'><strong>infra).</strong></span> <span class='ocrx_word' id='word_1_373' title='bbox 1144 2469 1261 2525; x_wconf 74' lang='lat' dir='ltr'><strong>Quin</strong></span> <span class='ocrx_word' id='word_1_374' title='bbox 1296 2470 1438 2514; x_wconf 72' lang='grc' dir='ltr'><em>Ξίἐκεν</em></span> <span class='ocrx_word' id='word_1_375' title='bbox 1465 2470 1582 2514; x_wconf 77' lang='grc' dir='ltr'><em>Σιών</em></span> 
     </span>
     <span class='ocr_line' id='line_1_42' title="bbox 110 2518 1581 2581; baseline 0.005 -17"><span class='ocrx_word' id='word_1_376' title='bbox 110 2524 254 2565; x_wconf 84' lang='lat' dir='ltr'><strong>minus</strong></span> <span class='ocrx_word' id='word_1_377' title='bbox 273 2518 498 2581; x_wconf 65' lang='lat' dir='ltr'><strong>ei&#39;placuit</strong></span> <span class='ocrx_word' id='word_1_378' title='bbox 522 2533 779 2581; x_wconf 79' lang='lat' dir='ltr'><strong>propterea,</strong></span> <span class='ocrx_word' id='word_1_379' title='bbox 811 2524 924 2580; x_wconf 87' lang='lat' dir='ltr'><strong>quod</strong></span> <span class='ocrx_word' id='word_1_380' title='bbox 948 2525 1153 2567; x_wconf 74' lang='lat' dir='ltr'><strong>Messinm</strong></span> <span class='ocrx_word' id='word_1_381' title='bbox 1186 2532 1230 2567; x_wconf 66' lang='grc' dir='ltr'><strong>τι(</strong></span> <span class='ocrx_word' id='word_1_382' title='bbox 1254 2527 1430 2570; x_wconf 56' lang='lat' dir='ltr'><strong>Samnis</strong></span> <span class='ocrx_word' id='word_1_383' title='bbox 1461 2543 1581 2581; x_wconf 74' lang='lat' dir='ltr'><strong>opem</strong></span> 
     </span>
     <span class='ocr_line' id='line_1_43' title="bbox 108 2579 1582 2642; baseline 0.003 -20"><span class='ocrx_word' id='word_1_384' title='bbox 108 2579 247 2636; x_wconf 77' lang='lat' dir='ltr'><strong>ferret</strong></span> <span class='ocrx_word' id='word_1_385' title='bbox 260 2588 486 2623; x_wconf 73' lang='lat' dir='ltr'><strong>venturum</strong></span> <span class='ocrx_word' id='word_1_386' title='bbox 510 2597 608 2622; x_wconf 85' lang='lat' dir='ltr'><strong>esse</strong></span> <span class='ocrx_word' id='word_1_387' title='bbox 630 2597 681 2623; x_wconf 76' lang='lat' dir='ltr'><strong>ex</strong></span> <span class='ocrx_word' id='word_1_388' title='bbox 706 2582 989 2637; x_wconf 80' lang='lat' dir='ltr'><strong>sequentibus</strong></span> <span class='ocrx_word' id='word_1_389' title='bbox 1010 2597 1044 2623; x_wconf 78' lang='lat' dir='ltr'><strong>v.</strong></span> <span class='ocrx_word' id='word_1_390' title='bbox 1068 2583 1178 2624; x_wconf 86' lang='lat' dir='ltr'><strong>satis</strong></span> <span class='ocrx_word' id='word_1_391' title='bbox 1201 2593 1447 2640; x_wconf 81' lang='lat' dir='ltr'><strong>appareret,</strong></span> <span class='ocrx_word' id='word_1_392' title='bbox 1469 2600 1582 2642; x_wconf 84' lang='lat' dir='ltr'><strong>quae</strong></span> 
     </span>
     <span class='ocr_line' id='line_1_44' title="bbox 110 2637 1579 2694; baseline 0.005 -17"><span class='ocrx_word' id='word_1_393' title='bbox 110 2637 319 2680; x_wconf 76' lang='lat' dir='ltr'><strong>Messian}</strong></span> <span class='ocrx_word' id='word_1_394' title='bbox 341 2640 480 2694; x_wconf 89' lang='lat' dir='ltr'><strong>primo</strong></span> <span class='ocrx_word' id='word_1_395' title='bbox 502 2639 725 2680; x_wconf 88' lang='lat' dir='ltr'><strong>nonnullis</strong></span> <span class='ocrx_word' id='word_1_396' title='bbox 751 2643 814 2693; x_wconf 72' lang='lat' dir='ltr'><strong>(v.</strong></span> <span class='ocrx_word' id='word_1_397' title='bbox 833 2640 949 2689; x_wconf 72' lang='lat'><strong>26.)‚</strong></span> <span class='ocrx_word' id='word_1_398' title='bbox 980 2638 1138 2680; x_wconf 87' lang='lat' dir='ltr'><strong>deinde</strong></span> <span class='ocrx_word' id='word_1_399' title='bbox 1167 2641 1368 2684; x_wconf 88' lang='lat' dir='ltr'><strong>omnibus</strong></span> <span class='ocrx_word' id='word_1_400' title='bbox 1390 2643 1579 2686; x_wconf 90' lang='lat' dir='ltr'><strong>Sionitis</strong></span> 
     </span>
     <span class='ocr_line' id='line_1_45' title="bbox 116 2694 1581 2764; baseline 0.005 -30"><span class='ocrx_word' id='word_1_401' title='bbox 116 2695 176 2747; x_wconf 82' lang='lat' dir='ltr'><strong>(v.</strong></span> <span class='ocrx_word' id='word_1_402' title='bbox 197 2694 289 2764; x_wconf 57' lang='lat'><strong>222</strong></span> <span class='ocrx_word' id='word_1_403' title='bbox 310 2696 442 2737; x_wconf 84' lang='lat' dir='ltr'><strong>saluti</strong></span> <span class='ocrx_word' id='word_1_404' title='bbox 473 2696 665 2736; x_wconf 76' lang='lat' dir='ltr'><strong>futurum</strong></span> <span class='ocrx_word' id='word_1_405' title='bbox 696 2711 791 2737; x_wconf 87' lang='lat' dir='ltr'><strong>esse</strong></span> <span class='ocrx_word' id='word_1_406' title='bbox 820 2695 1110 2739; x_wconf 82' lang='lat' dir='ltr'><strong>declararent.</strong></span> <span class='ocrx_word' id='word_1_407' title='bbox 1167 2695 1325 2754; x_wconf 87' lang='lat' dir='ltr'><strong>ltaque</strong></span> <span class='ocrx_word' id='word_1_408' title='bbox 1355 2714 1436 2741; x_wconf 89' lang='lat' dir='ltr'><strong>suo</strong></span> <span class='ocrx_word' id='word_1_409' title='bbox 1464 2701 1581 2741; x_wconf 84' lang='lat' dir='ltr'><strong>arbi-</strong></span> 
     </span>
     <span class='ocr_line' id='line_1_46' title="bbox 113 2751 1581 2809; baseline 0.005 -19"><span class='ocrx_word' id='word_1_410' title='bbox 113 2754 230 2790; x_wconf 87' lang='lat' dir='ltr'><strong>tratu</strong></span> <span class='ocrx_word' id='word_1_411' title='bbox 261 2765 308 2792; x_wconf 81' lang='grc' dir='ltr'><strong>εκ</strong></span> <span class='ocrx_word' id='word_1_412' title='bbox 340 2751 455 2794; x_wconf 71' lang='grc' dir='ltr'>,Σιών</span> <span class='ocrx_word' id='word_1_413' title='bbox 485 2752 688 2809; x_wconf 83' lang='lat' dir='ltr'><strong>scripsit,</strong></span> <span class='ocrx_word' id='word_1_414' title='bbox 737 2758 784 2793; x_wconf 86' lang='lat' dir='ltr'><strong>ut</strong></span> <span class='ocrx_word' id='word_1_415' title='bbox 814 2753 1074 2793; x_wconf 85' lang='lat' dir='ltr'><strong>sententiam</strong></span> <span class='ocrx_word' id='word_1_416' title='bbox 1105 2761 1307 2797; x_wconf 82' lang='lat' dir='ltr'><strong>acueret:</strong></span> <span class='ocrx_word' id='word_1_417' title='bbox 1357 2758 1581 2797; x_wconf 66' lang='lat' dir='ltr'><strong>exorietur</strong></span> 
     </span>
     <span class='ocr_line' id='line_1_47' title="bbox 115 2808 1581 2870; baseline 0.005 -21"><span class='ocrx_word' id='word_1_418' title='bbox 115 2812 315 2850; x_wconf 74' lang='lat' dir='ltr'><strong>servator</strong></span> <span class='ocrx_word' id='word_1_419' title='bbox 356 2809 399 2851; x_wconf 78' lang='lat' dir='ltr'><strong>in</strong></span> <span class='ocrx_word' id='word_1_420' title='bbox 435 2809 585 2866; x_wconf 78' lang='lat' dir='ltr'><strong>populo</strong></span> <span class='ocrx_word' id='word_1_421' title='bbox 624 2809 766 2854; x_wconf 75' lang='lat' dir='ltr'><strong>israel.</strong></span> <span class='ocrx_word' id='word_1_422' title='bbox 795 2808 911 2865; x_wconf 66' lang='lat' dir='ltr'><strong>(QS.</strong></span> <span class='ocrx_word' id='word_1_423' title='bbox 945 2810 1038 2865; x_wconf 73' lang='lat'><strong>33.)</strong></span> <span class='ocrx_word' id='word_1_424' title='bbox 1076 2817 1119 2853; x_wconf 89' lang='lat' dir='ltr'><strong>et</strong></span> <span class='ocrx_word' id='word_1_425' title='bbox 1149 2811 1336 2870; x_wconf 84' lang='lat' dir='ltr'><strong>primum</strong></span> <span class='ocrx_word' id='word_1_426' title='bbox 1365 2813 1581 2857; x_wconf 75' lang='lat' dir='ltr'><strong>nonnullos</strong></span> 
     </span>
    </p>
   </div>
  </div>
 </body>
</html>
