1715 3115
155 188 214 230 ⁴2
435 188 816 235 EPISTOLA
845 192 946 236 AD
978 193 1339 241 ROMANOS

155 294 233 336 sed
268 299 431 350 pestem
473 296 723 339 hominibus
761 297 1065 355 apportavisse
1112 305 1273 346 monet.
1360 301 1615 348 Studiosius

153 352 310 401 etiam,
342 366 469 408 qnam
490 354 628 395 totius
651 353 762 408 legis
782 367 888 396 mos.
907 354 1195 398 innocentiam
1218 358 1431 412 defendit,
1470 359 1611 401 inter—

153 407 258 449 dicti
282 405 359 459 01'22(
378 407 679 464 ἐπιθυμήσεις
700 411 944 452 castitatem
958 413 1219 455 testificatus
1238 420 1305 455 est
1325 415 1481 466 tribus,
1513 416 1611 472 qui-

151 463 233 505 bus
257 464 525 517 integritatis
548 466 764 507 notionem
786 467 1052 521 exhauriret,
1074 469 1295 512 vocabulis
1316 486 1421 512 usus
1448 473 1509 527 (2,
1527 473 1609 526 7.).

152 520 373 562 Nimirum
410 522 501 563 illis
541 523 815 578 potissimum
846 523 984 566 Mosis
1015 525 1160 568 verbis
1199 523 1275 578 οὐχ
1312 524 1610 583 ἐπιθυμήσεις

150 576 363 619 Peccatus
391 578 692 620 fraudulenter
719 580 882 622 abusus
907 586 997 634 est,
1034 583 1192 636 quibus
1215 582 1467 636 libidinem,
1509 598 1609 640 pec-

148 640 342 675 catorum
365 635 723 691 procreatricem,
761 644 960 679 evocaret
983 639 1063 681 v.8
1079 664 1121 669 —
1140 639 1227 682 11..
1287 637 1493 681 Sanctum
1523 640 1608 695 igi-

147 696 222 732 tur
251 693 426 746 (purum
459 696 503 732 et
532 692 799 746 venerabile)
827 700 870 735 et
893 693 1062 752 justum
1094 694 1356 749 (integrum)
1383 701 1426 737 et
1449 696 1606 738 bonum

145 747 213 800 (in
232 761 315 802 qno
337 747 446 788 nihil
467 754 580 789 recte
611 750 923 805 reprehendas)
953 750 1231 793 interdictum
1255 749 1306 794 P.
1329 752 1606 809 nuncupavit.

145 803 277 845 Multi
309 804 465 858 (schol.
485 803 678 858 lunula,
708 807 868 860 Plau„
896 807 1045 850 Reicle.
1064 807 1146 860 al.)
1168 821 1269 849 voce
1299 804 1447 863 ἀγαθή
1479 823 1606 864 prae-

144 866 317 916 ceptum
341 861 536 902 salutare
562 861 649 903 dici
688 868 859 918 putant,
929 862 1029 904 Non
1059 868 1192 906 recte.
1259 862 1373 907 Nam
1405 872 1605 922 praeter-

143 930 272 973 quam
294 915 409 972 quod
431 930 576 958 vocem
597 913 746 974 ἀγαθή
767 919 982 961 sententia
1005 918 1061 959 ab
1081 914 1184 972 ἇγία
1202 923 1247 961 et
1267 918 1417 961 δικαία
1437 919 1623 966 ἀίεῑᾶῐε,

141 987 296 1030 parum
326 972 555 1027 probabile
575 978 667 1026 est,
703 982 902 1017 contexta
933 975 1073 1017 oratio
1101 975 1249 1028 docet,
1288 975 1463 1018 verbum
1490 973 1603 1032 ἀγα-

139 1026 236 1127 ί(ἰός1
247 1043 287 1071 v.
313 1029 382 1073 12.
404 1029 473 1074 13.
502 1029 616 1072 idem
637 1030 753 1089 quod
772 1030 1065 1085 πνευματικός
1093 1046 1134 1077 ν.
1155 1033 1225 1075 14.
1247 1035 1290 1074 et
1310 1028 1446 1082 καλός
1467 1046 1508 1077 v.
1529 1034 1602 1078 16.

172 1100 218 1128 ec
240 1099 384 1130 arare.

250 1141 311 1186 V.
336 1142 406 1186 13.
465 1140 606 1197 Quam
628 1143 826 1184 ultimum
848 1158 888 1187 v.
905 1144 974 1189 12.
997 1158 1089 1188 voc.
1113 1142 1262 1200 ἀγαθή
1284 1142 1599 1193 dubitationem

137 1198 272 1240 alicui
291 1199 470 1257 injicere
489 1199 656 1255 potuit,
687 1214 779 1241 eam
804 1198 854 1243 P.
875 1200 969 1257 ipse
991 1201 1125 1243 movit
1151 1205 1195 1242 et
1214 1201 1377 1242 nullam
1400 1214 1500 1242 esse
1525 1200 1600 1242 de-

137 1255 340 1300 claravit.
399 1255 521 1298 Bona
550 1256 682 1311 iyitur
709 1259 862 1312 (quum
892 1264 938 1297 tu
970 1255 1109 1299 Mosis
1138 1263 1414 1314 praeceptum
1447 1257 1601 1299 bonum

137 1326 235 1353 esse
262 1312 540 1354 contenderis
570 1327 610 1355 v.
632 1313 721 1365 12.)
752 1327 823 1353 res
845 1312 950 1353 mibi
981 1327 1096 1354 mors
1128 1314 1179 1369 (i.
1199 1328 1238 1357 e.
1262 1313 1416 1355 mortis
1441 1326 1599 1356 causa:

134 1382 176 1411 v.
199 1373 288 1412 not.
314 1367 368 1410 ad
397 1382 438 1412 v.
457 1370 522 1422 7.)
551 1369 746 1421 exstitit,
785 1369 901 1409 dicat
918 1365 1114 1424 aliquis?
1161 1368 1331 1425 Nempe
1351 1383 1598 1426 repungnare

134 1425 331 1477 videtur,
370 1439 466 1466 esse
493 1439 582 1466 rem
611 1425 743 1467 simul
771 1425 924 1466 bonam
950 1425 1081 1466 simul
1111 1425 1397 1468 exitiabilem.
1427 1424 1595 1481 γέγονε]

134 1496 219 1524 om.
240 1481 292 1526 F.
314 1481 394 1532 G„
425 1477 584 1537 quibus
605 1482 724 1523 nulla
746 1487 812 1523 est
835 1483 1100 1533 auctoritas,
1137 1482 1347 1537 probante
1368 1481 1540 1523 Reickv'o
1563 1487 1572 1531 Ι

132 1536 303 1591 ἐγένετο
324 1537 451 1592 (mihi
473 1538 627 1579 mortis
638 1552 767 1578 causa
780 1538 1003 1592 exstabat)
1016 1540 1077 1579 A.
1090 1537 1141 1579 Β.
1157 1536 1206 1581 C.
1221 1537 1278 1581 D.
1291 1537 1594 1584 E.47.73.80.

130 1593 538 1638 Methodflamasc.
551 1594 645 1636 Hoc
659 1593 779 1635 dedit
792 1593 970 1636 Lachm.
992 1596 997 1637 Ι
1018 1591 1212 1636 estClar.
1227 1593 1593 1637 Boern.Ambro-

131 1649 530 1694 siast.Hier.Rut..
569 1650 666 1691 Hos
687 1649 831 1705 γέγονε
852 1649 914 1689 sic
928 1649 1130 1700 vertisse,
1162 1663 1245 1689 non
1271 1647 1365 1690 ἐστί
1388 1649 1431 1689 in
1453 1648 1592 1694 codd.

128 1707 349 1750 invenisse
361 1706 578 1751 existimo.
622 1704 831 1761 Ρ.γέγονε
849 1705 1052 1761 scripsit,
1074 1702 1241 1759 ἐγένετο
1255 1704 1371 1761 quod
1391 1705 1592 1760 seqnitur

127 1773 196 1828 μὴ
227 1771 464 1827 γένοιτο
495 1771 668 1829 peperit
696 1770 897 1825 altasque
917 1769 1087 1811 radices
1110 1769 1224 1823 egit,
1256 1770 1459 1824 quoniam
1481 1766 1591 1813 ἀπέ-

127 1834 268 1871 θανον
285 1844 325 1872 v.
349 1831 417 1872 10.
441 1834 485 1871 et
505 1826 757 1869 ἀπέκτεινεν
777 1839 816 1866 v.
840 1828 905 1867 11.
934 1825 976 1866 id
997 1825 1295 1866 commendare
1314 1826 1590 1872 videbantur.

126 1885 222 1930 Jam
243 1900 372 1943 quum
393 1885 472 1927 alii
492 1883 596 1926 libri
618 1880 789 1938 γέγονε,
819 1882 896 1922 alii
917 1879 1084 1937 ἐγένετο
1107 1881 1405 1934 continerent,
1434 1896 1458 1923 a
1481 1896 1590 1924 non-

127 1942 264 1984 nullis
287 1942 447 1984 scrihis
468 1946 666 1982 neutrum
688 1952 780 1980 voc.
809 1943 1057 1994 susceptum
1079 1943 1163 1980 est.
1222 1937 1310 1979 Sed
1331 1938 1461 1980 verbo
1482 1952 1588 1980 sane

125 2013 238 2056 opus
256 2003 335 2041 est.
395 1996 542 2041 Nimis
563 1995 677 2037 enim
702 1993 862 2036 nudum
884 2000 975 2037 est:
1013 1992 1062 2035 τὸ
1085 1988 1162 2035 οὖν
1182 1990 1352 2048 ἀγαθὸν
1377 1992 1476 2047 ἐμοὶ
1493 1991 1588 2036 θά-

124 2070 280 2104 maog,-
322 2054 418 2099 Jam
453 2054 702 2101 Peccatum,
733 2064 814 2091 non
836 2049 1147 2102 Interdictum,
1179 2054 1360 2093 mortem
1380 2049 1586 2093 attulisse

126 2112 388 2167 simpliciter
418 2109 471 2153 P.
501 2106 772 2150 asseveravit
799 2109 864 2160 (μ.
897 2121 931 2160 y.
966 2102 1105 2146 ἀλλὰ
1135 2099 1162 2161 ἦ
1192 2101 1457 2162 §inuecta
1484 2105 1584 2150 scil.

125 2166 225 2220 ἐμοὶ
244 2167 389 2221 γέγηνε
409 2162 639 2218 θάνατος).
699 2162 837 2204 Plana
860 2162 971 2203 enim
993 2176 1064 2203 res
1083 2168 1202 2214 erat,
1231 2167 1459 2219 postquam
1476 2161 1584 2203 Pec-

123 2230 264 2264 catum
295 2237 370 2279 per
390 2228 561 2278 turpem
587 2217 811 2261 interdicti
839 2219 1020 2259 abusum
1051 2218 1221 2259 irritata
1242 2217 1426 2258 libidine
1448 2218 1584 2259 maxi-

123 2294 216 2321 mas
236 2284 536 2336 peccatorum,
574 2290 684 2331 quae
705 2278 844 2318 morte
865 2275 1144 2330 punirentur,
1181 2278 1396 2314 sementes
1424 2273 1581 2316 fecisse

123 2337 218 2391 Ap.
241 2335 495 2376 ostenderat
522 2348 563 2376 v.
581 2333 773 2375 8—11..
830 2329 951 2374 Illud
972 2336 1170 2370 accurate
1193 2328 1317 2381 dixit,
1345 2330 1580 2386 sapientis-

124 2393 232 2433 sime
252 2392 393 2432 Deum
418 2405 490 2432 res
513 2389 572 2430 ita
598 2387 867 2429 moderatum
889 2400 1010 2437 esse,
1040 2392 1087 2426 ut
1108 2383 1317 2427 Peccatus
1346 2400 1422 2442 per
1442 2386 1580 2427 inter-

124 2448 285 2488 dictum
307 2447 503 2488 homines
523 2452 611 2486 tum
633 2443 687 2485 ad
707 2442 969 2501 peccandum
988 2442 1240 2496 pelliceret,
1269 2446 1359 2482 tum
1381 2456 1459 2497 per
1478 2456 1578 2498 pec-

123 2508 219 2544 cata
251 2503 293 2544 in
320 2517 464 2544 orcum
487 2500 796 2558 praecipitaret
825 2496 914 2552 (ἵνα
942 2499 1059 2553 φανῇ
1078 2523 1131 2528 -
1151 2498 1225 2539 διὰ
1252 2494 1576 2553 τῆςἘντολῆς).

124 2559 242 2601 Mate
266 2559 349 2610 1t.‚
390 2559 535 2612 Κύμη
565 2556 769 2607 ΙιιιΐΙτεν.,
803 2555 981 2605 ileum„
1011 2555 1195 2608 (;(1‚·pz·‚
1226 2554 1397 2596 Baetem.
1417 2554 1460 2594 al
1481 2568 1576 2594 ver-

122 2616 177 2658 ba
207 2614 270 2656 sic
300 2614 582 2671 copularunt:
627 2607 764 2653 ἀλλά
796 2607 822 2665 ἡ
849 2606 1144 2663 εΑμοερτία,
1190 2607 1339 2667 ‘aiva—(p.
1369 2604 1436 2660 οἱ,
1481 2606 1576 2650 dte?

122 2671 222 2712 τοῦ
262 2668 492 2724 ἀγαθοῦ
531 2683 626 2718 μοι
663 2665 1112 2722 κατεργαζομένη
1151 2668 1240 2718 (sc.
1269 2666 1349 2719 ἠν)
1378 2663 1573 2705 θάνατον

122 2728 198 2768 sed
220 2727 470 2777 Peccatum,
501 2731 548 2765 ut
569 2727 811 2779 peccatum,
841 2723 920 2764 i.e.
943 2728 1071 2779 turpe
1094 2726 1138 2763 et
1156 2719 1443 2779 perniciosum
1473 2734 1571 2762 esse

124 2787 377 2838 appareret,
422 2795 500 2836 per
530 2780 680 2822 bonam
718 2793 807 2820 rem
836 2778 937 2819 milei
967 2784 1141 2820 mortem
1176 2776 1364 2831 peperit,
1411 2782 1457 2816 nt
1484 2801 1539 2806 —
1557 2807 1569 2820 ,

124 2838 331 2882 Precatio
355 2838 466 2880 enim
482 2869 494 2889 ,
534 2840 581 2878 ut
601 2833 883 2892 Participium
908 2834 989 2877 tint
1012 2835 1132 2877 serbi
1154 2833 1267 2876 finiti
1287 2833 1488 2884 haberet,
1520 2828 1570 2888 ἦν
