1715 3115
164 219 219 261 50
440 211 822 256 EPISTOLA
852 212 954 255 AD
985 211 1351 259 ROMANOS

169 329 354 381 loquens
387 319 678 371 asseveravit,
719 317 910 362 Judaeos
932 320 1021 374 legi
1053 334 1161 365 mos,
1180 321 1402 380 subjectos
1421 319 1628 365 Peccatni

170 383 276 425 adeo
306 378 597 434 emancipatos
623 375 785 428 fuisse,
829 382 875 417 ut
904 376 1147 419 inconsulta
1183 378 1376 420 facerent
1408 393 1521 435 quae
1549 378 1628 421 ille

171 439 371 481 dominus
403 435 459 476 iis
492 435 753 475 innovasset
781 432 824 476 h.
845 446 884 475 e.
913 432 1024 475 illud
1054 433 1274 476 hominum
1305 449 1442 491 genus
1466 439 1628 478 temere

172 495 224 537 ad
246 508 354 549 quac
375 492 484 533 mala
506 449 706 532 voluntas
735 494 778 529 ct
804 502 1033 546 pravarum
1055 504 1104 531 cu
1141 490 1339 534 iditatum
1357 491 1491 534 ardor
1512 506 1630 534 com-

172 552 360 610 pulisset
388 554 667 606 perpetrasse
706 545 878 602 potius,
923 560 1050 602 quam
1139 547 1180 588 ei
1217 547 1417 591 mandata
1456 548 1630 591 ratione

171 623 296 651 usum
326 611 369 647 et
399 605 583 646 consilio
609 603 856 646 conficeret.
913 602 1030 644 Male
1059 603 1189 644 etiam
1220 604 1300 646 hoc
1330 604 1540 663 objicias,
1580 609 1632 648 ut

171 663 397 708 temeritas
417 661 493 703 uni
516 660 695 701 alterive
719 664 835 701 recte
859 659 1030 701 crimini
1051 659 1199 710 detur,
1236 661 1347 704 male
1369 668 1513 704 tamen
1532 674 1631 704 eam

172 727 239 764 tot
257 719 503 762 hominibus
525 716 784 773 exprobrari
811 721 916 772 quot
935 716 1154 758 hominum
1176 718 1347 760 nomine
1367 715 1420 762 Ρ.
1440 718 1484 761 h.
1503 718 1537 762 l.
1563 717 1631 760 lo·-

174 783 334 834 quatur
360 774 562 830 (liciole).
624 772 735 814 Nam
766 772 842 814 hoc
870 777 1125 827 argumento
1148 773 1308 816 Paulus
1335 778 1631 832 oppugnatur,

174 836 250 892 qui
270 848 351 875 non
375 832 467 873 sino
488 831 659 870 numine
682 829 838 870 sactum
859 843 957 870 esse
978 828 1201 882 docuerit,
1240 833 1289 871 ut
1309 831 1384 886 qui
1408 830 1499 886 legi
1519 844 1630 875 mos.

173 894 379 949 parerent
402 894 443 928 et
464 886 651 941 pessime
664 885 877 927 sentirent
897 890 939 927 et
949 885 1231 942 spurcissime
1243 885 1507 942 viverentw.
1520 887 1631 942 13.).

174 946 420 1000 Ammine„
447 945 586 995 Βυζ-ιι,
618 943 816 992 massus,
847 942 983 994 Grot„
1002 942 1186 995 Elsner„
1218 943 1451 995 Turretin„
1477 943 1630 996 Flatt„

174 996 324 1047 Reiclv.
352 1002 410 1044 al.
440 996 492 1041 ου’
521 999 718 1054 γινώσκω
749 998 966 1055 explicant
992 1012 1072 1040 non
1095 998 1304 1054 approbo,
1331 1005 1482 1041 contra
1503 1014 1631 1041 usum

171 1058 397 1117 loquendi.
456 1056 555 1098 Non
579 1062 694 1096 recte
717 1068 814 1106 eos,
854 1060 901 1097 ut
923 1055 1028 1096 hanc
1050 1054 1456 1111 interpretationem
1482 1055 1631 1098 firma-

172 1121 295 1167 rent,
328 1128 458 1171 quum
483 1111 642 1160 adalia
663 1112 695 1154 l.
716 1116 806 1152 tum
827 1110 880 1151 ad
903 1111 1006 1153 haec
1037 1110 1148 1154 Hos.
1169 1111 1212 1164 8,
1229 1111 1272 1155 2.
1304 1111 1446 1156 Sirac.
1465 1111 1538 1166 28,
1557 1113 1630 1157 18.

170 1174 334 1217 Matth.
356 1173 399 1224 7,
425 1171 496 1213 23.
522 1167 622 1212 Joh.
646 1169 711 1218 10,
736 1168 806 1210 14.
835 1169 940 1210 Am.
962 1168 1002 1220 3,
1022 1167 1065 1211 2.
1098 1171 1120 1208 1
1144 1167 1246 1211 Cor.
1265 1167 1308 1221 8,
1329 1168 1373 1212 3.
1403 1167 1506 1213 Gal.
1523 1169 1568 1222 4,
1583 1170 1630 1214 9.

171 1242 433 1289 prorocasse
453 1232 648 1284 apparet.
709 1223 796 1265 Sed
821 1237 871 1264 ne
891 1223 958 1265 hic
981 1223 1152 1279 quidem
1174 1224 1205 1268 l.
1229 1221 1306 1268 Ps.
1326 1225 1366 1279 l,
1385 1225 1428 1269 6.
1458 1222 1530 1268 ὅτι
1548 1240 1631 1280 yc-

173 1284 374 1329 νώσκει
406 1285 524 1340 (ιω-ς)
555 1278 705 1335 κύριος
728 1275 830 1320 adim
858 1279 1038 1321 δικαίων
1061 1294 1151 1322 rem
1173 1282 1441 1338 comprobat.
1499 1280 1631 1324 Nihil

172 1344 286 1386 enim
310 1343 378 1382 hic
408 1339 632 1394 γινώσκειν
661 1341 782 1378 notat
809 1336 894 1377 nisi
922 1337 1044 1379 scire.
1101 1336 1187 1379 Sed
1210 1336 1326 1393 quod
1347 1352 1503 1380 numen
1528 1352 1630 1380 san-

171 1399 414 1443 ctissimum
440 1396 672 1453 proborum
692 1392 909 1434 hominum
929 1393 1060 1433 vitam
1075 1395 1336 1450 noveritpro
1355 1395 1485 1436 causa
1503 1408 1630 1451 prae-

172 1457 381 1506 miorum,
419 1467 600 1509 qnorum
630 1464 707 1506 spe
737 1449 807 1490 illi
835 1449 1078 1491 rectissime
1101 1449 1337 1504 ducantur,
1374 1465 1630 1494 commemo-

170 1518 318 1565 ratur,
362 1507 718 1566 quemadmodum
757 1504 856 1549 Job.
884 1505 954 1558 35,
982 1506 1049 1549 15.
1088 1507 1414 1549 malefactorum
1456 1508 1631 1561 notitia,

171 1584 298 1627 quam
325 1568 446 1610 Deus
469 1565 647 1615 haheat,
687 1576 765 1619 pro
792 1561 920 1603 causa
945 1576 1179 1618 poenarum
1204 1563 1352 1620 impiis
1378 1563 1630 1607 metuenda-

171 1641 268 1669 rum
287 1625 482 1682 ponitur.
541 1619 689 1663 Reick.
715 1633 847 1674 quum
868 1616 919 1660 οὗ
941 1615 1137 1672 γινώσκω
1159 1618 1270 1661 idem
1292 1619 1407 1676 quod
1428 1617 1480 1663 οὗ
1502 1621 1628 1664 θέλω

171 1684 317 1727 valere
340 1696 361 1722 e
383 1695 422 1723 v.
445 1681 512 1721 16.
542 1681 692 1734 patere
712 1673 1015 1728 contenderet,
1042 1675 1278 1729 rationem,
1308 1677 1393 1747 {1¹¹5
1411 1690 1453 1720 v.
1475 1674 1527 1719 οὗ
1543 1675 1629 1732 γὰρ

170 1757 195 1782 0
216 1737 516 1781 θέλω-τοῦτο
539 1733 657 1775 ποιῶ
677 1746 770 1774 cum
793 1745 909 1776 vocc.
932 1724 957 1773 ὃ
979 1729 1060 1786 ’κὰρ
1083 1747 1250 1789 κατεργ.
1274 1747 1324 1774 ου
1342 1729 1538 1787 γινώσκω
1555 1747 1626 1774 co-

170 1798 373 1845 haerent,
414 1804 564 1849 parum
596 1792 896 1846 perspexerat.
951 1765 1121 1845 Nempe
1154 1788 1258 1830 haec
1289 1788 1381 1831 illis
1410 1803 1494 1830 non
1524 1789 1628 1831 illu-
1699 1782 1705 1797 '

170 1857 385 1900 stt-antur,
415 1848 489 1890 sed
508 1849 759 1888 firmantur:
787 1851 949 1886 temere
964 1845 1266 1886 etinconsulte
1283 1859 1360 1902 per
1395 1850 1491 1888 etro
1511 1844 1628 1902 quod

169 1909 308 1959 faci03
349 1920 487 1962 neque
516 1903 623 1945 enim
655 1901 770 1957 quod
800 1906 954 1957 expeto
985 1901 1124 1954 facio,
1164 1901 1240 1943 s'ed
1269 1916 1354 1958 quo
1413 1901 1628 1955 detestor,

169 1966 251 2008 hoc
270 1977 450 2022 perago.
507 1958 698 2015 (Nempe
720 1958 758 1999 si
780 1957 927 1999 sobrie
947 1962 991 1999 et
1017 1958 1329 2016 circumspecte
1355 1972 1528 2014 agerem
1549 1958 1628 2001 ho-

169 2026 293 2065 nesta
315 2019 460 2076 potius
481 2030 591 2073 quae
619 2014 848 2069 diligerem
870 2028 995 2070 quam
1025 2014 1252 2056 inhonesta
1275 2029 1384 2071 quae
1404 2015 1629 2057 abomina-

169 2092 245 2120 rer
271 2075 562 2133 perficerem).
626 2069 777 2121 Θέλω,
814 2072 1010 2126 qnoniam
1038 2072 1077 2113 ei
1102 2071 1325 2127 opponitur
1359 2071 1526 2124 μισῶ,
1569 2070 1627 2113 ad

169 2136 435 2177 voluntatem
459 2137 501 2172 et
519 2127 747 2171 consilium
766 2127 926 2169 referri
944 2127 1121 2183 nequit,
1152 2126 1266 2183 quod
1294 2126 1370 2168 ubi
1390 2127 1519 2169 verbo
1538 2129 1628 2170 θέ-

170 2192 233 2233 λω
265 2190 442 2232 verbum
469 2184 673 2241 perficere
701 2184 931 2226 declarans
961 2197 1013 2225 ex
1045 2184 1227 2225 adverso
1254 2184 1424 2224 locatur
1461 2185 1524 2238 (v.
1554 2184 1626 2228 18.

171 2246 292 2291 Phil.
311 2247 353 2298 2,
383 2243 471 2291 13.)
501 2247 646 2294 notat,
684 2240 759 2282 sed
788 2245 966 2296 expeto,
1003 2241 1191 2282 desidero
1218 2239 1331 2281 valet
1357 2242 1419 2294 (ν.
1447 2244 1538 2284 not.
1568 2239 1626 2282 ad

170 2304 309 2346 Marc.
339 2317 383 2359 p.
411 2300 549 2351 547.).
614 2297 740 2339 Hanc
769 2298 822 2339 oh
852 2310 1025 2338 causam
1053 2309 1201 2337 eorum
1234 2295 1467 2352 explicatio
1494 2309 1626 2352 repu-

171 2359 330 2401 dianda
354 2363 444 2409 est,
485 2356 558 2412 qui
588 2352 710 2396 θέλω
734 2353 786 2395 de
814 2352 1028 2395 imbecilla
1047 2352 1269 2393 voluntate
1289 2357 1333 2393 et
1351 2366 1462 2408 quae
1488 2353 1625 2395 actio-

171 2431 266 2457 nem
296 2416 476 2470 gignere
507 2417 694 2467 nequeat
723 2408 1005 2465 (scholastici
1031 2408 1285 2449 velleiturem
1307 2408 1534 2464 dixerunt)
1551 2423 1625 2450 ex-

171 2476 425 2530 posuerunt.
458 2474 505 2510 ut
528 2467 759 2518 Turretsn„
791 2480 871 2506 non
895 2467 1075 2520 propter
1093 2469 1293 2517 argutum
1311 2464 1476 2507 Reiclzz'i
1492 2464 1623 2522 p.42.

171 2533 216 2569 et
238 2528 335 2571 114.
354 2530 655 2580 argumentum
679 2523 892 2563 hominem
914 2534 1053 2575 neque
1075 2521 1224 2561 eodem
1251 2526 1466 2563 momento
1494 2535 1626 2579 posse
1687 2560 1692 2562 e

171 2583 284 2626 idem
306 2583 417 2625 velle
444 2587 487 2622 et
515 2580 656 2629 nolle,
694 2592 857 2634 neque,
897 2591 1026 2632 quum
1049 2577 1228 2618 honesta
1254 2578 1479 2619 voluntate
1497 2591 1624 2620 com—

171 2641 328 2697 plexus
347 2637 501 2688 suerit,
531 2636 757 2676 inhonesta
780 2635 937 2675 facere.
1003 2631 1117 2674 Nam
1142 2633 1183 2674 in
1203 2647 1400 2675 sermone
1417 2634 1624 2691 populari

171 2697 289 2738 nolle
309 2694 423 2751 quod
445 2692 582 2735 velint
599 2696 642 2731 et
662 2692 771 2732 velle
793 2689 905 2745 quod
937 2690 1077 2730 nolint
1104 2704 1179 2730 cos
1203 2689 1408 2742 dicimus,
1449 2690 1493 2731 in
1526 2690 1622 2746 qui-

170 2752 253 2794 hus
272 2753 372 2809 plus
390 2748 676 2807 cupiditatum
700 2746 854 2798 ardor,
885 2759 967 2803 quo
991 2746 1032 2786 in
1056 2747 1198 2787 scelus
1222 2752 1374 2799 ruant,
1404 2760 1532 2802 quam
1552 2760 1622 2788 ra-

171 2809 234 2850 tio
256 2809 412 2864 possit,
442 2818 552 2861 quae
576 2808 691 2844 recta
714 2804 769 2844 iis
788 2809 831 2844 et
854 2803 1124 2858 praescribat
1139 2807 1182 2843 et
1201 2804 1484 2846 commendet.
1543 2801 1623 2844 Se-

171 2878 275 2906 neca
294 2864 526 2922 Hippolyt.
549 2860 666 2904 004..
725 2858 819 2903 Vos
840 2865 980 2901 testor
1003 2872 1151 2900 omnes
1174 2859 1377 2911 coelites,
1409 2859 1487 2901 hoc
1508 2857 1622 2915 quod
1658 2869 1660 2871 ·
