1715 3115
179 193 260 234 100
456 186 834 232 EPISTOLA
870 187 1364 233 ADROMANOS

183 310 259 338 sus
282 293 413 336 luerit
433 296 552 347 (nam
574 306 723 334 eorum
751 293 825 349 qui
859 291 1042 350 ἐποίησε
1069 299 1161 349 past
1193 292 1216 335 ὃ
1246 291 1385 343 θεός
1411 295 1645 351 suppleve-

184 360 287 395 runt
306 349 536 392 consilium
561 363 714 391 vanum
738 365 837 391 esse
858 365 988 408 snpra
1014 352 1302 401 monuimus),
1342 366 1426 407 quo
1451 365 1643 392 sununae

184 406 450 451 temeritatis
469 406 632 447 crimen
655 405 696 446 in
721 405 772 450 P.
789 407 1010 448 confertur
1029 411 1185 462 (neque
1205 409 1317 448 enim
1347 409 1398 448 τὸ
1428 404 1644 449 ἀδύνατον

186 465 266 506 τοῦ
286 460 422 515 νόμου
445 463 486 502 in
513 476 562 503 eo
594 462 737 514 cerni,
775 464 882 519 quod
910 463 1047 504 Musis
1079 463 1151 504 hnc
1181 463 1449 506 Christum
1468 463 1645 504 mittere

188 518 421 574 neqniverit
446 518 496 574 [l]
524 525 640 560 recte
662 518 879 562 affirmare
902 519 1085 576 potuit);
1121 518 1188 559 sin
1211 518 1284 560 καί
1301 520 1385 572 vel,
1421 519 1551 561 etiam
1580 518 1645 558 iu·-

189 574 448 632 terpreteris
471 574 686 616 sententia
708 574 921 632 perditur.
979 575 1178 617 Arduum
1203 576 1315 616 enim
1338 583 1381 617 et
1401 589 1532 630 (piam
1550 573 1645 616 Μο-

191 634 254 673 sis
280 632 348 672 lex
368 630 540 674 efficere
562 644 644 671 non
666 632 883 687 potuisset
909 646 997 672 rem
1022 631 1189 673 Christi
1219 633 1350 688 opera
1373 631 1514 673 Deum
1545 643 1647 686 per-

192 688 377 736 recisse,
415 702 544 743 quum
578 685 804 729 Peccatum
845 689 908 729 rel
944 688 1156 729 commissi
1181 688 1347 738 peccati
1383 687 1648 736 damnasset,

191 745 338 800 inepte
361 741 412 785 P.
431 744 610 787 (liceret.
668 743 805 786 Nullo
834 745 946 786 enim
974 744 1147 797 negotio
1170 742 1420 795 Peccatum,
1450 747 1647 799 peecato-

176 815 290 845 ,rum
311 800 500 841 omnium
521 799 851 852 seminatorem,
890 800 1073 856 alicujus
1101 800 1264 855 patrati
1294 802 1458 857 peccati
1485 798 1646 840 conde-

193 870 331 898 mnes.
400 854 476 899 Ad
515 855 558 897 id
592 858 784 898 homines
817 857 905 911 legi
936 871 1043 899 mos.
1073 855 1292 912 subjectos
1319 870 1401 898 non
1437 854 1647 897 Peccatus

194 911 429 969 impuritas
447 913 577 955 latuit
597 914 657 967 (7,
675 915 742 956 13.
763 917 874 968 sq.)‚
912 912 989 954 sed
1019 912 1204 968 improbi
1236 912 1460 954 daemonis
1486 911 1550 952 vis
1580 913 1646 951 at-

196 984 280 1025 que
297 968 498 1024 tyrannis
515 983 589 1011 eos
620 971 811 1011 coercuit
841 968 1042 1024 (7‚24.).
1112 968 1301 1010 Videtur
1332 975 1473 1010 autem
1503 960 1649 1020 clu-ys.

197 1023 273 1067 καί
303 1026 388 1077 vel,
424 1026 553 1067 etiam
582 1027 867 1082 explicuisse:
897 1051 951 1057 ——
988 1027 1119 1066 τοῦτο
1149 1023 1230 1080 γάρ
1261 1024 1479 1080 ἐδήλωσεν
1511 1021 1650 1065 εἰπών

197 1087 303 1141 περὶ
323 1082 396 1139 ἁμ.
414 1085 638 1141 κατέκρινε
658 1103 694 1130 τ.
707 1087 801 1142 ‘Aga
825 1086 858 1131 ἐ.
879 1103 914 1130 τ.
937 1102 976 1130 σ.
990 1119 1000 1137 ,
1033 1082 1184 1136 ὠςανεὶ
1206 1084 1374 1141 ἔλεγεν,
1404 1083 1474 1128 ὅτι
1493 1081 1647 1146 μέγα

197 1144 628 1206 ἡμαρτηκυῖάν
656 1146 850 1208 ἤλεγξε
878 1155 968 1196 καὶ
996 1150 1126 1195 τότε
1157 1150 1326 1208 αὐτὴν
1353 1151 1649 1194 κατεδίκα-

199 1223 304 1252 σεν.
358 1209 456 1253 Oec.
477 1234 529 1241 —
552 1210 626 1251 καὶ
644 1211 748 1266 περὶ
766 1207 982 1265 ἁμαρτίας
1007 1209 1228 1263 κατέκρινε
1257 1205 1370 1252 τ.Ἁ.
1383 1239 1394 1259 ,
1424 1209 1650 1250 τουτέστιν

200 1261 267 1314 ὡς
314 1259 794 1321 ὑπερβαλλόντως
836 1263 1236 1322 ἁμαρτήσασαν
1262 1290 1335 1310 -.
1401 1265 1563 1306 Totum
1614 1264 1648 1307 l.

201 1321 348 1375 Chry&
377 1321 440 1364 sic
470 1321 671 1376 exponit:
689 1348 742 1354 —-
768 1324 892 1365 Deus
918 1337 995 1365 suo
1022 1322 1112 1363 lilio
1141 1322 1299 1374 misso,
1340 1321 1415 1376 qui
1441 1320 1651 1362 similitu-

200 1377 302 1419 dine
321 1378 518 1434 eorporis
539 1376 742 1420 Peccatui
764 1380 1037 1437 oppignerati
1064 1380 1229 1419 cinctus
1260 1385 1376 1419 esset
1400 1380 1465 1420 vel
1494 1377 1652 1419 atrocis

200 1435 365 1489 peccati
381 1436 476 1490 (np.
497 1448 626 1490 quum
643 1434 850 1478 Peccatus
871 1441 1064 1479 sanctum
1080 1433 1246 1478 Christi
1269 1448 1441 1490 corpus,
1471 1433 1514 1474 in
1534 1430 1652 1489 quod

201 1490 457 1547 nullumjus
480 1490 729 1545 habuisset,
759 1493 923 1535 nefarie
954 1491 1203 1543 occidisset)
1230 1493 1469 1532 convictum
1492 1488 1652 1532 Pecca-

202 1551 293 1588 tum
315 1560 390 1603 per
410 1546 618 1600 (Christi)
637 1563 796 1606 eorpus
816 1553 873 1602 (s.
893 1550 935 1590 ἱιι
956 1548 1121 1591 Christi
1141 1544 1321 1604 corpore
1350 1547 1392 1588 h.
1422 1561 1460 1589 e.
1483 1544 1652 1589 Christi

201 1616 362 1658 eorpus
391 1602 711 1657 interficiendo)
741 1606 910 1661 punivit
941 1606 1060 1655 (scil.
1089 1618 1217 1660 quum
1249 1607 1428 1660 propter
1454 1606 1652 1644 sunctum

203 1657 372 1700 Christi
394 1673 551 1726 corpus
581 1660 742 1718 injuste
770 1660 1041 1716 interfectum
1065 1660 1289 1701 Peccatum
1321 1659 1402 1714 quai
1433 1663 1652 1714 potestate

203 1711 250 1756 ἐν
276 1716 328 1771 τῇ
358 1729 487 1769 σαρκι
512 1716 682 1769 yut-isus
708 1718 851 1758 fuerat
871 1717 1038 1760 Christi
1067 1716 1281 1773 supplicio
1309 1715 1503 1772 privaret
1536 1727 1652 1754 mor-

201 1774 376 1826 temque
398 1785 475 1827 per
497 1785 591 1811 eum
611 1773 890 1829 importatam
916 1774 1126 1816 aboleret.
1184 1771 1237 1813 ln
1265 1785 1314 1813 eo
1345 1777 1487 1813 autem
1519 1770 1651 1810 situm

203 1840 304 1868 esse
320 1826 370 1868 τὸ
393 1824 606 1868 ἀδύνατον
626 1830 704 1871 τοῦ
731 1829 888 1881 νόμου,
931 1829 1043 1885 quod
1078 1830 1150 1870 lex
1183 1843 1288 1872 mos.
1317 1825 1396 1882 τὴν
1417 1821 1654 1880 Ἀμαρτιάν

205 1886 266 1932 ἐν
286 1891 346 1946 τῇ
370 1885 552 1945 σαρκί
573 1887 845 1943 κατακρίνειν
866 1890 1109 1947 nequiverit
1130 1889 1274 1940 Chrys.
1298 1889 1515 1944 opinatur.
1573 1885 1653 1928 Li-

203 1953 354 1991 eenter
374 1964 474 1991 vero
497 1949 644 2001 Chrys.
665 1946 882 2000 ἁμαρτίας
901 1951 1107 1992 vocabulo
1130 1953 1222 2002 (καὶ
1241 1953 1346 2003 περι
1366 1945 1582 2003 ἁμαρτίας
1592 1951 1651 2000 κ.)

204 2006 366 2048 atrocis
386 2006 564 2047 sceleris
585 2005 666 2045 vim
689 2003 832 2055 dedit3
862 2006 1061 2060 precario
1083 2007 1227 2048 verbis
1247 2007 1318 2046 καὶ
1341 2005 1444 2058 περὶ
1463 2000 1532 2057 ἁμ.
1557 2018 1654 2046 κατ.

204 2057 352 2113 τ.“Λμ.
377 2062 452 2104 hoe
475 2063 617 2103 inesse
638 2060 796 2101 sumsit
815 2063 1021 2114 καὶπερὶ
1050 2059 1327 2119 ἁμαρτίας
1355 2056 1548 2115 ἤλεγξε
1573 2057 1654 2113 τὴν

194 2112 294 2169 ‘Au
325 2120 418 2159 καὶ
445 2117 571 2159 τότε
600 2114 770 2170 αὐτὴν
799 2117 1190 2170 κατεδίκασενς
1236 2131 1327 2158 rem
1358 2118 1494 2173 ipsam
1526 2115 1652 2170 flagi-

204 2178 326 2224 tare,
363 2180 411 2215 ut
438 2173 489 2215 τὸ
518 2170 730 2215 ἀδύνατον
756 2187 796 2215 τ.
825 2189 859 2214 ν.
889 2173 943 2213 ad
974 2189 1012 2216 v.
1043 2174 1265 2228 κατέκρινε
1300 2170 1378 2227 τὴν
1398 2167 1650 2226 Ἅμαρτίαν,

204 2243 290 2271 non
312 2228 365 2270 ad
385 2230 592 2272 vocabula
617 2228 840 2283 κατέκρινε
856 2245 892 2270 τ.
907 2226 1001 2281 ‘Apu
1031 2230 1083 2272 ἐν
1113 2231 1174 2286 τῇ
1205 2227 1370 2284 σαρκί
1390 2229 1651 2278 referantur,

203 2299 291 2327 non
322 2287 529 2341 cogitavit
555 2289 618 2342 (v.
645 2288 824 2353 supra);
868 2291 1109 2342 postremo,
1161 2299 1212 2325 ne
1245 2285 1370 2340 plura
1397 2286 1652 2339 argumenta

203 2341 407 2395 afferam,
435 2341 479 2385 ἐν
497 2340 550 2398 τῇ
578 2356 707 2396 σαρκι
734 2341 843 2382 male
871 2341 923 2381 de
942 2342 1100 2383 Christi
1128 2355 1310 2396 corpore
1341 2340 1562 2382 intellexit
1588 2342 1650 2394 (v.

202 2397 358 2451 inl'ra).
428 2399 659 2447 Aliorum,
706 2396 782 2452 qui
821 2398 897 2438 καί
925 2398 1030 2452 περὶ
1057 2393 1274 2451 ἁμαρτίας
1300 2411 1393 2438 eum
1425 2395 1649 2447 κατέκρινε

197 2452 461 2510 junxerunt,
490 2455 621 2496 etiam
640 2451 764 2509 pejor
797 2458 865 2494 est
893 2453 1214 2509 interpretatio.
1273 2451 1470 2495 Pessime
1492 2450 1651 2493 Luthe-

201 2523 276 2552 rus
296 2511 447 2552 vertit:
467 2535 520 2542 —-
547 2517 617 2554 bas
640 2512 721 2561 that
743 2510 844 2553 &ott
862 2522 898 2552 u.
922 2511 1047 2558 sunbte
1065 2509 1186 2562 seium
1205 2511 1327 2561 C‘c‘obn
1344 2531 1400 2540 —-
1419 2521 1457 2552 u.
1485 2510 1653 2550 ”ethome

204 2572 298 2607 mete
330 2565 384 2608 bie
412 2567 554 2612 &imbe
584 2566 635 2609 im
664 2566 796 2617 ῧῑείῐᾶ)
827 2567 935 2618 butd)
955 2565 1098 2610 &inibe
1119 2567 1186 2620 (.').
1251 2564 1476 2621 Benyelins
1506 2568 1650 2603 autem

202 2621 349 2662 verbis
368 2628 527 2662 temere
548 2622 610 2662 sic
629 2621 834 2663 structis:
853 2645 907 2651 —
937 2617 960 2661 ὃ
979 2620 1090 2669 θεὸς
1115 2621 1190 2662 τὸν
1218 2617 1378 2662 ἑαυτοῦ
1406 2615 1500 2659 υἱὸν
1531 2616 1653 2670 πέμ-

202 2683 300 2725 ψας
321 2676 539 2729 κατέκρινε
567 2675 642 2730 τὴν
658 2672 897 2730 (Λμαρτίαν
924 2674 968 2717 ἐν
996 2671 1244 2730 ὁμοιώματι
1273 2689 1312 2718 σ,
1340 2670 1414 2727 ἅμ.
1444 2674 1519 2714 καὶ
1546 2672 1652 2727 περὶ

203 2728 277 2782 ἄμ.
299 2728 346 2773 ἐν
370 2731 422 2788 τῇ
451 2732 592 2785 σαρκί.
632 2734 739 2773 hanc
767 2732 1024 2773 senteutiam
1055 2733 1248 2774 affinxit:
1270 2756 1323 2762 —
1361 2731 1485 2772 Deus
1518 2728 1651 2769 misso

201 2801 282 2828 suo
306 2788 394 2829 mio
421 2796 637 2844 peceatum
659 2790 821 2828 virtute
840 2788 1027 2843 privavit
1049 2789 1089 2828 in
1111 2802 1240 2830 carne
1266 2787 1346 2828 filii
1364 2786 1433 2827 sui
1455 2785 1556 2827 verti
1578 2798 1651 2824 ea-

200 2841 383 2901 demque
404 2846 552 2887 sancta
574 2848 614 2886 e!
640 2845 804 2901 quidem
823 2858 869 2886 eo
890 2844 1067 2898 nomine,
1097 2845 1205 2901 ‹Juod
1222 2847 1442 2899 peccatum
1459 2844 1568 2884 esset
1582 2837 1653 2895 (2),
