1715 3115
158 200 242 242 2⁰6
433 194 805 240 EPISTOLA
844 197 941 240 AD
975 197 1346 243 ROMANOS

158 306 225 349 vel
247 302 553 346 acerbissimos
571 303 685 346 vitae
713 317 840 345 casus
861 304 1110 348 moderante
1133 307 1224 348 Deo
1248 306 1456 364 prodesse
1479 321 1517 352 v.
1542 307 1615 354 28.

156 363 371 413 efficeret,
413 375 460 401 ea
490 361 785 403 tautummodo
814 362 1038 402 referenda
1072 370 1220 414 erant,
1259 377 1369 420 quae
1397 364 1517 406 Deus
1539 379 1615 406 eos

157 420 309 461 beatos
335 415 586 458 redditurus
615 418 777 459 faceret
805 425 843 458 et
876 418 1018 459 alieno
1039 420 1068 462 l.
1103 435 1150 460 ea
1173 427 1476 472 memorasset,
1503 435 1615 476 quae

156 474 389 518 hominibus
410 472 605 514 obeunda
628 479 799 525 essent,
831 478 875 514 ut
896 474 1008 515 beati
1033 476 1200 520 tierent.
1233 470 1309 525 οὓς
1328 478 1375 518 de*
1396 473 1484 524 ἑὰ,
1514 473 1614 518 τού-

156 546 257 580 τους
276 530 347 571 καί.
368 527 567 584 {dagam}
597 544 696 586 quos
717 535 859 572 autem
890 531 1076 572 insontes
1099 533 1355 584 declaravit,
1385 532 1428 573 in
1449 533 1614 574 eosdem

156 588 286 630 etiam
304 587 605 639 sempiternam
639 585 912 640 majestatem
943 588 1182 630 eontulit
1215 589 1244 631 i.
1267 603 1310 644 q.
1331 588 1459 630 iidem
1481 589 1612 629 etiam

156 644 268 685 tales
297 648 422 694 sunt,
463 656 572 698 quos
602 643 778 684 aeterna
813 642 1019 684 beatitate
1049 643 1325 686 decoraverit.
1384 644 1497 686 Nam
1520 658 1613 686 cer-

155 700 356 742 tissimus
381 697 458 754 τῆς
484 695 764 754 δικαιοσύνης
791 698 957 740 fructus
982 706 1047 740 est
1086 696 1108 754 ἦ
1139 697 1318 748 αἰώνιος
1345 698 1433 755 ζωή
1467 701 1509 753 5,
1527 701 1616 753 2Ι.,

157 763 204 798 ut
230 752 306 810 τῆν
338 751 468 804 δόξαν
499 753 699 811 adeptum
738 769 836 796 esse
866 756 933 796 cui
965 752 988 811 ἢ
1025 753 1280 811 δικαιοσύνη
1309 757 1542 811 contigerit
1572 763 1616 799 et

156 814 278 854 illam
309 812 387 853 hac
415 811 627 852 contineri
660 817 775 853 recte
805 812 1045 854 existimeS.
1110 810 1291 854 Ponitur
1312 818 1452 855 autem
1477 814 1615 856 Aori-

156 874 252 911 stus
282 867 334 908 de
372 881 442 919 re,
489 881 622 923 quae,
662 868 858 923 quamvis
887 868 1032 910 lutura
1057 868 1139 919 sit,
1169 874 1308 909 tamen
1333 883 1410 926 pro
1437 869 1613 927 peracta

154 932 271 968 recte
290 929 541 976 censeatur,
583 939 713 979 quum
737 926 802 967 vel
823 925 911 966 alia
932 940 977 966 re
992 925 1081 983 jam
1105 925 1216 967 saeta
1237 927 1535 978 contineatur,
1565 931 1614 967 ut

155 983 276 1033 h.1.,
306 981 376 1021 vel
403 995 425 1021 a
457 979 702 1022 conditione
733 995 946 1037 suspensa
970 981 1208 1036 cogitetur,
1247 996 1373 1036 quam
1386 981 1478 1038 jam
1501 982 1614 1024 ohti-

102 1041 106 1046 “
155 1039 305 1080 nuisse
336 1037 514 1078 finxeris
546 1037 602 1081 V.
632 1036 762 1081 Hom.
786 1037 842 1081 ll.
863 1038 1014 1090 4,161.
1046 1036 1147 1081 Joh.
1172 1038 1291 1091 15,6.
1312 1044 1354 1079 et
1376 1039 1526 1081 Herm.
1558 1037 1613 1079 de

155 1093 322 1136 emend.
362 1094 529 1134 ratione
568 1107 748 1148 graecae
787 1107 853 1148 gr.
890 1092 929 1146 l,
964 1095 1043 1136 190
1081 1108 1165 1149 sq..
1239 1093 1385 1152 Hujus
1433 1094 1614 1137 Aoristi

155 1152 354 1193 ivnon-ata
409 1151 520 1191 ratio
566 1164 795 1206 perversas
845 1151 1014 1207 peperit
1062 1150 1462 1206 interpretationes.
1540 1150 1615 1192 Sio

157 1185 332 1260 ebrus„
365 1206 630 1258 Theodorei„
666 1205 912 1260 Tlteoplcyl„
951 1207 1122 1249 Erasm.
1144 1208 1202 1250 al.
1225 1204 1404 1256 ἐδόξασε
1434 1207 1476 1248 in
1500 1207 1614 1248 huno

157 1264 327 1305 modum
356 1270 671 1319 exposuerunt:
719 1263 943 1317 majestate
974 1278 1048 1303 eos
1069 1263 1239 1304 ornavit
1259 1264 1355 1306 scil.
1378 1263 1508 1305 divini
1526 1264 1614 1316 spi-

156 1321 265 1363 ritus
300 1319 418 1360 donis
455 1319 568 1367 datis
603 1322 645 1360 et
683 1319 902 1370 adoptione
930 1319 973 1359 in
994 1318 1107 1371 filios
1135 1319 1188 1360 iis
1216 1322 1427 1361 concessa.
1497 1319 1565 1360 At
1585 1312 1612 1374 ἧ

158 1374 266 1425 δόξα
285 1376 542 1429 sempiterna
564 1375 652 1415 vim
672 1374 915 1414 absolvitur
934 1377 993 1426 (v,
1016 1389 1053 1416 v·
1069 1375 1173 1426 18.)‚
1204 1379 1470 1426 ornamenta,
1500 1389 1611 1430 quae
1662 1395 1664 1399 ·

155 1434 247 1480 τοῖς
282 1433 459 1480 πιστοῖς
496 1430 538 1471 in
578 1430 657 1471 hac
691 1430 776 1471 vita
808 1429 1016 1471 divinitus
1050 1430 1329 1484 contingunt,
1368 1445 1505 1486 neque
1535 1429 1613 1485 τὴν

156 1484 286 1535 δόξαν
307 1493 438 1528 totam
461 1486 645 1537 faciunt,
675 1500 815 1541 neque
846 1485 941 1541 ejus
962 1490 1126 1543 partem
1151 1487 1438 1530 constituunt.
1495 1485 1612 1527 Male

156 1543 292 1596 igitur
327 1544 481 1596 Curpz.
527 1543 790 1597 Apostolum
822 1539 1002 1590 ἕδόξασε
1039 1543 1274 1583 collocasse
1305 1542 1529 1598 perhibuit
1565 1548 1614 1584 ut

155 1599 232 1653 τὴν
262 1597 414 1648 ὸόξαν,
447 1613 555 1653 quae
582 1598 624 1638 in
657 1599 741 1638 vita
775 1598 951 1638 aeterna
973 1599 1236 1653 perficiatur,
1262 1599 1428 1640 initium
1457 1599 1614 1652 cepisse

156 1670 235 1712 per
256 1654 429 1696 virtutis
450 1654 637 1694 studium
656 1669 678 1693 a
700 1655 784 1695 div.
809 1654 967 1709 spiritu
987 1668 1210 1695 accensum
1237 1653 1331 1696 Tit.
1351 1654 1392 1704 2,
1409 1654 1475 1697 14.
1500 1653 1612 1694 indi-

157 1716 291 1753 caret.
324 1711 491 1752 Fluttus
520 1708 701 1758 ἕὸόξασε
727 1710 829 1751 solet
861 1707 1056 1759 δηξεὲζειν
1084 1710 1307 1766 explicuit.
1337 1709 1531 1763 Koppz‘us
1552 1710 1612 1752 al.

157 1767 389 1810 Aoristum
417 1780 496 1822 pro
535 1766 784 1816 Praesente,
820 1766 1034 1816 Glassius,
1069 1766 1222 1808 neum.
1244 1767 1301 1808 al.
1332 1780 1409 1821 pro
1442 1764 1611 1807 Futuro

156 1825 343 1880 positum
365 1837 461 1863 esse
483 1823 713 1863 linxerunt.
749 1821 892 1872 Grot.,
913 1823 1047 1875 Beny.
1062 1853 1074 1872 ,
1110 1822 1351 1874 Tem-etin„
1382 1820 1529 1866 Reick.
1549 1823 1610 1865 al.

156 1884 413 1921 enarrarunt
431 1878 639 1919 decorarit
655 1909 666 1928 ,
702 1882 906 1932 quatenns
926 1877 1123 1919 decorare
1147 1877 1200 1918 ab
1219 1881 1391 1919 aeterno
1422 1878 1482 1918 de
1495 1891 1611 1920 cre-

154 1937 247 1979 vit.
287 1935 442 1977 Rueck.
471 1935 735 1990 Apostolum
766 1934 865 1988 quia
895 1933 1037 1973 animo
1058 1934 1352 1974 vehementius
1373 1939 1612 1975 commotus

155 2007 244 2034 rem
260 1993 446 2033 suturam
467 2005 559 2031 cum
581 2004 626 2030 re
641 1991 814 2046 peracta
834 1988 1101 2030 confudisset
1123 1987 1304 2039 ἐδόξασε
1332 2004 1411 2045 pro
1434 1987 1612 2039 δοξάσει

156 2049 389 2105 scripsisse
430 2048 514 2088 sibi
552 2046 786 2102 persuasit.
855 2045 922 2088 Cf.
952 2043 988 2096 Ι,
1025 2046 1140 2088 210..
1171 2070 1226 2075 -
1285 2044 1399 2088 Sane
1437 2044 1487 2088 P.
1523 2059 1608 2086 non

154 2112 203 2146 ut
233 2107 425 2146 homines
455 2104 496 2144 vi
522 2104 811 2157 libertateque
833 2106 1010 2142 exueret
1040 2102 1147 2142 hanc
1169 2104 1228 2155 (v.
1249 2102 1319 2145 29.
1341 2103 1433 2154 30.)
1460 2100 1612 2157 dispu-

155 2162 362 2203 tationem
385 2160 607 2213 ingressus
633 2164 720 2209 est,
758 2156 834 2198 sed
869 2164 914 2199 ut
939 2158 1033 2214 pios
1056 2156 1329 2200 Christianos
1352 2157 1429 2198 hoc
1451 2158 1610 2198 solatio
1634 2168 1637 2171 “

154 2224 390 2269 recrearet,
422 2215 634 2269 singulari
660 2229 734 2255 eos
758 2213 898 2254 Deum
921 2227 1065 2255 amore
1087 2213 1291 2270 prosequi
1313 2217 1358 2254 et
1380 2214 1608 2269 sempiter-

156 2288 210 2315 no
230 2274 380 2315 beatos
402 2287 475 2313 eos
495 2271 697 2322 reddere,
729 2285 838 2326 quos
857 2275 985 2312 amet.
1043 2269 1322 2325 Quapropter
1348 2282 1396 2309 ea
1421 2274 1612 2312 tantum-

156 2330 280 2372 modo
302 2331 369 2371 hic
392 2328 694 2385 persequitur,
733 2341 841 2382 quae
869 2326 1012 2376 Deus,
1044 2334 1089 2366 ut
1111 2326 1304 2366 homines
1325 2327 1393 2367 sui
1413 2333 1609 2368 amantes

157 2387 269 2428 beati
298 2387 473 2435 tierent,
501 2382 886 2432 administra-verit,
914 2380 1053 2421 officia
1073 2381 1305 2423 hominibus
1334 2380 1527 2422 iacienda
1557 2381 1609 2423 de

157 2443 372 2483 industria
403 2441 582 2491 reticet,
623 2445 812 2480 ceterum
842 2451 969 2492 posse
1002 2451 1076 2477 eos
1106 2435 1274 2492 aliquid
1311 2439 1532 2489 conferre,
1563 2442 1610 2479 ut

157 2499 341 2552 benigna
373 2497 459 2538 Dei
485 2496 664 2537 consilia
687 2504 779 2536 rata
802 2495 930 2543 liant,
969 2493 1093 2534 fidem
1117 2492 1294 2536 Christo
1315 2492 1509 2534 babendo
1530 2494 1608 2535 mi-

158 2556 270 2596 nime
311 2560 437 2607 negat
478 2556 539 2607 (v.
576 2553 746 2608 supra).
819 2549 971 2590 Nihilo
1013 2550 1153 2590 secius
1192 2547 1240 2591 Ρ.
1268 2548 1606 2604 disputationem
1631 2594 1639 2601 ‚

156 2609 368 2667 ejusmodi
398 2623 517 2660 esse,
557 2613 604 2649 ut
630 2608 769 2649 omnia
799 2605 895 2647 Deo
927 2605 1202 2656 tribuantur,
1239 2604 1456 2646 bominum
1488 2611 1609 2661 pote-

158 2668 263 2707 stati
287 2666 394 2705 nihil
417 2666 728 2719 reilinquatur,
768 2663 996 2715 ingenuum
1027 2661 1303 2716 interpretem
1327 2661 1456 2701 fateri
1479 2675 1610 2717 opor-

157 2728 237 2765 tet.
293 2721 405 2763 Nam
435 2735 511 2772 eo,
543 2718 654 2776 quod
688 2719 880 2760 ultimam
903 2723 1105 2757 aeternae
1127 2716 1350 2758 felicitatis
1371 2731 1542 2762 causam
1564 2718 1622 2759 in*

157 2779 245 2820 Dei
264 2776 436 2819 consilia
454 2791 474 2815 a
484 2781 552 2816 nte
572 2775 716 2816 mundi
744 2771 978 2830 primordia
998 2778 1123 2828 capto
1142 2773 1286 2813 inesse
1305 2772 1450 2814 docuit
1472 2773 1609 2825 v.29.,

157 2835 240 2877 fati
267 2833 524 2875 necessitate
554 2831 748 2873 homines
780 2828 997 2882 devinxit,
1034 2827 1380 2885 quandoquidem
1403 2829 1491 2871 Dei
1510 2843 1610 2872 eon-
