1715 3115
194 204 280 267 1⁷4
470 223 845 271 sels‘roLA
877 228 978 272 An
1010 227 1379 276 nomANos

192 332 336 387 [hebr.
356 330 462 391 ῃξη]
484 333 633 376 Schol.
657 334 763 378 Eur.
783 332 837 376 ad
861 333 941 379 Or.
959 336 1030 380 76.
1056 334 1260 392 Mamm).
1318 336 1550 382 Primitiae
1572 356 1653 385 ex-

191 391 292 443 imt
327 388 524 444 frugum,
580 405 762 447 quarum
813 392 989 435 fuerunt
1027 393 1269 448 primitiae,
1316 409 1421 450 pars
1460 398 1653 444 fuerunt.

191 403 407 501 (guoeirca
448 444 646 500 ἀπαρχαί
685 448 874 505 metaph.
901 463 1044 491 rerum
1072 451 1304 503 specimina
1332 458 1376 494 et
1402 467 1541 506 pauca
1573 469 1652 496 ea·-

189 502 330 556 empla
350 504 565 558 appellari
596 510 804 560 possunt,
843 509 890 546 ut
917 503 1115 558 ἀπαρχαὶ
1147 504 1298 560 λόγων.
1358 509 1425 551 cf.
1449 511 1508 551 A.
1531 511 1650 556 Gen.

190 557 342 601 Praes.
365 560 406 600 iu
431 559 489 603 Ν.
516 562 615 604 Art.
635 575 789 602 —non
812 561 924 602 enim
948 561 1127 602 fecimus
1148 563 1262 604 altos
1284 564 1412 606 nimis
1433 571 1475 606 et
1497 566 1650 608 obseu-

187 629 264 656 ros
283 616 335 656 in
352 616 420 657 his
441 617 569 658 rebus
590 618 890 673 quaestionum
913 617 1060 660 sinus:
1097 617 1172 659 sed
1200 621 1416 673 primitias
1443 624 1650 678 quasdam

187 677 230 714 et
269 672 392 728 (μιαεὶ
420 673 652 715 libamenta
685 675 972 728 ingenuarum
1005 674 1163 715 artium
1196 674 1410 719 dedimus,
1484 677 1570 720 Sed
1602 685 1651 722 ut

187 729 319 770 verba
340 726 418 783 τὴν
437 725 638 786 ἀπαρχὴν
657 733 739 772 τοῦ
760 745 832 773 nv.
855 745 933 787 per
953 745 999 771 se
1017 735 1209 787 spectata
1232 733 1429 786 ambigua
1453 734 1556 787 sint,
1580 741 1648 777 ta-

189 799 285 826 men
305 786 414 826 satis
436 792 552 828 certa
574 801 721 828 eorum
743 787 1048 843 interpretatio
1073 793 1165 840 est,
1199 788 1325 830 modo
1345 795 1387 830 et
1410 788 1536 832 Pauli
1558 792 1648 833 for-

187 843 304 883 mula
323 842 406 883 tibi
426 843 649 900 explorata
670 844 730 886 sit
749 849 793 886 et
813 844 943 900 hujus
969 844 1001 887 1.
1031 845 1144 885 ratio
1176 849 1423 902 perspecta.
1479 844 1648 904 Nempe

187 893 214 954 ἡ
235 895 413 954 ἀπαρχή
441 899 556 956 quod
587 905 783 958 tempore
817 902 1002 957 primum
1029 907 1096 942 est
1122 900 1300 943 denotat
1326 907 1370 943 et
1398 901 1477 944 τοῦ
1498 903 1648 946 Πνεύ-

184 969 324 1008 ματος
343 963 412 997 est
435 957 666 999 Genitivus
691 955 902 1014 Subjeeti.
961 956 1086 998 Dicit
1106 957 1243 1011 igitur
1264 956 1314 1001 P.
1337 957 1416 1014 τὴν
1444 956 1647 1018 ἀπαρχήν

185 1012 268 1052 τοῦ
288 1026 360 1055 rw.
379 1026 485 1068 quae
502 1014 646 1067 prima
666 1014 843 1068 spiritus
861 1027 896 1054 s.
915 1013 1053 1064 dedit,
1080 1015 1222 1067 prima
1249 1015 1427 1068 spiritus
1452 1029 1488 1058 s.
1517 1030 1645 1058 orna-

182 1072 346 1111 menta.
404 1068 523 1110 Haec
543 1073 644 1110 sunt
665 1069 718 1110 τὰ
739 1069 817 1109 τοῦ
841 1066 1090 1120 πνεύματος
1111 1067 1384 1129 χαρίσματα,
1417 1085 1528 1126 quae
1558 1071 1646 1127 piis

185 1123 454 1167 Christianis
475 1125 519 1166 in
540 1125 619 1166 hae
647 1125 735 1167 vita
768 1123 998 1177 obtingunt
1030 1126 1053 1164 1
1084 1123 1185 1167 Cor.
1217 1126 1340 1178 12‚4.
1369 1140 1436 1181 sq.
1471 1127 1573 1170 Gal.
1600 1128 1644 1181 3,

182 1180 228 1224 2.
250 1194 317 1236 sq.
338 1181 379 1233 5,
390 1182 460 1225 22.
479 1182 699 1237 taciteque
720 1180 775 1222 iis
797 1180 1017 1222 benefieiis
1038 1188 1342 1237 opponuntur,
1381 1196 1491 1236 quae
1521 1189 1644 1239 post-

184 1237 264 1278 hac
286 1237 373 1281 div.
397 1239 582 1295 spiritus
612 1239 653 1279 in
684 1236 879 1278 homines
911 1237 1007 1292 pios
1035 1234 1080 1278 ἐν
1107 1237 1170 1291 τῷ
1198 1235 1326 1280 αἰῶνι
1354 1238 1416 1293 τῷ
1439 1237 1645 1290 μέλλοντι
1704 1245 1710 1256 “

182 1293 405 1347 conferet,
436 1295 479 1336 h.
501 1309 539 1337 e.
558 1293 760 1336 felicitati
779 1293 1097 1349 sempiternae,
1126 1298 1180 1349 τῇ
1200 1291 1417 1350 σωτηρίᾳ,
1449 1296 1502 1351 τῇ
1526 1296 1639 1351 κλη-

180 1349 392 1406 ρονομίᾳ,
423 1349 477 1407 τῇ
499 1347 723 1407 υἱοθεσία.
781 1349 919 1391 Recte
949 1355 1092 1390 autem
1117 1347 1169 1392 P.
1201 1350 1404 1407 spiritum
1437 1365 1474 1394 s.
1503 1357 1644 1395 aeter-

182 1420 264 1448 mee
294 1406 515 1449 beatitatis
540 1407 784 1461 Iarqitorem
815 1410 955 1447 mente
985 1406 1197 1462 concepit.
1263 1405 1377 1448 Nam
1409 1421 1540 1462 quum
1574 1407 1643 1449 id-

180 1463 297 1509 circo
320 1463 446 1504 nobis
466 1463 650 1520 spiritus
672 1478 709 1507 s.
733 1463 861 1504 datus
891 1463 974 1515 sit,
1006 1468 1054 1503 ut
1086 1463 1543 1506 aeternae-felicitatis
1570 1477 1643 1505 ar-

179 1525 428 1572 gumentum
453 1523 497 1560 et
525 1520 684 1576 pignus
716 1519 973 1560 haberemus
998 1518 1026 1558 2
1054 1518 1155 1562 Cor.
1188 1518 1309 1569 l‚22.
1337 1518 1431 1571 5‚5.
1460 1520 1576 1577 Eph.
1599 1522 1647 1581 l,

180 1577 253 1619 14.
275 1575 317 1628 4,
329 1577 425 1627 30.,
456 1590 699 1631 quumque,
729 1576 767 1616 si
786 1582 990 1630 tanquam
1011 1574 1053 1616 in
1075 1575 1260 1631 spiritus
1282 1589 1320 1618 s.
1351 1590 1457 1628 agro
1484 1591 1632 1620 semen

179 1632 501 1689 sparserimus,
531 1632 633 1674 inde
662 1633 792 1674 vitam
821 1631 1127 1686 sempiternam
1160 1631 1344 1673 messuri
1377 1633 1514 1673 simus
1538 1634 1642 1679 Gal.

181 1689 297 1741 6,8.,
329 1693 445 1729 recte
467 1688 652 1744 spiritus
674 1703 710 1731 s.
734 1687 829 1745 ejus
860 1687 1086 1728 felicitatis
1113 1687 1302 1741 largitor
1333 1694 1474 1729 mente
1502 1689 1640 1731 infor-

178 1750 346 1797 matur,
385 1743 509 1802 cujus
537 1745 662 1786 nobis
694 1758 880 1800 sponsor
907 1742 1171 1785 constitutus
1200 1747 1267 1784 est
1300 1758 1516 1801 quamque
1553 1746 1641 1788 nisi

177 1802 292 1843 forte
312 1801 398 1857 ipsi
421 1801 625 1858 injuriam
647 1802 790 1842 facere
812 1814 939 1856 quam
961 1799 1142 1855 obsequi
1162 1801 1444 1842 maluerimus
1464 1801 1575 1859 Eph.
1596 1802 1642 1856 4,

177 1859 249 1902 30.
272 1859 423 1914 utique
444 1871 774 1914 consequemur.
835 1855 949 1898 Tum
975 1869 1012 1899 v.
1030 1854 1108 1911 τὴν
1128 1853 1329 1912 ἀπαρχὴν
1351 1872 1389 1898 τ.
1411 1872 1483 1901 m).
1513 1854 1641 1909 ἔχον-

177 1930 250 1964 τες
270 1929 358 1956 rem
380 1914 629 1967 continent,
673 1928 784 1969 quae
806 1913 1002 1955 homines
1032 1912 1186 1954 christ.
1216 1926 1240 1953 a
1271 1914 1432 1966 gemitu
1458 1927 1664 1957 avocare

175 1971 393 2014 videatur.
451 1970 610 2012 Fortes
629 1973 741 2012 enim
765 1969 910 2011 reddit
928 1969 1015 2012 div.
1046 1969 1230 2025 spiritus
1258 1969 1454 2011 homines
1482 1970 1638 2016 christ.

175 2026 372 2082 (l‚265.)
400 2042 588 2083 eosque,
638 2027 798 2083 quibus
828 2026 990 2082 aliquis
1022 2026 1195 2066 futurae
1225 2024 1449 2068 beatitatis
1479 2031 1637 2080 gustus

175 2084 308 2126 datus
345 2085 479 2126 fuerit
507 2084 647 2127 Hehr.
676 2083 774 2138 6,4.
805 2097 899 2139 sq„
948 2082 1197 2139 praesentia
1227 2082 1340 2123 mala
1368 2081 1636 2126 moderatius

175 2142 292 2183 ferre
312 2141 473 2198 aliquis
488 2139 673 2198 judicet.
728 2142 797 2182 At
820 2153 904 2181 non
932 2140 1073 2180 solum
1103 2151 1248 2179 rerum
1277 2142 1454 2189 natura,
1486 2152 1636 2182 verum

175 2199 306 2240 etiam
327 2213 406 2240 nos
426 2199 439 2240 i
474 2199 510 2239 si
531 2198 749 2254 (homines
769 2195 970 2249 christ.),
1000 2207 1253 2251 ‹suamquam
1270 2194 1412 2248 prima
1432 2194 1515 2238 div.
1546 2196 1635 2248 spi-

174 2255 284 2298 ritus
305 2255 414 2297 (Iona
463 2255 636 2296 abemus
654 2256 785 2309 (quae
811 2251 923 2293 haud
951 2251 1080 2293 dubie
1109 2253 1378 2305 praesentem
1410 2251 1636 2293 calamita-

176 2317 263 2353 tem
284 2310 411 2353 valde
431 2310 733 2363 consolantur)
753 2309 838 2367 ipsi
859 2309 972 2349 inter
1002 2321 1080 2348 nos
1108 2306 1344 2360 gemimus,
1384 2306 1485 2363 quia
1517 2310 1635 2363 (ser-

175 2367 330 2409 vitutis
351 2367 395 2409 h.
417 2381 457 2411 e.
480 2367 762 2408 mortalitatis
784 2363 974 2422 pertaesi
992 2377 1031 2405 v.
1052 2363 1144 2416 21.)
1171 2361 1446 2420 adoptionem
1479 2363 1522 2405 in
1543 2363 1634 2406 Dei

176 2423 339 2465 liberos
369 2423 434 2479 (h.
464 2438 503 2467 e.
531 2423 805 2475 libertatem,
875 2433 972 2461 uam
1000 2431 1158 2475 corpus
1185 2419 1428 2461 immortale
1458 2418 1633 2474 afferet)

177 2484 429 2521 constanter
457 2480 775 2536 exspectamus.
879 2481 978 2517 anta
1007 2481 1075 2517 est
1103 2475 1338 2528 malorum,
1381 2489 1490 2532 quae
1517 2477 1631 2518 male

177 2536 408 2577 materiata
441 2536 594 2577 domus
622 2541 772 2578 nostra
798 2536 976 2589 (corpus
1005 2532 1207 2588 mortale)
1237 2538 1463 2589 apportat,
1492 2533 1632 2574 moles

175 2592 205 2633 2
226 2592 327 2636 Cor.
347 2593 443 2644 5‚4.
462 2597 669 2648 tantaque
690 2592 775 2633 erit
791 2588 1023 2632 immortali
1043 2602 1225 2645 corpore
1243 2589 1496 2645 amietorum
1527 2588 1631 2630 hea-

176 2649 312 2691 titas!
343 2647 450 2690 Noli
469 2647 545 2703 τὴν
565 2646 766 2702 ἀπαρχὴν
783 2662 823 2690 τ.
849 2661 918 2688 πν.
950 2645 1203 2698 specimina,
1240 2645 1471 2687 libamenta
1500 2644 1630 2699 spiri-

175 2709 247 2747 tus
265 2719 327 2756 s.,
358 2706 527 2745 tantula
551 2704 782 2756 beneficia,
812 2716 920 2759 quae
938 2701 1018 2741 tihi
1043 2700 1127 2742 div.
1151 2701 1336 2757 spiritus
1364 2699 1630 2756 primoribus

175 2760 316 2802 labris
340 2758 553 2814 gustanda
574 2759 744 2801 dederit
762 2763 823 2814 (v.
844 2758 1249 2815 supra)'exponere.
1307 2755 1437 2799 Oee.:
1468 2753 1519 2797 οὗ
1539 2751 1630 2807 μό-

175 2832 271 2866 νον,
303 2815 462 2872 φησίν,
503 2810 526 2870 ἡ
559 2813 699 2865 κτίσις
728 2814 946 2866 στενάζει,
986 2810 1098 2854 ἀλλὰ
1129 2814 1202 2855 καὶ
1232 2811 1358 2854 αὐτοὶ
1388 2808 1431 2854 οἳ
1459 2807 1630 2876 ἀρχήν

128 2901 136 2905 «
173 2887 298 2915 τινα
324 2870 524 2927 μικρὰν
556 2872 647 2915 καὶ
665 2871 862 2928 γεῦσιν
887 2869 968 2914 τοῦ
988 2868 1235 2924 πνεύματος
1253 2865 1460 2922 λαβόντες
1486 2881 1629 2910 σπευ-
