<?xml version="1.0" encoding="UTF-8"?>
<!DOCTYPE html PUBLIC "-//W3C//DTD XHTML 1.0 Transitional//EN"
    "http://www.w3.org/TR/xhtml1/DTD/xhtml1-transitional.dtd">
<html xmlns="http://www.w3.org/1999/xhtml" xml:lang="en" lang="en">
 <head>
  <title>
</title>
<meta http-equiv="Content-Type" content="text/html;charset=utf-8" />
  <meta name='ocr-system' content='tesseract 3.04.00' />
  <meta name='ocr-capabilities' content='ocr_page ocr_carea ocr_par ocr_line ocrx_word'/>
</head>
<body>
  <div class='ocr_page' id='page_1' title='image "./pauliadromanosep02frituoft/pauliadromanosep02frituoft_0118.png"; bbox 0 0 1715 3115; ppageno 0'>
   <div class='ocr_carea' id='block_1_1' title="bbox 144 191 1326 239">
    <p class='ocr_par' dir='ltr' id='par_1_1' title="bbox 144 191 1326 239">
     <span class='ocr_line' id='line_1_1' title="bbox 144 191 1326 239; baseline 0.003 -3"><span class='ocrx_word' id='word_1_1' title='bbox 144 193 229 236; x_wconf 77' lang='lat'><strong>100</strong></span> <span class='ocrx_word' id='word_1_2' title='bbox 424 191 801 236; x_wconf 68' lang='lat' dir='ltr'><strong>EPISTULA</strong></span> <span class='ocrx_word' id='word_1_3' title='bbox 836 193 1326 239; x_wconf 75' lang='lat' dir='ltr'><strong>ADROMANOS</strong></span> 
     </span>
    </p>
   </div>
   <div class='ocr_carea' id='block_1_2' title="bbox 125 297 1600 2840">
    <p class='ocr_par' dir='ltr' id='par_1_2' title="bbox 125 297 1600 2840">
     <span class='ocr_line' id='line_1_2' title="bbox 144 297 1600 359; baseline 0.003 -19"><span class='ocrx_word' id='word_1_4' title='bbox 144 297 330 340; x_wconf 84' lang='lat' dir='ltr'><strong>olendus</strong></span> <span class='ocrx_word' id='word_1_5' title='bbox 357 304 467 341; x_wconf 79' lang='lat' dir='ltr'><strong>erat.</strong></span> <span class='ocrx_word' id='word_1_6' title='bbox 535 298 662 341; x_wconf 85' lang='lat' dir='ltr'><strong>Hunc</strong></span> <span class='ocrx_word' id='word_1_7' title='bbox 691 314 792 340; x_wconf 78' lang='lat' dir='ltr'><strong>vero</strong></span> <span class='ocrx_word' id='word_1_8' title='bbox 820 301 887 341; x_wconf 84' lang='lat' dir='ltr'><strong>lex</strong></span> <span class='ocrx_word' id='word_1_9' title='bbox 919 315 1027 345; x_wconf 90' lang='lat' dir='ltr'><strong>mos.</strong></span> <span class='ocrx_word' id='word_1_10' title='bbox 1056 315 1209 343; x_wconf 83' lang='lat' dir='ltr'><strong>necare</strong></span> <span class='ocrx_word' id='word_1_11' title='bbox 1237 303 1453 359; x_wconf 84' lang='lat' dir='ltr'><strong>nequivit,</strong></span> <span class='ocrx_word' id='word_1_12' title='bbox 1495 317 1600 359; x_wconf 77' lang='lat' dir='ltr'><strong>quo-</strong></span> 
     </span>
     <span class='ocr_line' id='line_1_3' title="bbox 145 354 1598 416; baseline 0.003 -22"><span class='ocrx_word' id='word_1_13' title='bbox 145 354 259 395; x_wconf 80' lang='lat' dir='ltr'><strong>niam</strong></span> <span class='ocrx_word' id='word_1_14' title='bbox 282 356 539 410; x_wconf 80' lang='lat' dir='ltr'><strong>(quatenns)</strong></span> <span class='ocrx_word' id='word_1_15' title='bbox 561 358 745 409; x_wconf 78' lang='lat' dir='ltr'><strong>corporis</strong></span> <span class='ocrx_word' id='word_1_16' title='bbox 763 357 859 398; x_wconf 67' lang='lat' dir='ltr'><strong>vitio</strong></span> <span class='ocrx_word' id='word_1_17' title='bbox 880 358 1047 399; x_wconf 81' lang='lat' dir='ltr'><strong>infirma</strong></span> <span class='ocrx_word' id='word_1_18' title='bbox 1076 364 1187 400; x_wconf 83' lang='lat' dir='ltr'><strong>erat.</strong></span> <span class='ocrx_word' id='word_1_19' title='bbox 1249 359 1417 416; x_wconf 80' lang='lat' dir='ltr'>Nempe</span> <span class='ocrx_word' id='word_1_20' title='bbox 1440 358 1598 401; x_wconf 81' lang='lat' dir='ltr'><strong>Pecca-</strong></span> 
     </span>
     <span class='ocr_line' id='line_1_4' title="bbox 145 412 1598 472; baseline 0.004 -22"><span class='ocrx_word' id='word_1_21' title='bbox 145 416 218 451; x_wconf 79' lang='lat' dir='ltr'><strong>tus</strong></span> <span class='ocrx_word' id='word_1_22' title='bbox 246 426 324 466; x_wconf 91' lang='lat' dir='ltr'><strong>pro</strong></span> <span class='ocrx_word' id='word_1_23' title='bbox 354 412 431 452; x_wconf 64' lang='lat' dir='ltr'><strong>sua}</strong></span> <span class='ocrx_word' id='word_1_24' title='bbox 458 412 710 467; x_wconf 83' lang='lat' dir='ltr'><strong>impuritate</strong></span> <span class='ocrx_word' id='word_1_25' title='bbox 740 427 819 468; x_wconf 87' lang='lat' dir='ltr'><strong>per</strong></span> <span class='ocrx_word' id='word_1_26' title='bbox 844 414 993 456; x_wconf 74' lang='lat' dir='ltr'><strong>vitalia</strong></span> <span class='ocrx_word' id='word_1_27' title='bbox 1022 414 1197 455; x_wconf 86' lang='lat' dir='ltr'><strong>divinae</strong></span> <span class='ocrx_word' id='word_1_28' title='bbox 1226 416 1338 468; x_wconf 76' lang='lat' dir='ltr'><strong>legis</strong></span> <span class='ocrx_word' id='word_1_29' title='bbox 1367 423 1598 472; x_wconf 78' lang='lat' dir='ltr'><strong>praecepta</strong></span> 
     </span>
     <span class='ocr_line' id='line_1_5' title="bbox 142 466 1597 526; baseline 0.004 -19"><span class='ocrx_word' id='word_1_30' title='bbox 142 466 189 508; x_wconf 85' lang='lat' dir='ltr'><strong>in</strong></span> <span class='ocrx_word' id='word_1_31' title='bbox 212 482 393 523; x_wconf 86' lang='lat' dir='ltr'><strong>corpore</strong></span> <span class='ocrx_word' id='word_1_32' title='bbox 414 469 528 522; x_wconf 88' lang='lat' dir='ltr'><strong>quod</strong></span> <span class='ocrx_word' id='word_1_33' title='bbox 550 475 805 525; x_wconf 76' lang='lat' dir='ltr'>occupasset</span> <span class='ocrx_word' id='word_1_34' title='bbox 823 484 979 526; x_wconf 82' lang='lat' dir='ltr'><strong>pravas</strong></span> <span class='ocrx_word' id='word_1_35' title='bbox 1000 471 1206 512; x_wconf 78' lang='lat' dir='ltr'><strong>libidines</strong></span> <span class='ocrx_word' id='word_1_36' title='bbox 1228 473 1511 514; x_wconf 69' lang='lat' dir='ltr'><strong>inflammavit</strong></span> <span class='ocrx_word' id='word_1_37' title='bbox 1535 474 1597 513; x_wconf 79' lang='lat' dir='ltr'><strong>se-</strong></span> 
     </span>
     <span class='ocr_line' id='line_1_6' title="bbox 141 524 1597 584; baseline 0.003 -20"><span class='ocrx_word' id='word_1_38' title='bbox 141 524 288 579; x_wconf 86' lang='lat' dir='ltr'><strong>citque</strong></span> <span class='ocrx_word' id='word_1_39' title='bbox 313 530 358 565; x_wconf 87' lang='lat' dir='ltr'><strong>ut</strong></span> <span class='ocrx_word' id='word_1_40' title='bbox 378 538 536 580; x_wconf 89' lang='lat' dir='ltr'><strong>corpus</strong></span> <span class='ocrx_word' id='word_1_41' title='bbox 557 525 716 569; x_wconf 69' lang='lat' dir='ltr'><strong>divinis</strong></span> <span class='ocrx_word' id='word_1_42' title='bbox 738 526 952 569; x_wconf 81' lang='lat' dir='ltr'><strong>mandatis</strong></span> <span class='ocrx_word' id='word_1_43' title='bbox 972 528 1259 583; x_wconf 76' lang='lat' dir='ltr'><strong>obstreperet,</strong></span> <span class='ocrx_word' id='word_1_44' title='bbox 1284 529 1478 570; x_wconf 88' lang='lat' dir='ltr'><strong>homines</strong></span> <span class='ocrx_word' id='word_1_45' title='bbox 1499 543 1597 584; x_wconf 88' lang='lat' dir='ltr'><strong>pec-</strong></span> 
     </span>
     <span class='ocr_line' id='line_1_7' title="bbox 141 581 1597 641; baseline 0.006 -22"><span class='ocrx_word' id='word_1_46' title='bbox 141 586 290 621; x_wconf 77' lang='lat' dir='ltr'><strong>carent</strong></span> <span class='ocrx_word' id='word_1_47' title='bbox 311 586 352 621; x_wconf 87' lang='lat' dir='ltr'><strong>et</strong></span> <span class='ocrx_word' id='word_1_48' title='bbox 372 595 450 622; x_wconf 83' lang='lat' dir='ltr'><strong>sua</strong></span> <span class='ocrx_word' id='word_1_49' title='bbox 473 581 632 623; x_wconf 86' lang='lat' dir='ltr'><strong>delicta</strong></span> <span class='ocrx_word' id='word_1_50' title='bbox 653 587 790 624; x_wconf 90' lang='lat' dir='ltr'><strong>morte</strong></span> <span class='ocrx_word' id='word_1_51' title='bbox 810 583 980 625; x_wconf 89' lang='lat' dir='ltr'><strong>luerent</strong></span> <span class='ocrx_word' id='word_1_52' title='bbox 999 588 1058 639; x_wconf 90' lang='lat' dir='ltr'><strong>(v.</strong></span> <span class='ocrx_word' id='word_1_53' title='bbox 1078 585 1303 635; x_wconf 84' lang='lat'><strong>7‚7—24.</strong></span> <span class='ocrx_word' id='word_1_54' title='bbox 1323 586 1379 628; x_wconf 88' lang='lat' dir='ltr'><strong>cl.</strong></span> <span class='ocrx_word' id='word_1_55' title='bbox 1396 586 1436 636; x_wconf 84' lang='lat'><strong>5,</strong></span> <span class='ocrx_word' id='word_1_56' title='bbox 1451 587 1597 641; x_wconf 83' lang='lat' dir='ltr'><strong>l2sq..</strong></span> 
     </span>
     <span class='ocr_line' id='line_1_8' title="bbox 141 635 1596 695; baseline 0.003 -17"><span class='ocrx_word' id='word_1_57' title='bbox 141 635 264 678; x_wconf 77' lang='lat' dir='ltr'><strong>Haec</strong></span> <span class='ocrx_word' id='word_1_58' title='bbox 287 637 430 678; x_wconf 78' lang='lat' dir='ltr'><strong>verbis</strong></span> <span class='ocrx_word' id='word_1_59' title='bbox 448 636 497 678; x_wconf 85' lang='grc' dir='ltr'><strong>τὸ</strong></span> <span class='ocrx_word' id='word_1_60' title='bbox 520 635 734 679; x_wconf 72' lang='grc' dir='ltr'><strong>ἀδύνατον</strong></span> <span class='ocrx_word' id='word_1_61' title='bbox 761 641 839 681; x_wconf 83' lang='grc' dir='ltr'><strong>τοῦ</strong></span> <span class='ocrx_word' id='word_1_62' title='bbox 868 637 1028 693; x_wconf 82' lang='grc' dir='ltr'><em>νόμου,</em></span> <span class='ocrx_word' id='word_1_63' title='bbox 1068 639 1112 681; x_wconf 79' lang='grc' dir='ltr'><strong>ἐν</strong></span> <span class='ocrx_word' id='word_1_64' title='bbox 1142 637 1176 695; x_wconf 80' lang='grc' dir='ltr'><em>ᾦ</em></span> <span class='ocrx_word' id='word_1_65' title='bbox 1208 637 1388 695; x_wconf 75' lang='grc' dir='ltr'><strong><em>ἠσθένει</em></strong></span> <span class='ocrx_word' id='word_1_66' title='bbox 1419 642 1457 682; x_wconf 84' lang='grc' dir='ltr'><strong>δ.</strong></span> <span class='ocrx_word' id='word_1_67' title='bbox 1488 656 1525 682; x_wconf 85' lang='grc' dir='ltr'><strong>τ.</strong></span> <span class='ocrx_word' id='word_1_68' title='bbox 1555 654 1596 682; x_wconf 92' lang='grc' dir='ltr'><strong>σ.</strong></span> 
     </span>
     <span class='ocr_line' id='line_1_9' title="bbox 140 691 1596 751; baseline 0.005 -18"><span class='ocrx_word' id='word_1_69' title='bbox 140 692 324 746; x_wconf 86' lang='lat' dir='ltr'><strong>insunt).</strong></span> <span class='ocrx_word' id='word_1_70' title='bbox 383 691 508 748; x_wconf 76' lang='lat' dir='ltr'><strong>Quae</strong></span> <span class='ocrx_word' id='word_1_71' title='bbox 530 709 658 751; x_wconf 90' lang='lat' dir='ltr'><strong>quum</strong></span> <span class='ocrx_word' id='word_1_72' title='bbox 683 701 801 737; x_wconf 84' lang='lat' dir='ltr'><strong>esset</strong></span> <span class='ocrx_word' id='word_1_73' title='bbox 830 710 973 737; x_wconf 87' lang='lat' dir='ltr'><strong>rerum</strong></span> <span class='ocrx_word' id='word_1_74' title='bbox 1006 695 1197 737; x_wconf 85' lang='lat' dir='ltr'><strong>conditio</strong></span> <span class='ocrx_word' id='word_1_75' title='bbox 1219 697 1342 739; x_wconf 88' lang='lat' dir='ltr'><strong>Deus</strong></span> <span class='ocrx_word' id='word_1_76' title='bbox 1369 698 1458 751; x_wconf 87' lang='lat' dir='ltr'><strong>legi</strong></span> <span class='ocrx_word' id='word_1_77' title='bbox 1486 711 1596 741; x_wconf 76' lang='lat' dir='ltr'><strong>mos·</strong></span> 
     </span>
     <span class='ocr_line' id='line_1_10' title="bbox 140 750 1597 808; baseline 0.004 -19"><span class='ocrx_word' id='word_1_78' title='bbox 140 750 384 804; x_wconf 77' lang='lat' dir='ltr'><strong>opitulatus</strong></span> <span class='ocrx_word' id='word_1_79' title='bbox 411 756 503 802; x_wconf 88' lang='lat' dir='ltr'><strong>est,</strong></span> <span class='ocrx_word' id='word_1_80' title='bbox 549 752 664 807; x_wconf 84' lang='lat' dir='ltr'><strong>quod</strong></span> <span class='ocrx_word' id='word_1_81' title='bbox 691 753 820 793; x_wconf 83' lang='lat' dir='ltr'><strong>aliter</strong></span> <span class='ocrx_word' id='word_1_82' title='bbox 849 754 993 794; x_wconf 79' lang='lat' dir='ltr'><strong>facere</strong></span> <span class='ocrx_word' id='word_1_83' title='bbox 1025 767 1109 794; x_wconf 93' lang='lat' dir='ltr'><strong>non</strong></span> <span class='ocrx_word' id='word_1_84' title='bbox 1139 754 1308 808; x_wconf 83' lang='lat' dir='ltr'><strong>potuit,</strong></span> <span class='ocrx_word' id='word_1_85' title='bbox 1352 754 1437 795; x_wconf 88' lang='lat' dir='ltr'><strong>nisi</strong></span> <span class='ocrx_word' id='word_1_86' title='bbox 1467 759 1516 795; x_wconf 90' lang='lat' dir='ltr'><strong>ut</strong></span> <span class='ocrx_word' id='word_1_87' title='bbox 1542 754 1597 795; x_wconf 80' lang='lat' dir='ltr'><strong>de</strong></span> 
     </span>
     <span class='ocr_line' id='line_1_11' title="bbox 138 804 1595 865; baseline 0.001 -17"><span class='ocrx_word' id='word_1_88' title='bbox 138 804 330 848; x_wconf 76' lang='lat' dir='ltr'><strong>Peccatu</strong></span> <span class='ocrx_word' id='word_1_89' title='bbox 360 807 404 847; x_wconf 76' lang='lat' dir='ltr'><strong>in</strong></span> <span class='ocrx_word' id='word_1_90' title='bbox 432 820 627 860; x_wconf 78' lang='lat' dir='ltr'><strong>corpore,</strong></span> <span class='ocrx_word' id='word_1_91' title='bbox 672 808 786 864; x_wconf 86' lang='lat' dir='ltr'><strong>quod</strong></span> <span class='ocrx_word' id='word_1_92' title='bbox 818 810 1059 860; x_wconf 86' lang='lat' dir='ltr'><strong>obtineret,</strong></span> <span class='ocrx_word' id='word_1_93' title='bbox 1099 810 1361 865; x_wconf 88' lang='lat' dir='ltr'><strong>supplicium</strong></span> <span class='ocrx_word' id='word_1_94' title='bbox 1389 817 1595 862; x_wconf 83' lang='lat' dir='ltr'><strong>sumeret,</strong></span> 
     </span>
     <span class='ocr_line' id='line_1_12' title="bbox 137 864 1598 921; baseline 0.003 -18"><span class='ocrx_word' id='word_1_95' title='bbox 137 876 194 903; x_wconf 85' lang='lat' dir='ltr'><strong>ne</strong></span> <span class='ocrx_word' id='word_1_96' title='bbox 215 877 372 919; x_wconf 87' lang='lat' dir='ltr'><strong>corpus</strong></span> <span class='ocrx_word' id='word_1_97' title='bbox 394 864 514 920; x_wconf 80' lang='lat' dir='ltr'><strong>turpi</strong></span> <span class='ocrx_word' id='word_1_98' title='bbox 536 864 776 920; x_wconf 86' lang='lat' dir='ltr'><strong>inquilino,</strong></span> <span class='ocrx_word' id='word_1_99' title='bbox 807 867 880 921; x_wconf 82' lang='lat' dir='ltr'><strong>qui</strong></span> <span class='ocrx_word' id='word_1_100' title='bbox 905 867 964 906; x_wconf 89' lang='lat' dir='ltr'><strong>ihi</strong></span> <span class='ocrx_word' id='word_1_101' title='bbox 984 865 1241 907; x_wconf 83' lang='lat' dir='ltr'><strong>seditionem</strong></span> <span class='ocrx_word' id='word_1_102' title='bbox 1264 867 1305 907; x_wconf 92' lang='lat' dir='ltr'><strong>in</strong></span> <span class='ocrx_word' id='word_1_103' title='bbox 1326 865 1467 907; x_wconf 88' lang='lat' dir='ltr'><strong>Deum</strong></span> <span class='ocrx_word' id='word_1_104' title='bbox 1493 880 1598 907; x_wconf 79' lang='lat' dir='ltr'><strong>con-</strong></span> 
     </span>
     <span class='ocr_line' id='line_1_13' title="bbox 137 918 1596 978; baseline 0.003 -19"><span class='ocrx_word' id='word_1_105' title='bbox 137 918 340 971; x_wconf 83' lang='lat' dir='ltr'><strong>citasset,</strong></span> <span class='ocrx_word' id='word_1_106' title='bbox 369 919 601 962; x_wconf 89' lang='lat' dir='ltr'><strong>interemto</strong></span> <span class='ocrx_word' id='word_1_107' title='bbox 621 935 753 978; x_wconf 87' lang='lat' dir='ltr'><strong>porro</strong></span> <span class='ocrx_word' id='word_1_108' title='bbox 774 921 943 964; x_wconf 77' lang='lat' dir='ltr'><strong>divinae</strong></span> <span class='ocrx_word' id='word_1_109' title='bbox 972 923 1186 964; x_wconf 77' lang='lat' dir='ltr'><strong>voluntati</strong></span> <span class='ocrx_word' id='word_1_110' title='bbox 1216 922 1490 964; x_wconf 79' lang='lat' dir='ltr'><strong>obniteretur</strong></span> <span class='ocrx_word' id='word_1_111' title='bbox 1515 923 1596 964; x_wconf 89' lang='lat' dir='ltr'><strong>im-</strong></span> 
     </span>
     <span class='ocr_line' id='line_1_14' title="bbox 137 974 1596 1035; baseline 0.004 -21"><span class='ocrx_word' id='word_1_112' title='bbox 137 974 473 1031; x_wconf 87' lang='lat' dir='ltr'><strong>pedimentoque</strong></span> <span class='ocrx_word' id='word_1_113' title='bbox 508 983 650 1029; x_wconf 87' lang='lat' dir='ltr'><strong>esset,</strong></span> <span class='ocrx_word' id='word_1_114' title='bbox 705 980 937 1035; x_wconf 87' lang='lat' dir='ltr'><strong>quominus</strong></span> <span class='ocrx_word' id='word_1_115' title='bbox 970 979 1180 1020; x_wconf 86' lang='lat' dir='ltr'><strong>Peccatus</strong></span> <span class='ocrx_word' id='word_1_116' title='bbox 1218 979 1376 1035; x_wconf 85' lang='lat' dir='ltr'><strong>opibus</strong></span> <span class='ocrx_word' id='word_1_117' title='bbox 1413 993 1596 1021; x_wconf 87' lang='lat' dir='ltr'><strong>concus-</strong></span> 
     </span>
     <span class='ocr_line' id='line_1_15' title="bbox 137 1031 1594 1092; baseline 0.003 -21"><span class='ocrx_word' id='word_1_118' title='bbox 137 1031 201 1072; x_wconf 85' lang='lat' dir='ltr'><strong>sis</strong></span> <span class='ocrx_word' id='word_1_119' title='bbox 223 1033 312 1074; x_wconf 75' lang='grc' dir='ltr'><strong>υἱΜ</strong></span> <span class='ocrx_word' id='word_1_120' title='bbox 334 1032 528 1075; x_wconf 84' lang='lat' dir='ltr'><strong>homines</strong></span> <span class='ocrx_word' id='word_1_121' title='bbox 549 1035 811 1090; x_wconf 71' lang='lat' dir='ltr'><strong>potirentur.</strong></span> <span class='ocrx_word' id='word_1_122' title='bbox 872 1034 1026 1091; x_wconf 88' lang='lat' dir='ltr'><strong>ltaque</strong></span> <span class='ocrx_word' id='word_1_123' title='bbox 1043 1035 1163 1076; x_wconf 88' lang='lat' dir='ltr'><strong>Deus</strong></span> <span class='ocrx_word' id='word_1_124' title='bbox 1184 1035 1377 1088; x_wconf 87' lang='lat' dir='ltr'><strong>Christo,</strong></span> <span class='ocrx_word' id='word_1_125' title='bbox 1402 1036 1477 1092; x_wconf 85' lang='lat' dir='ltr'><strong>qui</strong></span> <span class='ocrx_word' id='word_1_126' title='bbox 1497 1049 1594 1077; x_wconf 90' lang='lat' dir='ltr'><strong>cor-</strong></span> 
     </span>
     <span class='ocr_line' id='line_1_16' title="bbox 135 1087 1594 1144; baseline 0.002 -15"><span class='ocrx_word' id='word_1_127' title='bbox 135 1089 258 1144; x_wconf 86' lang='lat' dir='ltr'><strong>poris</strong></span> <span class='ocrx_word' id='word_1_128' title='bbox 281 1087 487 1132; x_wconf 87' lang='lat' dir='ltr'><strong>Peccatni</strong></span> <span class='ocrx_word' id='word_1_129' title='bbox 508 1091 686 1133; x_wconf 80' lang='lat' dir='ltr'><strong>obnoxii</strong></span> <span class='ocrx_word' id='word_1_130' title='bbox 705 1092 979 1134; x_wconf 68' lang='lat' dir='ltr'><strong>similitudine</strong></span> <span class='ocrx_word' id='word_1_131' title='bbox 997 1091 1290 1134; x_wconf 84' lang='lat' dir='ltr'><strong>circumdatus</strong></span> <span class='ocrx_word' id='word_1_132' title='bbox 1308 1100 1440 1144; x_wconf 84' lang='lat' dir='ltr'><strong>esset,</strong></span> <span class='ocrx_word' id='word_1_133' title='bbox 1460 1092 1594 1133; x_wconf 83' lang='lat' dir='ltr'><strong>misso</strong></span> 
     </span>
     <span class='ocr_line' id='line_1_17' title="bbox 136 1143 1594 1204; baseline 0.003 -20"><span class='ocrx_word' id='word_1_134' title='bbox 136 1159 275 1200; x_wconf 86' lang='lat' dir='ltr'><strong>eoque</strong></span> <span class='ocrx_word' id='word_1_135' title='bbox 298 1143 512 1189; x_wconf 88' lang='lat' dir='ltr'><strong>Peccatus</strong></span> <span class='ocrx_word' id='word_1_136' title='bbox 533 1148 663 1190; x_wconf 61' lang='lat' dir='ltr'><strong>causti</strong></span> <span class='ocrx_word' id='word_1_137' title='bbox 684 1149 827 1203; x_wconf 85' lang='lat' dir='ltr'><strong>legato</strong></span> <span class='ocrx_word' id='word_1_138' title='bbox 848 1148 1110 1204; x_wconf 86' lang='lat' dir='ltr'><strong>supplicium</strong></span> <span class='ocrx_word' id='word_1_139' title='bbox 1130 1148 1185 1189; x_wconf 88' lang='lat' dir='ltr'><strong>de</strong></span> <span class='ocrx_word' id='word_1_140' title='bbox 1208 1146 1393 1189; x_wconf 77' lang='lat' dir='ltr'><strong>Peccam</strong></span> <span class='ocrx_word' id='word_1_141' title='bbox 1421 1148 1594 1199; x_wconf 87' lang='lat' dir='ltr'><strong>sumsit,</strong></span> 
     </span>
     <span class='ocr_line' id='line_1_18' title="bbox 136 1203 1593 1261; baseline 0.001 -19"><span class='ocrx_word' id='word_1_142' title='bbox 136 1215 269 1256; x_wconf 91' lang='lat' dir='ltr'><strong>quum</strong></span> <span class='ocrx_word' id='word_1_143' title='bbox 293 1203 542 1256; x_wconf 87' lang='lat' dir='ltr'><strong>Christum,</strong></span> <span class='ocrx_word' id='word_1_144' title='bbox 580 1205 656 1261; x_wconf 89' lang='lat' dir='ltr'><strong>qui</strong></span> <span class='ocrx_word' id='word_1_145' title='bbox 687 1211 730 1245; x_wconf 88' lang='lat' dir='ltr'><strong>et</strong></span> <span class='ocrx_word' id='word_1_146' title='bbox 758 1211 953 1246; x_wconf 85' lang='lat' dir='ltr'><strong>sanctum</strong></span> <span class='ocrx_word' id='word_1_147' title='bbox 987 1219 1146 1260; x_wconf 88' lang='lat' dir='ltr'><strong>corpus</strong></span> <span class='ocrx_word' id='word_1_148' title='bbox 1175 1204 1358 1246; x_wconf 84' lang='lat' dir='ltr'><strong>haberet</strong></span> <span class='ocrx_word' id='word_1_149' title='bbox 1384 1210 1429 1245; x_wconf 89' lang='lat' dir='ltr'><strong>et</strong></span> <span class='ocrx_word' id='word_1_150' title='bbox 1460 1203 1516 1244; x_wconf 82' lang='lat' dir='ltr'><strong>ab</strong></span> <span class='ocrx_word' id='word_1_151' title='bbox 1545 1217 1593 1245; x_wconf 90' lang='lat' dir='ltr'><strong>se</strong></span> 
     </span>
     <span class='ocr_line' id='line_1_19' title="bbox 153 1259 1592 1313; baseline 0.004 -16"><span class='ocrx_word' id='word_1_152' title='bbox 153 1265 319 1313; x_wconf 65' lang='lat' dir='ltr'><strong>vropter</strong></span> <span class='ocrx_word' id='word_1_153' title='bbox 340 1259 569 1303; x_wconf 82' lang='lat' dir='ltr'><strong>Peccatum</strong></span> <span class='ocrx_word' id='word_1_154' title='bbox 591 1261 753 1302; x_wconf 88' lang='lat' dir='ltr'><strong>missus</strong></span> <span class='ocrx_word' id='word_1_155' title='bbox 773 1267 891 1302; x_wconf 82' lang='lat' dir='ltr'><strong>esset</strong></span> <span class='ocrx_word' id='word_1_156' title='bbox 910 1262 1144 1302; x_wconf 83' lang='lat' dir='ltr'><strong>necandum</strong></span> <span class='ocrx_word' id='word_1_157' title='bbox 1172 1261 1442 1313; x_wconf 81' lang='lat' dir='ltr'><strong>curavisset,</strong></span> <span class='ocrx_word' id='word_1_158' title='bbox 1482 1260 1525 1302; x_wconf 88' lang='lat' dir='ltr'><strong>h.</strong></span> <span class='ocrx_word' id='word_1_159' title='bbox 1552 1274 1592 1303; x_wconf 84' lang='lat' dir='ltr'><strong>e.</strong></span> 
     </span>
     <span class='ocr_line' id='line_1_20' title="bbox 134 1271 1592 1375; baseline 0 -19"><span class='ocrx_word' id='word_1_160' title='bbox 134 1271 365 1357; x_wconf 75' lang='lat' dir='ltr'><strong>l³occatum</strong></span> <span class='ocrx_word' id='word_1_161' title='bbox 389 1317 442 1359; x_wconf 91' lang='lat' dir='ltr'><strong>de</strong></span> <span class='ocrx_word' id='word_1_162' title='bbox 467 1317 716 1375; x_wconf 88' lang='lat' dir='ltr'><strong>principatu</strong></span> <span class='ocrx_word' id='word_1_163' title='bbox 746 1317 959 1374; x_wconf 84' lang='lat' dir='ltr'><strong>dejectum</strong></span> <span class='ocrx_word' id='word_1_164' title='bbox 987 1332 1085 1359; x_wconf 89' lang='lat' dir='ltr'><strong>esse</strong></span> <span class='ocrx_word' id='word_1_165' title='bbox 1114 1331 1192 1375; x_wconf 89' lang='lat' dir='ltr'><strong>per</strong></span> <span class='ocrx_word' id='word_1_166' title='bbox 1219 1317 1424 1371; x_wconf 82' lang='lat' dir='ltr'><strong>ambages</strong></span> <span class='ocrx_word' id='word_1_167' title='bbox 1455 1316 1592 1357; x_wconf 88' lang='lat' dir='ltr'><strong>homi-</strong></span> 
     </span>
     <span class='ocr_line' id='line_1_21' title="bbox 133 1371 1592 1430; baseline 0.001 -20"><span class='ocrx_word' id='word_1_168' title='bbox 133 1371 264 1412; x_wconf 82' lang='lat' dir='ltr'><strong>nibus</strong></span> <span class='ocrx_word' id='word_1_169' title='bbox 284 1386 333 1413; x_wconf 92' lang='lat' dir='ltr'><strong>eo</strong></span> <span class='ocrx_word' id='word_1_170' title='bbox 364 1374 582 1427; x_wconf 86' lang='lat' dir='ltr'><strong>ostendit,</strong></span> <span class='ocrx_word' id='word_1_171' title='bbox 619 1372 732 1430; x_wconf 83' lang='lat' dir='ltr'><strong>quod</strong></span> <span class='ocrx_word' id='word_1_172' title='bbox 762 1375 984 1417; x_wconf 85' lang='lat' dir='ltr'><strong>Christum</strong></span> <span class='ocrx_word' id='word_1_173' title='bbox 1016 1375 1136 1416; x_wconf 91' lang='lat' dir='ltr'><strong>nullo</strong></span> <span class='ocrx_word' id='word_1_174' title='bbox 1166 1373 1282 1430; x_wconf 86' lang='lat' dir='ltr'><strong>quod</strong></span> <span class='ocrx_word' id='word_1_175' title='bbox 1311 1373 1353 1415; x_wconf 95' lang='lat' dir='ltr'><strong>in</strong></span> <span class='ocrx_word' id='word_1_176' title='bbox 1382 1371 1592 1414; x_wconf 82' lang='lat' dir='ltr'><strong>Peccatus</strong></span> 
     </span>
     <span class='ocr_line' id='line_1_22' title="bbox 133 1428 1590 1488; baseline 0.002 -22"><span class='ocrx_word' id='word_1_177' title='bbox 133 1434 354 1482; x_wconf 83' lang='lat' dir='ltr'><strong>potestate</strong></span> <span class='ocrx_word' id='word_1_178' title='bbox 383 1435 503 1473; x_wconf 81' lang='lat' dir='ltr'><strong>esset</strong></span> <span class='ocrx_word' id='word_1_179' title='bbox 530 1445 714 1488; x_wconf 87' lang='lat' dir='ltr'><strong>corpore</strong></span> <span class='ocrx_word' id='word_1_180' title='bbox 753 1432 939 1473; x_wconf 89' lang='lat' dir='ltr'><strong>cinctum</strong></span> <span class='ocrx_word' id='word_1_181' title='bbox 979 1435 1023 1472; x_wconf 89' lang='lat' dir='ltr'><strong>et</strong></span> <span class='ocrx_word' id='word_1_182' title='bbox 1063 1445 1189 1487; x_wconf 85' lang='lat' dir='ltr'><strong>quem</strong></span> <span class='ocrx_word' id='word_1_183' title='bbox 1227 1437 1407 1487; x_wconf 84' lang='lat' dir='ltr'><strong>propter</strong></span> <span class='ocrx_word' id='word_1_184' title='bbox 1431 1428 1590 1471; x_wconf 81' lang='lat' dir='ltr'><strong>Pecca-</strong></span> 
     </span>
     <span class='ocr_line' id='line_1_23' title="bbox 133 1483 1592 1543; baseline 0.003 -20"><span class='ocrx_word' id='word_1_185' title='bbox 133 1490 224 1524; x_wconf 77' lang='lat' dir='ltr'><strong>tum</strong></span> <span class='ocrx_word' id='word_1_186' title='bbox 250 1485 444 1529; x_wconf 88' lang='lat' dir='ltr'><strong>misisset</strong></span> <span class='ocrx_word' id='word_1_187' title='bbox 467 1488 595 1530; x_wconf 90' lang='lat' dir='ltr'><strong>morti</strong></span> <span class='ocrx_word' id='word_1_188' title='bbox 623 1487 806 1532; x_wconf 81' lang='lat' dir='ltr'><strong>addixit.</strong></span> <span class='ocrx_word' id='word_1_189' title='bbox 865 1488 1007 1543; x_wconf 79' lang='lat' dir='ltr'><strong>(Haec</strong></span> <span class='ocrx_word' id='word_1_190' title='bbox 1037 1487 1185 1529; x_wconf 82' lang='lat' dir='ltr'><strong>verbis</strong></span> <span class='ocrx_word' id='word_1_191' title='bbox 1215 1500 1256 1528; x_wconf 90' lang='lat' dir='ltr'><strong>v.</strong></span> <span class='ocrx_word' id='word_1_192' title='bbox 1277 1487 1319 1530; x_wconf 87' lang='lat'><strong>3.</strong></span> <span class='ocrx_word' id='word_1_193' title='bbox 1350 1483 1376 1526; x_wconf 73' lang='grc' dir='ltr'>ὅ</span> <span class='ocrx_word' id='word_1_194' title='bbox 1405 1484 1516 1534; x_wconf 79' lang='grc' dir='ltr'><strong><em>θεὸς</em></strong></span> <span class='ocrx_word' id='word_1_195' title='bbox 1536 1509 1592 1516; x_wconf 90' lang='lat'><strong>—-</strong></span> 
     </span>
     <span class='ocr_line' id='line_1_24' title="bbox 131 1537 1589 1598; baseline 0.001 -17"><span class='ocrx_word' id='word_1_196' title='bbox 131 1563 187 1570; x_wconf 76' lang='lat'>—</span> <span class='ocrx_word' id='word_1_197' title='bbox 208 1537 536 1598; x_wconf 68' lang='grc' dir='ltr'><strong><em>τὴνἍμαρτίαν</em></strong></span> <span class='ocrx_word' id='word_1_198' title='bbox 557 1543 600 1586; x_wconf 78' lang='grc' dir='ltr'><strong>ἐν</strong></span> <span class='ocrx_word' id='word_1_199' title='bbox 620 1545 674 1598; x_wconf 71' lang='grc' dir='ltr'><strong>τῇ</strong></span> <span class='ocrx_word' id='word_1_200' title='bbox 691 1544 821 1598; x_wconf 79' lang='grc' dir='ltr'><em>σαρκί</em></span> <span class='ocrx_word' id='word_1_201' title='bbox 851 1545 1166 1598; x_wconf 84' lang='lat' dir='ltr'><strong>continentur).</strong></span> <span class='ocrx_word' id='word_1_202' title='bbox 1227 1542 1485 1584; x_wconf 87' lang='lat' dir='ltr'><strong>Mittendum</strong></span> <span class='ocrx_word' id='word_1_203' title='bbox 1513 1556 1589 1582; x_wconf 89' lang='lat' dir='ltr'><strong>au-</strong></span> 
     </span>
     <span class='ocr_line' id='line_1_25' title="bbox 131 1597 1589 1656; baseline 0.001 -19"><span class='ocrx_word' id='word_1_204' title='bbox 131 1600 219 1637; x_wconf 78' lang='lat' dir='ltr'><strong>tem</strong></span> <span class='ocrx_word' id='word_1_205' title='bbox 242 1598 464 1641; x_wconf 83' lang='lat' dir='ltr'><strong>Christum</strong></span> <span class='ocrx_word' id='word_1_206' title='bbox 486 1601 622 1643; x_wconf 79' lang='lat' dir='ltr'><strong>fuisse</strong></span> <span class='ocrx_word' id='word_1_207' title='bbox 645 1601 689 1644; x_wconf 78' lang='grc' dir='ltr'><strong>ἐν</strong></span> <span class='ocrx_word' id='word_1_208' title='bbox 718 1597 932 1653; x_wconf 80' lang='grc' dir='ltr'><em>ὁμοιώμ</em></span> <span class='ocrx_word' id='word_1_209' title='bbox 949 1616 1038 1641; x_wconf 81' lang='grc' dir='ltr'><strong>ατι</strong></span> <span class='ocrx_word' id='word_1_210' title='bbox 1067 1599 1230 1654; x_wconf 80' lang='grc' dir='ltr'><strong><em>σαρκὸς</em></strong></span> <span class='ocrx_word' id='word_1_211' title='bbox 1244 1597 1483 1656; x_wconf 77' lang='grc' dir='ltr'><strong><em>Ἁμαρτίας</em></strong></span> <span class='ocrx_word' id='word_1_212' title='bbox 1511 1613 1589 1655; x_wconf 87' lang='lat' dir='ltr'><strong>pa-</strong></span> 
     </span>
     <span class='ocr_line' id='line_1_26' title="bbox 132 1653 1588 1706; baseline 0.001 -13"><span class='ocrx_word' id='word_1_213' title='bbox 132 1658 213 1696; x_wconf 86' lang='lat' dir='ltr'><strong>tet.</strong></span> <span class='ocrx_word' id='word_1_214' title='bbox 270 1653 383 1696; x_wconf 81' lang='lat' dir='ltr'><strong>Nam</strong></span> <span class='ocrx_word' id='word_1_215' title='bbox 418 1657 505 1697; x_wconf 93' lang='lat' dir='ltr'><strong>nisi</strong></span> <span class='ocrx_word' id='word_1_216' title='bbox 529 1658 732 1700; x_wconf 87' lang='lat' dir='ltr'><strong>Christus</strong></span> <span class='ocrx_word' id='word_1_217' title='bbox 758 1656 1112 1698; x_wconf 87' lang='lat' dir='ltr'><strong>innocentissime</strong></span> <span class='ocrx_word' id='word_1_218' title='bbox 1144 1656 1351 1706; x_wconf 84' lang='lat' dir='ltr'><strong>vixisset,</strong></span> <span class='ocrx_word' id='word_1_219' title='bbox 1390 1654 1466 1695; x_wconf 85' lang='lat' dir='ltr'><strong>sed</strong></span> <span class='ocrx_word' id='word_1_220' title='bbox 1493 1669 1588 1695; x_wconf 90' lang='lat' dir='ltr'><strong>cor-</strong></span> 
     </span>
     <span class='ocr_line' id='line_1_27' title="bbox 130 1709 1586 1770; baseline 0.001 -21"><span class='ocrx_word' id='word_1_221' title='bbox 130 1723 216 1766; x_wconf 85' lang='lat' dir='ltr'><strong>pus</strong></span> <span class='ocrx_word' id='word_1_222' title='bbox 246 1709 449 1753; x_wconf 83' lang='lat' dir='ltr'><strong>Peccatui</strong></span> <span class='ocrx_word' id='word_1_223' title='bbox 481 1716 813 1770; x_wconf 78' lang='lat' dir='ltr'><strong>oppigneratum</strong></span> <span class='ocrx_word' id='word_1_224' title='bbox 847 1714 1092 1763; x_wconf 82' lang='lat' dir='ltr'><strong>habuisset,</strong></span> <span class='ocrx_word' id='word_1_225' title='bbox 1142 1710 1364 1753; x_wconf 89' lang='lat' dir='ltr'><strong>moriendo</strong></span> <span class='ocrx_word' id='word_1_226' title='bbox 1393 1716 1586 1764; x_wconf 76' lang='lat' dir='ltr'><strong>peccato-</strong></span> 
     </span>
     <span class='ocr_line' id='line_1_28' title="bbox 131 1767 1587 1826; baseline -0.001 -18"><span class='ocrx_word' id='word_1_227' title='bbox 131 1780 229 1808; x_wconf 77' lang='lat' dir='ltr'><strong>rum</strong></span> <span class='ocrx_word' id='word_1_228' title='bbox 250 1767 303 1809; x_wconf 83' lang='lat' dir='ltr'><strong>ab</strong></span> <span class='ocrx_word' id='word_1_229' title='bbox 322 1783 367 1809; x_wconf 82' lang='lat' dir='ltr'><strong>se</strong></span> <span class='ocrx_word' id='word_1_230' title='bbox 383 1774 651 1820; x_wconf 78' lang='lat' dir='ltr'><strong>patratorum</strong></span> <span class='ocrx_word' id='word_1_231' title='bbox 670 1784 847 1824; x_wconf 79' lang='lat' dir='ltr'><strong>poenam</strong></span> <span class='ocrx_word' id='word_1_232' title='bbox 868 1770 1060 1811; x_wconf 76' lang='lat' dir='ltr'><strong>subiisset</strong></span> <span class='ocrx_word' id='word_1_233' title='bbox 1080 1767 1142 1823; x_wconf 83' lang='lat'><strong>(5,</strong></span> <span class='ocrx_word' id='word_1_234' title='bbox 1160 1769 1246 1820; x_wconf 82' lang='lat'><strong>12.)</strong></span> <span class='ocrx_word' id='word_1_235' title='bbox 1270 1767 1452 1826; x_wconf 89' lang='lat' dir='ltr'><strong>ejusque</strong></span> <span class='ocrx_word' id='word_1_236' title='bbox 1473 1781 1587 1807; x_wconf 90' lang='lat' dir='ltr'><strong>mor-</strong></span> 
     </span>
     <span class='ocr_line' id='line_1_29' title="bbox 129 1823 1586 1880; baseline 0.001 -18"><span class='ocrx_word' id='word_1_237' title='bbox 129 1827 218 1863; x_wconf 83' lang='lat' dir='ltr'><strong>tem</strong></span> <span class='ocrx_word' id='word_1_238' title='bbox 239 1838 289 1865; x_wconf 94' lang='lat' dir='ltr'><strong>eo</strong></span> <span class='ocrx_word' id='word_1_239' title='bbox 310 1825 525 1876; x_wconf 78' lang='lat' dir='ltr'><strong>valuisse,</strong></span> <span class='ocrx_word' id='word_1_240' title='bbox 555 1832 604 1868; x_wconf 92' lang='lat' dir='ltr'><strong>ut</strong></span> <span class='ocrx_word' id='word_1_241' title='bbox 624 1827 833 1869; x_wconf 78' lang='lat' dir='ltr'><strong>Peccatus</strong></span> <span class='ocrx_word' id='word_1_242' title='bbox 858 1826 1115 1878; x_wconf 78' lang='lat' dir='ltr'><strong>imaginario</strong></span> <span class='ocrx_word' id='word_1_243' title='bbox 1141 1824 1357 1880; x_wconf 89' lang='lat' dir='ltr'><strong>supplicio</strong></span> <span class='ocrx_word' id='word_1_244' title='bbox 1388 1823 1586 1864; x_wconf 83' lang='lat' dir='ltr'><strong>allicere-</strong></span> 
     </span>
     <span class='ocr_line' id='line_1_30' title="bbox 128 1882 1585 1936; baseline 0.001 -17"><span class='ocrx_word' id='word_1_245' title='bbox 128 1884 226 1931; x_wconf 78' lang='lat' dir='ltr'><strong>tur,</strong></span> <span class='ocrx_word' id='word_1_246' title='bbox 255 1885 417 1922; x_wconf 90' lang='lat' dir='ltr'><strong>temere</strong></span> <span class='ocrx_word' id='word_1_247' title='bbox 436 1882 728 1925; x_wconf 85' lang='lat' dir='ltr'><strong>crederemus.</strong></span> <span class='ocrx_word' id='word_1_248' title='bbox 786 1885 853 1925; x_wconf 87' lang='lat' dir='ltr'><strong>At</strong></span> <span class='ocrx_word' id='word_1_249' title='bbox 882 1882 1052 1923; x_wconf 77' lang='lat' dir='ltr'><strong>divinae</strong></span> <span class='ocrx_word' id='word_1_250' title='bbox 1078 1884 1281 1932; x_wconf 82' lang='lat' dir='ltr'><strong>naturae,</strong></span> <span class='ocrx_word' id='word_1_251' title='bbox 1315 1894 1425 1936; x_wconf 84' lang='lat' dir='ltr'><strong>quae</strong></span> <span class='ocrx_word' id='word_1_252' title='bbox 1455 1894 1585 1935; x_wconf 85' lang='lat' dir='ltr'><strong>quum</strong></span> 
     </span>
     <span class='ocr_line' id='line_1_31' title="bbox 128 1936 1588 1995; baseline 0 -19"><span class='ocrx_word' id='word_1_253' title='bbox 128 1948 289 1992; x_wconf 79' lang='lat' dir='ltr'><strong>corpus</strong></span> <span class='ocrx_word' id='word_1_254' title='bbox 320 1939 454 1979; x_wconf 87' lang='lat' dir='ltr'><strong>nullis</strong></span> <span class='ocrx_word' id='word_1_255' title='bbox 481 1946 754 1995; x_wconf 87' lang='lat' dir='ltr'><strong>peccatorum</strong></span> <span class='ocrx_word' id='word_1_256' title='bbox 785 1938 989 1981; x_wconf 88' lang='lat' dir='ltr'><strong>sordibus</strong></span> <span class='ocrx_word' id='word_1_257' title='bbox 1019 1941 1354 1994; x_wconf 85' lang='lat' dir='ltr'><strong>conspurcatum</strong></span> <span class='ocrx_word' id='word_1_258' title='bbox 1385 1936 1588 1977; x_wconf 87' lang='lat' dir='ltr'><strong>habuerit</strong></span> 
     </span>
     <span class='ocr_line' id='line_1_32' title="bbox 129 1992 1584 2049; baseline 0.001 -16"><span class='ocrx_word' id='word_1_259' title='bbox 129 1994 242 2034; x_wconf 87' lang='lat' dir='ltr'><strong>mori</strong></span> <span class='ocrx_word' id='word_1_260' title='bbox 272 1994 400 2049; x_wconf 86' lang='lat' dir='ltr'><strong>plane</strong></span> <span class='ocrx_word' id='word_1_261' title='bbox 432 2010 515 2037; x_wconf 91' lang='lat' dir='ltr'><strong>non</strong></span> <span class='ocrx_word' id='word_1_262' title='bbox 557 1997 783 2048; x_wconf 89' lang='lat' dir='ltr'><strong>debuerit,</strong></span> <span class='ocrx_word' id='word_1_263' title='bbox 832 1996 1012 2037; x_wconf 87' lang='lat' dir='ltr'><strong>interitu</strong></span> <span class='ocrx_word' id='word_1_264' title='bbox 1049 1993 1260 2035; x_wconf 77' lang='lat' dir='ltr'><strong>Peccatus</strong></span> <span class='ocrx_word' id='word_1_265' title='bbox 1297 1992 1584 2047; x_wconf 82' lang='lat' dir='ltr'><strong>imaginariae</strong></span> 
     </span>
     <span class='ocr_line' id='line_1_33' title="bbox 128 2049 1585 2112; baseline 0 -23"><span class='ocrx_word' id='word_1_266' title='bbox 128 2050 224 2090; x_wconf 88' lang='lat' dir='ltr'><strong>neci</strong></span> <span class='ocrx_word' id='word_1_267' title='bbox 247 2049 394 2092; x_wconf 85' lang='lat' dir='ltr'><strong>dedita</strong></span> <span class='ocrx_word' id='word_1_268' title='bbox 417 2058 535 2095; x_wconf 88' lang='lat' dir='ltr'><strong>recte</strong></span> <span class='ocrx_word' id='word_1_269' title='bbox 554 2052 693 2096; x_wconf 87' lang='lat' dir='ltr'><strong>videri</strong></span> <span class='ocrx_word' id='word_1_270' title='bbox 716 2057 878 2109; x_wconf 85' lang='lat' dir='ltr'><strong>potest.</strong></span> <span class='ocrx_word' id='word_1_271' title='bbox 938 2051 1049 2093; x_wconf 89' lang='lat' dir='ltr'><strong>ltem</strong></span> <span class='ocrx_word' id='word_1_272' title='bbox 1070 2050 1275 2093; x_wconf 85' lang='lat' dir='ltr'><strong>Christus</strong></span> <span class='ocrx_word' id='word_1_273' title='bbox 1293 2054 1470 2102; x_wconf 81' lang='lat' dir='ltr'><strong>propter</strong></span> <span class='ocrx_word' id='word_1_274' title='bbox 1483 2049 1585 2112; x_wconf 64' lang='lat' dir='ltr'><strong>Pec-</strong></span> 
     </span>
     <span class='ocr_line' id='line_1_34' title="bbox 130 2103 1583 2169; baseline -0.001 -22"><span class='ocrx_word' id='word_1_275' title='bbox 130 2110 273 2148; x_wconf 80' lang='lat' dir='ltr'><strong>cutum</strong></span> <span class='ocrx_word' id='word_1_276' title='bbox 304 2110 429 2162; x_wconf 77' lang='grc' dir='ltr'><em>(περὶ</em></span> <span class='ocrx_word' id='word_1_277' title='bbox 453 2105 707 2166; x_wconf 68' lang='grc' dir='ltr'><strong><em>Ἀιιαρτίας)</em></strong></span> <span class='ocrx_word' id='word_1_278' title='bbox 738 2109 947 2151; x_wconf 88' lang='lat' dir='ltr'><strong>divinitus</strong></span> <span class='ocrx_word' id='word_1_279' title='bbox 989 2106 1226 2149; x_wconf 88' lang='lat' dir='ltr'><strong>mittendus</strong></span> <span class='ocrx_word' id='word_1_280' title='bbox 1267 2111 1378 2147; x_wconf 87' lang='lat' dir='ltr'><strong>erat.</strong></span> <span class='ocrx_word' id='word_1_281' title='bbox 1445 2103 1583 2169; x_wconf 57' lang='lat' dir='ltr'><strong>Culus</strong></span> 
     </span>
     <span class='ocr_line' id='line_1_35' title="bbox 129 2160 1584 2222; baseline -0.001 -20"><span class='ocrx_word' id='word_1_282' title='bbox 129 2162 282 2205; x_wconf 83' lang='lat' dir='ltr'><strong>missio</strong></span> <span class='ocrx_word' id='word_1_283' title='bbox 303 2164 389 2205; x_wconf 92' lang='lat' dir='ltr'><strong>nisi</strong></span> <span class='ocrx_word' id='word_1_284' title='bbox 410 2167 465 2208; x_wconf 80' lang='lat' dir='ltr'><strong>tul</strong></span> <span class='ocrx_word' id='word_1_285' title='bbox 486 2167 709 2208; x_wconf 77' lang='lat' dir='ltr'><strong>Peccatum</strong></span> <span class='ocrx_word' id='word_1_286' title='bbox 731 2166 1045 2222; x_wconf 86' lang='lat' dir='ltr'><strong>pertinuisset,</strong></span> <span class='ocrx_word' id='word_1_287' title='bbox 1076 2178 1158 2205; x_wconf 91' lang='lat' dir='ltr'><strong>non</strong></span> <span class='ocrx_word' id='word_1_288' title='bbox 1177 2167 1318 2214; x_wconf 88' lang='lat' dir='ltr'><strong>esset,</strong></span> <span class='ocrx_word' id='word_1_289' title='bbox 1349 2160 1463 2216; x_wconf 88' lang='lat' dir='ltr'><strong>quod</strong></span> <span class='ocrx_word' id='word_1_290' title='bbox 1487 2175 1584 2218; x_wconf 72' lang='lat' dir='ltr'><strong>ejus</strong></span> 
     </span>
     <span class='ocr_line' id='line_1_36' title="bbox 127 2216 1583 2281; baseline 0 -23"><span class='ocrx_word' id='word_1_291' title='bbox 127 2225 268 2261; x_wconf 88' lang='lat' dir='ltr'><strong>morte</strong></span> <span class='ocrx_word' id='word_1_292' title='bbox 292 2221 490 2264; x_wconf 64' lang='lat' dir='ltr'><strong>Peccata?</strong></span> <span class='ocrx_word' id='word_1_293' title='bbox 509 2236 651 2264; x_wconf 82' lang='lat' dir='ltr'><strong>necem</strong></span> <span class='ocrx_word' id='word_1_294' title='bbox 668 2223 834 2264; x_wconf 84' lang='lat' dir='ltr'><strong>illatam</strong></span> <span class='ocrx_word' id='word_1_295' title='bbox 854 2236 950 2263; x_wconf 87' lang='lat' dir='ltr'><strong>esse</strong></span> <span class='ocrx_word' id='word_1_296' title='bbox 971 2219 1262 2261; x_wconf 81' lang='lat' dir='ltr'><strong>crederemuS.</strong></span> <span class='ocrx_word' id='word_1_297' title='bbox 1318 2216 1430 2281; x_wconf 65' lang='lat' dir='ltr'><strong>Nam</strong></span> <span class='ocrx_word' id='word_1_298' title='bbox 1453 2218 1583 2260; x_wconf 82' lang='lat' dir='ltr'><strong>aliam</strong></span> 
     </span>
     <span class='ocr_line' id='line_1_37' title="bbox 126 2273 1584 2334; baseline -0.001 -19"><span class='ocrx_word' id='word_1_299' title='bbox 126 2276 275 2331; x_wconf 88' lang='lat' dir='ltr'><strong>potius</strong></span> <span class='ocrx_word' id='word_1_300' title='bbox 293 2291 383 2319; x_wconf 92' lang='lat' dir='ltr'><strong>rem</strong></span> <span class='ocrx_word' id='word_1_301' title='bbox 408 2278 555 2330; x_wconf 80' lang='lat' dir='ltr'><strong>Deus,</strong></span> <span class='ocrx_word' id='word_1_302' title='bbox 584 2293 713 2334; x_wconf 90' lang='lat' dir='ltr'><strong>quum</strong></span> <span class='ocrx_word' id='word_1_303' title='bbox 735 2279 957 2321; x_wconf 89' lang='lat' dir='ltr'><strong>Christum</strong></span> <span class='ocrx_word' id='word_1_304' title='bbox 980 2277 1192 2318; x_wconf 86' lang='lat' dir='ltr'><strong>insontem</strong></span> <span class='ocrx_word' id='word_1_305' title='bbox 1221 2273 1333 2314; x_wconf 89' lang='lat' dir='ltr'><strong>mori</strong></span> <span class='ocrx_word' id='word_1_306' title='bbox 1354 2274 1584 2332; x_wconf 71' lang='lat' dir='ltr'><strong>jussisset,</strong></span> 
     </span>
     <span class='ocr_line' id='line_1_38' title="bbox 127 2331 1580 2395; baseline -0.001 -23"><span class='ocrx_word' id='word_1_307' title='bbox 127 2331 268 2374; x_wconf 65' lang='lat' dir='ltr'><strong>videri</strong></span> <span class='ocrx_word' id='word_1_308' title='bbox 288 2343 437 2390; x_wconf 87' lang='lat' dir='ltr'><strong>posset</strong></span> <span class='ocrx_word' id='word_1_309' title='bbox 458 2342 689 2390; x_wconf 83' lang='lat' dir='ltr'><strong>sequutus.</strong></span> <span class='ocrx_word' id='word_1_310' title='bbox 745 2335 947 2377; x_wconf 87' lang='lat' dir='ltr'><strong>Ceterum</strong></span> <span class='ocrx_word' id='word_1_311' title='bbox 969 2333 1091 2374; x_wconf 83' lang='lat' dir='ltr'><strong>Dens</strong></span> <span class='ocrx_word' id='word_1_312' title='bbox 1115 2346 1184 2382; x_wconf 87' lang='lat' dir='ltr'><strong>re,</strong></span> <span class='ocrx_word' id='word_1_313' title='bbox 1218 2345 1344 2386; x_wconf 84' lang='lat' dir='ltr'><strong>quam</strong></span> <span class='ocrx_word' id='word_1_314' title='bbox 1371 2332 1439 2371; x_wconf 88' lang='lat' dir='ltr'><strong>lex</strong></span> <span class='ocrx_word' id='word_1_315' title='bbox 1472 2344 1580 2395; x_wconf 59' lang='lat' dir='ltr'><strong>mos:</strong></span> 
     </span>
     <span class='ocr_line' id='line_1_39' title="bbox 129 2386 1581 2448; baseline -0.001 -20"><span class='ocrx_word' id='word_1_316' title='bbox 129 2389 304 2431; x_wconf 76' lang='lat' dir='ltr'><strong>efficere</strong></span> <span class='ocrx_word' id='word_1_317' title='bbox 343 2405 425 2432; x_wconf 90' lang='lat' dir='ltr'><strong>non</strong></span> <span class='ocrx_word' id='word_1_318' title='bbox 456 2394 699 2447; x_wconf 80' lang='lat' dir='ltr'><strong>potuisset,</strong></span> <span class='ocrx_word' id='word_1_319' title='bbox 746 2405 825 2448; x_wconf 90' lang='lat' dir='ltr'><strong>per</strong></span> <span class='ocrx_word' id='word_1_320' title='bbox 856 2390 1023 2432; x_wconf 85' lang='lat' dir='ltr'><strong>Christi</strong></span> <span class='ocrx_word' id='word_1_321' title='bbox 1059 2393 1238 2429; x_wconf 84' lang='lat' dir='ltr'><strong>mortem</strong></span> <span class='ocrx_word' id='word_1_322' title='bbox 1270 2386 1461 2444; x_wconf 68' lang='lat' dir='ltr'><strong>perfecta</strong></span> <span class='ocrx_word' id='word_1_323' title='bbox 1490 2387 1581 2439; x_wconf 76' lang='lat' dir='ltr'><strong>leg!</strong></span> 
     </span>
     <span class='ocr_line' id='line_1_40' title="bbox 128 2442 1580 2506; baseline -0.001 -22"><span class='ocrx_word' id='word_1_324' title='bbox 128 2458 239 2487; x_wconf 85' lang='lat' dir='ltr'><strong>mos.</strong></span> <span class='ocrx_word' id='word_1_325' title='bbox 260 2460 307 2486; x_wconf 83' lang='lat' dir='ltr'><strong>eo</strong></span> <span class='ocrx_word' id='word_1_326' title='bbox 328 2449 498 2489; x_wconf 75' lang='lat' dir='ltr'><strong>consilio</strong></span> <span class='ocrx_word' id='word_1_327' title='bbox 520 2449 762 2503; x_wconf 78' lang='lat' dir='ltr'><strong>opitulatus</strong></span> <span class='ocrx_word' id='word_1_328' title='bbox 791 2453 883 2498; x_wconf 88' lang='lat' dir='ltr'><strong>est,</strong></span> <span class='ocrx_word' id='word_1_329' title='bbox 923 2451 964 2485; x_wconf 87' lang='lat' dir='ltr'><strong>nt</strong></span> <span class='ocrx_word' id='word_1_330' title='bbox 999 2443 1268 2485; x_wconf 85' lang='lat' dir='ltr'><strong>absolutoria</strong></span> <span class='ocrx_word' id='word_1_331' title='bbox 1304 2457 1441 2498; x_wconf 85' lang='lat' dir='ltr'><strong>eaque</strong></span> <span class='ocrx_word' id='word_1_332' title='bbox 1469 2442 1580 2506; x_wconf 77' lang='lat' dir='ltr'><strong>vita-</strong></span> 
     </span>
     <span class='ocr_line' id='line_1_41' title="bbox 125 2498 1579 2555; baseline 0 -14"><span class='ocrx_word' id='word_1_333' title='bbox 125 2500 184 2541; x_wconf 85' lang='lat' dir='ltr'><strong>lis</strong></span> <span class='ocrx_word' id='word_1_334' title='bbox 204 2501 318 2555; x_wconf 87' lang='lat' dir='ltr'><strong>legis</strong></span> <span class='ocrx_word' id='word_1_335' title='bbox 340 2517 446 2546; x_wconf 77' lang='lat' dir='ltr'><strong>mos,</strong></span> <span class='ocrx_word' id='word_1_336' title='bbox 470 2504 684 2546; x_wconf 85' lang='lat' dir='ltr'><strong>sententia</strong></span> <span class='ocrx_word' id='word_1_337' title='bbox 698 2508 894 2544; x_wconf 88' lang='lat' dir='ltr'><strong>eventum</strong></span> <span class='ocrx_word' id='word_1_338' title='bbox 911 2501 1139 2542; x_wconf 84' lang='lat' dir='ltr'><strong>haberetin</strong></span> <span class='ocrx_word' id='word_1_339' title='bbox 1154 2499 1399 2542; x_wconf 88' lang='lat' dir='ltr'><strong>hominibus</strong></span> <span class='ocrx_word' id='word_1_340' title='bbox 1410 2498 1579 2551; x_wconf 68' lang='lat' dir='ltr'><strong>christ„</strong></span> 
     </span>
     <span class='ocr_line' id='line_1_42' title="bbox 127 2554 1578 2615; baseline -0.003 -17"><span class='ocrx_word' id='word_1_341' title='bbox 127 2557 309 2612; x_wconf 88' lang='lat' dir='ltr'><strong>quinon</strong></span> <span class='ocrx_word' id='word_1_342' title='bbox 332 2558 384 2599; x_wconf 84' lang='lat' dir='ltr'><strong>ad</strong></span> <span class='ocrx_word' id='word_1_343' title='bbox 409 2562 606 2615; x_wconf 88' lang='lat' dir='ltr'><strong>corporis</strong></span> <span class='ocrx_word' id='word_1_344' title='bbox 635 2559 885 2611; x_wconf 87' lang='lat' dir='ltr'><strong>libidinem,</strong></span> <span class='ocrx_word' id='word_1_345' title='bbox 927 2557 1004 2599; x_wconf 88' lang='lat' dir='ltr'><strong>sed</strong></span> <span class='ocrx_word' id='word_1_346' title='bbox 1033 2557 1086 2597; x_wconf 83' lang='lat' dir='ltr'><strong>ad</strong></span> <span class='ocrx_word' id='word_1_347' title='bbox 1116 2556 1204 2599; x_wconf 83' lang='lat' dir='ltr'><strong>div.</strong></span> <span class='ocrx_word' id='word_1_348' title='bbox 1234 2555 1419 2611; x_wconf 81' lang='lat' dir='ltr'><strong>spiritus</strong></span> <span class='ocrx_word' id='word_1_349' title='bbox 1446 2554 1578 2595; x_wconf 85' lang='lat' dir='ltr'><strong>disci-</strong></span> 
     </span>
     <span class='ocr_line' id='line_1_43' title="bbox 127 2610 1577 2676; baseline -0.002 -22"><span class='ocrx_word' id='word_1_350' title='bbox 127 2614 290 2669; x_wconf 88' lang='lat' dir='ltr'><strong>plinam</strong></span> <span class='ocrx_word' id='word_1_351' title='bbox 314 2615 444 2655; x_wconf 76' lang='lat' dir='ltr'><strong>vitam</strong></span> <span class='ocrx_word' id='word_1_352' title='bbox 466 2617 708 2669; x_wconf 84' lang='lat' dir='ltr'><strong>dirigerent</strong></span> <span class='ocrx_word' id='word_1_353' title='bbox 728 2620 789 2670; x_wconf 78' lang='lat' dir='ltr'><strong>(v.</strong></span> <span class='ocrx_word' id='word_1_354' title='bbox 810 2615 891 2668; x_wconf 87' lang='grc'><strong>4.).</strong></span> <span class='ocrx_word' id='word_1_355' title='bbox 949 2613 1006 2654; x_wconf 89' lang='lat' dir='ltr'><strong>Et</strong></span> <span class='ocrx_word' id='word_1_356' title='bbox 1028 2627 1154 2670; x_wconf 84' lang='lat' dir='ltr'><strong>quam</strong></span> <span class='ocrx_word' id='word_1_357' title='bbox 1174 2614 1242 2654; x_wconf 89' lang='lat' dir='ltr'><strong>lex</strong></span> <span class='ocrx_word' id='word_1_358' title='bbox 1263 2625 1372 2653; x_wconf 79' lang='lat' dir='ltr'><strong>m0S.</strong></span> <span class='ocrx_word' id='word_1_359' title='bbox 1402 2610 1577 2676; x_wconf 77' lang='lat' dir='ltr'><strong>absolu-</strong></span> 
     </span>
     <span class='ocr_line' id='line_1_44' title="bbox 127 2667 1577 2732; baseline -0.002 -23"><span class='ocrx_word' id='word_1_360' title='bbox 127 2670 291 2711; x_wconf 79' lang='lat' dir='ltr'><strong>tionem</strong></span> <span class='ocrx_word' id='word_1_361' title='bbox 324 2671 496 2712; x_wconf 71' lang='lat' dir='ltr'><strong>vitalem</strong></span> <span class='ocrx_word' id='word_1_362' title='bbox 524 2673 718 2727; x_wconf 78' lang='lat' dir='ltr'><strong>pollicita</strong></span> <span class='ocrx_word' id='word_1_363' title='bbox 751 2676 870 2723; x_wconf 87' lang='lat' dir='ltr'><strong>erat,</strong></span> <span class='ocrx_word' id='word_1_364' title='bbox 926 2684 1017 2710; x_wconf 82' lang='lat' dir='ltr'><strong>eam</strong></span> <span class='ocrx_word' id='word_1_365' title='bbox 1055 2667 1290 2725; x_wconf 83' lang='lat' dir='ltr'><strong>aliqnando</strong></span> <span class='ocrx_word' id='word_1_366' title='bbox 1330 2667 1577 2732; x_wconf 72' lang='lat' dir='ltr'><strong>hominihus</strong></span> 
     </span>
     <span class='ocr_line' id='line_1_45' title="bbox 127 2723 1574 2783; baseline -0.003 -17"><span class='ocrx_word' id='word_1_367' title='bbox 127 2724 312 2767; x_wconf 84' lang='lat' dir='ltr'><strong>dandam</strong></span> <span class='ocrx_word' id='word_1_368' title='bbox 335 2727 470 2768; x_wconf 84' lang='lat' dir='ltr'><strong>luisse</strong></span> <span class='ocrx_word' id='word_1_369' title='bbox 493 2728 533 2767; x_wconf 94' lang='lat' dir='ltr'><strong>in</strong></span> <span class='ocrx_word' id='word_1_370' title='bbox 564 2735 736 2783; x_wconf 89' lang='lat' dir='ltr'><strong>promtu</strong></span> <span class='ocrx_word' id='word_1_371' title='bbox 766 2732 849 2768; x_wconf 88' lang='lat' dir='ltr'><strong>est.</strong></span> <span class='ocrx_word' id='word_1_372' title='bbox 909 2725 1022 2768; x_wconf 81' lang='lat' dir='ltr'><strong>Nam</strong></span> <span class='ocrx_word' id='word_1_373' title='bbox 1056 2740 1134 2782; x_wconf 91' lang='lat' dir='ltr'><strong>per</strong></span> <span class='ocrx_word' id='word_1_374' title='bbox 1154 2725 1302 2767; x_wconf 88' lang='lat' dir='ltr'><strong>Mosen</strong></span> <span class='ocrx_word' id='word_1_375' title='bbox 1326 2723 1467 2774; x_wconf 73' lang='lat' dir='ltr'><strong>Dens,</strong></span> <span class='ocrx_word' id='word_1_376' title='bbox 1505 2736 1574 2763; x_wconf 78' lang='lat' dir='ltr'><strong>cui</strong></span> 
     </span>
     <span class='ocr_line' id='line_1_46' title="bbox 127 2777 1575 2840; baseline -0.002 -18"><span class='ocrx_word' id='word_1_377' title='bbox 127 2785 342 2837; x_wconf 83' lang='lat' dir='ltr'><strong>promissa</strong></span> <span class='ocrx_word' id='word_1_378' title='bbox 363 2783 574 2825; x_wconf 79' lang='lat' dir='ltr'><strong>servanda</strong></span> <span class='ocrx_word' id='word_1_379' title='bbox 594 2790 717 2832; x_wconf 88' lang='lat' dir='ltr'><strong>sunt,</strong></span> <span class='ocrx_word' id='word_1_380' title='bbox 751 2797 839 2824; x_wconf 91' lang='lat' dir='ltr'><strong>rem</strong></span> <span class='ocrx_word' id='word_1_381' title='bbox 864 2782 1088 2840; x_wconf 87' lang='lat' dir='ltr'><strong>pollicitus</strong></span> <span class='ocrx_word' id='word_1_382' title='bbox 1117 2786 1228 2824; x_wconf 76' lang='lat' dir='ltr'><strong>erat.</strong></span> <span class='ocrx_word' id='word_1_383' title='bbox 1285 2777 1399 2831; x_wconf 78' lang='lat' dir='ltr'><strong>(Hoc</strong></span> <span class='ocrx_word' id='word_1_384' title='bbox 1429 2779 1575 2820; x_wconf 74' lang='lat' dir='ltr'><strong>verbis</strong></span> 
     </span>
    </p>
   </div>
   <div class='ocr_carea' id='block_1_3' title="bbox 129 2839 1575 2908">
    <p class='ocr_par' dir='ltr' id='par_1_3' title="bbox 129 2839 1575 2908">
     <span class='ocr_line' id='line_1_47' title="bbox 129 2839 1575 2908; baseline -0.003 -16"><span class='ocrx_word' id='word_1_385' title='bbox 129 2866 153 2892; x_wconf 84' lang='lat' dir='ltr'><strong>o</strong></span> <span class='ocrx_word' id='word_1_386' title='bbox 185 2849 294 2898; x_wconf 65' lang='grc' dir='ltr'><strong>θεὸς</strong></span> <span class='ocrx_word' id='word_1_387' title='bbox 323 2875 376 2883; x_wconf 93' lang='lat'><strong>-—</strong></span> <span class='ocrx_word' id='word_1_388' title='bbox 405 2848 627 2908; x_wconf 71' lang='grc' dir='ltr'><strong><em>καῐέκριι·ε</em></strong></span> <span class='ocrx_word' id='word_1_389' title='bbox 658 2846 990 2906; x_wconf 57' lang='grc' dir='ltr'><strong>τιζνἉμαρτιάν</strong></span> <span class='ocrx_word' id='word_1_390' title='bbox 1021 2848 1064 2892; x_wconf 80' lang='grc' dir='ltr'><strong>ἐν</strong></span> <span class='ocrx_word' id='word_1_391' title='bbox 1092 2863 1128 2890; x_wconf 75' lang='grc' dir='ltr'><strong>τ.</strong></span> <span class='ocrx_word' id='word_1_392' title='bbox 1162 2861 1225 2898; x_wconf 79' lang='grc'><strong>0.,</strong></span> <span class='ocrx_word' id='word_1_393' title='bbox 1265 2839 1359 2887; x_wconf 61' lang='lat' dir='ltr'><strong>‘lla</strong></span> <span class='ocrx_word' id='word_1_394' title='bbox 1391 2844 1450 2887; x_wconf 82' lang='grc' dir='ltr'><strong>τὸ</strong></span> <span class='ocrx_word' id='word_1_395' title='bbox 1481 2846 1575 2888; x_wconf 78' lang='grc' dir='ltr'><strong>ὀι-</strong></span> 
     </span>
    </p>
   </div>
  </div>
 </body>
</html>
