1715 3115
579 183 739 231 CAP.
771 183 866 230 XI.
901 185 993 231 Vs,
1026 185 1086 232 1..
1482 183 1570 227 433

82 295 428 339 additamentum
449 291 597 336 Grolio
618 290 850 349 probatum
871 289 1053 336 Lac-lem.
1079 289 1269 348 recepit,
1301 289 1380 333 sed
1404 292 1452 333 ut
1479 303 1562 332 un-

81 355 148 397 cis
169 352 432 394 includeret.
487 348 620 390 Haud
639 349 770 390 dubie
796 348 972 390 librarii
1006 363 1043 392 v.
1073 342 1123 391 ὃν
1152 347 1357 403 προέγνω
1387 347 1562 406 adjece-

83 414 189 453 runt
208 424 231 451 e
255 423 318 451 vs,
340 409 383 449 2.
407 406 614 463 repetita.
677 405 788 447 Nam
813 409 858 446 ut
881 405 1092 461 optimum
1118 406 1175 447 sit
1201 401 1434 447 ἀντίθετον
1462 419 1562 447 vcr-

83 467 238 517 borum
270 463 471 521 προέγνω
504 470 548 504 et
579 459 819 504 drtcboazo:
866 475 967 503 num
1000 463 1157 517 rejecit
1185 462 1312 504 Deus
1345 463 1559 519 populum

84 538 209 566 suum
227 522 350 575 prius
369 514 596 563 cannabum?
627 519 815 574 (Gran),
855 519 1013 560 melius
1046 526 1189 560 tamen
1219 518 1395 570 vulgata
1428 519 1562 561 lectio

85 586 339 637 comparata
371 583 462 628 est,
519 590 647 633 quam
679 576 907 618 Grotiana.
979 574 1067 618 1115
1107 576 1220 618 enim
1262 577 1434 618 retenta
1465 579 1563 636 Ap.

83 637 229 695 primo
267 633 529 694 objectionis
561 632 796 675 vanitatem
829 647 908 674 suo
941 633 1140 690 exemplo
1170 633 1401 675 confirmat
1429 648 1470 678 v.
1503 637 1563 688 1.,

86 694 245 736 deinde
277 693 449 733 inanem
484 705 578 732 eam
611 703 707 732 esse
738 703 849 731 novo
878 704 1017 746 coque
1045 690 1168 745 gravi
1199 696 1456 745 argumento
1485 691 1565 733 ad-

86 751 180 794 dito
214 754 440 791 asseverat
469 762 511 791 v.
540 750 584 790 2.
617 745 695 788 οὐκ
722 743 800 788 ἀπ.
833 742 857 789 ὃ
888 746 999 797 θεὸς
1025 763 1061 789 τ.
1093 747 1130 791 λ.
1160 744 1298 790 αὑτοῦ
1325 747 1384 790 ὃν
1412 763 1564 805 προ-

88 808 249 863 ἐγνωε
282 807 361 848 hac
384 805 589 862 suscepta
616 817 743 845 versu
763 806 806 846 2.
837 804 1055 846 sententia
1086 818 1152 846 vs.
1188 807 1226 848 1.
1258 806 1562 848 tantummodo

86 866 294 907 iteratur.
351 863 564 913 Accedit,
593 860 706 917 quod
729 861 759 901 ii
781 861 1049 918 interpretes
1079 875 1195 905 voco.
1225 854 1276 903 ὃν
1305 861 1506 917 προέγνω
1536 878 1561 905 e

86 936 154 964 vs.
173 922 215 964 2.
238 920 463 966 addidisse
489 919 713 969 videntur,
746 918 822 974 qui
855 918 908 959 de
936 918 1024 975 piis
1053 919 1353 961 tantummodo
1373 917 1564 962 Israeli-

88 979 150 1021 tis
170 983 213 1020 et
234 992 416 1034 quorum
438 976 564 1018 iidem
589 975 710 1017 Deus
731 976 1028 1033 praevidisset
1049 976 1091 1020 h.
1114 976 1145 1020 l.
1169 977 1240 1031 agi
1270 982 1437 1019 temere
1466 978 1564 1035 opi-

89 1036 183 1078 nati
203 1042 305 1076 sunt
325 1035 402 1085 (cf.
422 1048 463 1076 v.
484 1048 522 1075 c.
545 1033 722 1088 Chrysa,
759 1032 986 1086 leeophyl.
1006 1038 1049 1074 et
1069 1034 1438 1076 Ambrosiam-nm
1457 1040 1500 1076 et
1520 1050 1565 1080 v.

90 1098 184 1137 not.
215 1092 268 1132 ad
298 1106 338 1134 v.
359 1093 441 1144 2.).
508 1088 676 1132 Paulus
702 1091 989 1142 senteutiam,
1027 1105 1154 1147 quam
1187 1092 1415 1147 proposita
1443 1092 1566 1151 obje-

88 1151 178 1191 ctio
206 1149 425 1200 continet,
468 1146 615 1189 verbis
646 1145 707 1201 μ’)
736 1146 907 1200 γένοιτο
935 1148 1240 1200 abominatus,
1276 1149 1434 1190 falsam
1467 1164 1564 1193 eam

89 1221 190 1249 esse
212 1220 290 1247 suo
315 1205 457 1262 ipsius
478 1204 676 1259 exemplo
701 1203 842 1246 docet.
900 1203 996 1246 Hoc
1027 1207 1082 1245 ab
1111 1205 1312 1247 omnibus
1344 1206 1566 1263 interpre-

89 1264 212 1305 tibus
234 1269 412 1318 praeter
434 1260 533 1303 (ΗΓ.
564 1268 607 1301 et
627 1259 855 1312 Illesserum
885 1265 948 1313 (ν.
978 1261 1115 1316 infra)
1145 1268 1263 1304 recte
1291 1264 1566 1310 conceditur.

90 1320 185 1361 Καὶ
204 1323 285 1373 γάρ
306 1319 348 1361 h.
372 1319 429 1370 l.,
462 1324 508 1359 ut
527 1317 810 1372 saepissime,
838 1331 940 1359 mem
959 1319 1092 1361 etiam
1114 1319 1317 1372 denotat,
1355 1335 1466 1376 quae
1490 1336 1566 1366 res

90 1391 224 1433 quum
244 1376 452 1417 librarios
473 1381 517 1415 et
546 1375 780 1415 nonnullos
809 1375 940 1415 etiam
964 1374 1022 1417 V.
1045 1376 1103 1420 D.
1133 1378 1422 1432 praeterisset
1453 1380 1567 1421 mul-

90 1435 152 1475 tis
176 1434 206 1476 l.
226 1432 398 1487 καὶγὰρ
424 1433 512 1472 καὶ
542 1437 705 1471 temere
732 1431 797 1471 vel
822 1431 1083 1486 requisitum
1112 1434 1182 1475 vel
1209 1434 1340 1476 etiam
1374 1435 1568 1478 inculca-

91 1496 184 1532 tum
215 1497 283 1531 est
314 1496 374 1544 (ν.
401 1488 447 1531 F.
475 1489 523 1530 V.
547 1488 775 1530 Frilzsclae
795 1486 980 1541 Quaest.
1004 1488 1112 1532 Luc.
1141 1505 1185 1546 p.
1209 1490 1306 1533 142.
1336 1506 1404 1548 sq.
1435 1499 1478 1534 et
1508 1493 1567 1536 ad

91 1548 334 1603 Aristoph.
358 1544 845 1600 Thesniophoriazusas
866 1560 907 1600 p.
929 1545 1001 1588 58.
1023 1549 1130 1602 sq.).
1177 1562 1278 1589 mem
1309 1562 1381 1603 ‘²9⁰
1404 1563 1569 1607 quoquo

92 1605 299 1647 Israelita
319 1616 430 1645 sum.
490 1602 636 1644 Grave
659 1616 783 1642 suum
809 1602 946 1642 Paulo
966 1604 1213 1660 exemplum
1235 1603 1432 1658 videtur,
1478 1621 1568 1649 non

92 1666 353 1719 propterea,
392 1657 510 1715 quod
541 1658 617 1714 qui
648 1658 752 1699 olim
778 1658 1132 1703 Christianorum
1165 1667 1334 1703 coetum
1362 1670 1569 1706 vexasset

97 1718 200 1761 Gal.
225 1717 344 1768 1‚13.
368 1718 391 1757 l
412 1715 653 1767 Cor.15,9.
676 1715 814 1757 nihilo
843 1716 986 1758 miuus
1014 1723 1157 1759 tamen
1191 1718 1233 1759 in
1254 1718 1342 1760 Dei
1372 1719 1569 1765 savorem

93 1774 265 1817 venerit
285 1772 464 1826 (Beny.,
495 1773 660 1825 Kopp.⁹
695 1771 851 1814 Rueck.
873 1774 978 1825 aL),
1010 1788 1150 1830 neque
1175 1774 1290 1830 quod
1311 1774 1457 1818 Deum
1489 1792 1570 1819 na-

94 1831 257 1872 tionem
280 1829 564 1870 israeliticam
586 1827 801 1884 abjecisse
821 1829 915 1886 ipse
933 1844 971 1872 c.
992 1831 1035 1873 9.
1056 1841 1098 1872 et
1114 1833 1180 1873 10.
1201 1830 1398 1874 docuerit
1416 1833 1567 1883 ‹Tho-

96 1888 230 1937 lucc.;
259 1886 316 1928 ct.
340 1886 519 1941 supra),
554 1884 630 1925 sed
652 1884 836 1937 idcirco,
875 1887 1079 1941 quoniam
1104 1887 1228 1930 Deus
1257 1903 1303 1930 se
1330 1891 1570 1944 apostolum

97 1942 399 1986 constituerit.
458 1940 631 1993 Clo›·ys.:
671 1939 754 1994 ἐγώ
779 1955 937 1996 φησιν,
981 1939 1004 1985 ὃ
1031 1941 1319 1994 διδάσκαλος,
1361 1944 1384 1987 ὁ
1416 1943 1570 2004 κήρυξ.

97 2000 289 2043 Sensus:
320 1998 358 2040 si
384 1996 506 2038 Deus
527 1997 688 2054 populo
708 1997 951 2040 israelitico
970 2001 1167 2042 nuntium
1192 2002 1462 2056 remisisset,
1481 2017 1570 2047 non

97 2058 176 2100 ille
201 2071 292 2108 me,
322 2054 595 2106 israelitam,
627 2053 796 2096 Christi
817 2057 1065 2112 apostolum
1086 2058 1266 2100 fecisset
1284 2074 1425 2116 neque
1445 2075 1569 2103 meae

97 2113 205 2156 fidei
245 2126 323 2155 sua
368 2125 525 2152 arcana
564 2111 859 2153 commisisset
890 2115 912 2154 1
941 2113 1045 2159 Cor.
1075 2115 1186 2167 4,1..
1253 2115 1369 2159 Mire
1396 2117 1493 2160 dW.
1524 2122 1572 2160 et

98 2170 306 2225 Meyer-us
326 2168 471 2210 verbis
491 2169 564 2208 καὶ
583 2165 666 2224 γὰρ
685 2166 769 2222 ἐγὼ
781 2166 880 2225 Ἰσρ.
905 2168 998 2224 εἰμι’
1021 2168 1107 2213 κτὲ.
1136 2186 1281 2215 vocem
1310 2172 1368 2230 μὴ
1398 2172 1571 2229 γένοιτο

99 2228 181 2271 hoc
202 2240 335 2269 sensu
362 2224 641 2267 corroborari
669 2225 875 2269 credunt:
911 2228 1140 2271 abominor
1169 2230 1276 2271 hanc
1307 2231 1573 2274 sententiam

100 2283 374 2342 reipublicae
415 2281 683 2323 israeliticae
721 2282 868 2325 studio
907 2299 1191 2342 meorumque
1230 2287 1389 2328 civium
1422 2301 1572 2331 amore

103 2350 265 2383 motus.
326 2338 426 2381 Non
448 2343 705 2391 senserunt,
738 2338 936 2398 jejunam
966 2343 1228 2384 sententiam
1257 2343 1338 2384 hoc
1363 2349 1491 2401 pacto
1523 2345 1571 2388 iu

100 2397 217 2440 hunc
235 2398 268 2441 l.
291 2396 471 2439 inferri:
509 2394 604 2436 dico
622 2395 733 2438 absit
754 2396 854 2447 hoc,
884 2400 1088 2454 quoniam
1117 2414 1198 2451 ego
1229 2415 1402 2456 quoque
1420 2399 1573 2444 lsrae-

98 2455 185 2497 lita
216 2469 336 2506 sum,
383 2467 509 2508 quem
539 2453 799 2494 sententiam
829 2453 1052 2497 Israelitis
1081 2457 1258 2498 minime
1285 2458 1571 2502 honorificam

103 2510 292 2569 probare
321 2509 519 2552 dedecet.
577 2508 697 2564 Quin
725 2511 875 2564 gravis
903 2511 1092 2569 objectio
1123 2513 1280 2555 idoneo
1311 2521 1571 2569 argumento

104 2567 347 2610 refellenda
367 2573 488 2618 erat,
519 2569 567 2606 ut
585 2567 697 2607 alias
722 2581 745 2607 a
770 2565 823 2609 P.
851 2568 1013 2610 factum
1036 2575 1105 2612 est
1130 2571 1246 2624 (6,1.
1280 2570 1348 2614 15.
1375 2573 1471 2625 7,7.
1500 2572 1571 2618 13.

106 2625 205 2677 aL).
265 2623 501 2665 Praeterea
524 2624 635 2664 male
658 2622 863 2677 Meyerus
883 2627 1009 2681 quasi
1028 2628 1293 2669 concedatur
1322 2633 1398 2670 aut
1427 2629 1573 2685 possit

107 2680 285 2722 concedi
306 2694 434 2722 versu
465 2680 633 2720 demum
652 2681 694 2723 2.
725 2695 762 2723 ν.
794 2695 832 2723 v,
858 2683 896 2723 1.
926 2682 986 2737 μὴ
1013 2682 1183 2736 γένοιτο
1210 2694 1468 2738 argumento
1494 2686 1571 2726 tir-

108 2737 220 2780 mari
249 2737 423 2780 sumsit.
484 2736 651 2791 Quidni
682 2737 795 2778 enim
819 2739 909 2794 Ap.
928 2740 990 2793 μὴ
1012 2738 1182 2794 γένοιτο
1206 2755 1334 2783 versu
1362 2744 1399 2785 1.
1430 2743 1573 2783 muni-

105 2794 247 2845 verit,
277 2793 435 2834 deinde
456 2793 717 2834 sententiam
748 2796 1052 2837 communitam
1084 2811 1147 2839 VS.
1168 2799 1210 2840 2.
1238 2799 1296 2839 ita
1328 2799 1576 2855 repetierit,

108 2856 157 2894 ut
178 2864 323 2892 not-um
345 2857 649 2900 argumentum
673 2849 855 2894 adderet
874 2848 973 2906 (οὐκ
992 2852 1073 2895 α’π.
1092 2852 1115 2894 ὁ
1133 2857 1181 2895 θ.
1202 2854 1275 2897 τὸν
1294 2854 1400 2898 λαὸν
1421 2853 1573 2905 αὑτοῦ,

155 2917 346 2952 1·Τιἰ;.ςο1ιε
370 2915 436 2963 Ep.
465 2916 506 2953 ad
535 2917 639 2954 Rom.
676 2917 716 2955 P.
743 2918 783 2954 ll.
1103 2910 1139 2952 Ε
1159 2924 1182 2952 u
