1715 3115
440 159 599 207 cAP.
629 158 794 206 v111.
827 159 921 207 vs.
950 161 995 208 3.
1022 164 1076 204 et
1104 161 1166 207 4..
1385 146 1396 155 '
1493 162 1577 205 105

172 268 322 321 titum,
362 268 440 310 sed
469 268 557 312 div.
585 267 773 326 spiritus
802 266 976 309 ductum
1010 270 1314 324 sequerentur.
1382 266 1578 324 Scripsit

115 283 170 369 l?-
190 325 300 366 κατὰ
323 323 466 379 σάρκα
485 332 526 367 et
546 324 655 367 κατὰ
678 326 858 376 Πνεῦμα
879 340 960 366 non
988 325 1158 383 adjecto
1179 324 1388 367 Articnlo
1409 325 1578 378 gleisdm

115 382 283 436 beiligem
307 382 429 434 &risse
459 383 681 433 natblcbcn,
719 388 767 422 ut
794 382 836 422 in
869 383 1085 424 sententia
1115 381 1319 424 universe
1347 381 1576 423 enuntiata

113 443 177 494 (v.
199 440 240 480 5.
261 439 303 480 8.
325 440 367 480 9.
391 440 457 483 12.
479 440 581 481 Gal.
605 440 646 488 3,
658 441 700 482 3.
723 440 764 489 5,
781 440 848 481 16.
879 439 951 481 25.
972 439 1070 489 aL).
1128 436 1255 479 Κατὰ
1284 435 1343 491 τὴ
1360 455 1380 478 ν
1413 435 1573 493 σάρκα,

113 492 173 537 τὸ
200 495 384 543 Πνεῦμα
402 499 664 550 περιπατεῖν
687 497 799 536 soret
819 501 840 535 r
856 508 920 538 em
939 496 1122 548 ἳῖῑείῖὼε,
1149 499 1246 538 bem
1269 497 1301 547 Ι).
1325 495 1450 543 &siste
1469 496 1577 547 noch:

114 554 230 595 leben.
293 551 379 592 Sed
404 552 518 607 quod
548 551 654 596 n'in.
677 566 744 606 gr.
768 552 864 594 109.
885 551 953 593 ed.
979 553 1046 604 3.‚
1080 550 1176 594 115.
1205 549 1274 592 ed.
1295 551 1338 594 4.
1369 550 1419 591 τι)
1451 549 1577 607 ἅγιον

113 608 298 658 Πνεῦμα
318 609 516 660 spiritum
539 610 621 650 cliv.
652 609 811 663 ipsum,
851 608 1023 659 πνεῦμα
1056 606 1180 662 ἅγιον
1205 609 1313 650 Act.
1343 609 1469 650 8.15.
1503 609 1575 651 17.

114 664 141 705 1
164 663 267 707 Cor.
291 665 411 714 12,3.
433 671 475 706 et
501 667 672 718 πνεῦμα
691 665 804 706 θεοῦ
825 664 953 706 Rom.
974 664 1016 716 8,
1026 665 1068 707 9.
1088 665 1173 707 cliv.
1194 665 1373 718 spiritns
1388 670 1577 718 partem,

143 735 241 762 uam
262 722 498 776 acceperis,
527 720 679 772 'Isntbess
697 735 760 764 am
780 724 813 772 l).
836 721 983 774 (Sicilie)
1013 722 1157 762 valere
1176 720 1399 762 contendit
1425 728 1468 763 et
1499 721 1577 776 qui

112 735 333 818 ‘isium-um
354 783 566 833 sequutus
585 783 655 819 est
671 779 920 820 Harlessius
950 776 1003 818 ad
1026 777 1140 834 Eph.
1161 778 1202 829 2,
1216 778 1284 818 22.
1315 777 1364 820 τὸ
1390 779 1576 829 Πνεῦμα

112 838 315 875 naturam
335 835 419 877 dic.
441 836 640 889 ipsam,
670 836 855 887 Πνεῦμα
875 834 958 877 div.
981 835 1180 890 spiritum
1205 848 1326 889 «locem
1354 835 1576 887 possideas

112 898 190 931 aut
207 890 374 932 divinae
392 906 526 932 aurae
542 890 830 945 particulam,
869 904 995 947 quum
1022 891 1137 932 intus
1161 890 1319 932 habeas
1348 891 1575 933 declarare

110 947 405 999 asseveravit,
437 948 610 989 minime
632 947 868 990 assentior.
927 946 1041 989 Nam
1072 961 1203 1003 quum
1235 945 1293 990 τὸ
1314 948 1497 998 Πνεῦμα
1527 948 1575 989 in

109 1002 328 1045 hominum
350 1017 450 1046 vere
472 1004 627 1047 christ.
649 1005 806 1046 animis
828 1002 974 1046 sedem
996 1018 1116 1045 suam
1149 1017 1310 1060 ponere
1339 1006 1387 1059 (1
1410 1004 1513 1048 Cor.
1533 1006 1579 1058 3,

113 1061 184 1102 16.
205 1060 306 1102 Gal.
327 1061 423 1112 4,6.
446 1061 554 1104 Act.
576 1061 731 1113 10‚44.
758 1062 832 1105 47.
865 1061 1016 1111 amet
1044 1060 1207 1102 diversi
1236 1063 1411 1115 generis
1440 1075 1578 1103 orna-

111 1121 254 1158 menta
277 1116 318 1157 in
340 1131 416 1158 eos
433 1119 634 1159 conferre
665 1118 810 1159 soleat
839 1119 886 1171 (l
909 1117 1011 1161 Cor.
1033 1119 1230 1171 12,11.)‚
1267 1118 1414 1159 Lucae
1443 1119 1577 1160 verba

111 1176 220 1216 Act.
263 1172 306 1224 8,
328 1174 398 1215 17.
430 1175 505 1215 καὶ
538 1173 785 1227 ἕλαμβάνον
822 1176 1006 1226 Πνεῦμα
1047 1170 1171 1228 ἅγιον
1213 1175 1243 1216 i.
1282 1189 1326 1230 q.
1367 1191 1405 1216 κ.
1447 1173 1481 1217 ἕ.
1513 1173 1574 1216 τὸ

111 1229 340 1282 Πνεῦμα
365 1229 422 1272 τὸ
454 1227 612 1284 ἅγιον
638 1231 713 1285 (cf.
737 1232 843 1273 Act.
869 1231 1040 1283 10,47.)
1070 1229 1215 1271 dicere
1244 1244 1384 1286 neque
1414 1231 1577 1286 paulli-

113 1299 193 1327 nas
219 1286 432 1327 formulas
453 1283 683 1337 Πιέύματι
714 1288 850 1340 (θεοῦ
870 1286 997 1330 Rom.
1019 1287 1164 1339 8,1·2.)
1195 1282 1385 1339 ἄγεσθαι
1408 1288 1511 1330 Gal.
1532 1289 1577 1338 5,

113 1343 183 1386 18.
198 1374 210 1393 ,
241 1341 284 1384 ἐν
306 1342 535 1394 Πνεύματι
554 1344 666 1400 Eph.
687 1344 727 1396 2,
738 1345 808 1386 22.
830 1348 874 1385 et
895 1343 1062 1385 similes
1092 1342 1373 1399 loquutiones
1403 1344 1489 1386 nisi
1518 1345 1577 1386 ad

111 1400 249 1454 ipsum
278 1400 482 1456 spiritum
512 1415 549 1442 s.
580 1401 834 1441 referendas
865 1414 964 1441 esse
990 1408 1190 1457 apparet.
1261 1400 1391 1442 Haud
1421 1401 1578 1458 paucis

112 1456 250 1511 igitur
269 1457 301 1500 l.
324 1458 527 1507 Πνεῦμα,
559 1458 640 1498 Πν.
665 1454 813 1511 ἅγιον,
855 1461 900 1497 et
930 1457 1012 1498 Πν.
1038 1460 1108 1505 a„
1149 1458 1352 1512 quoniam
1383 1459 1577 1501 nominis

111 1513 281 1571 proprii
302 1513 384 1555 vim
407 1513 609 1570 adeptum
632 1521 700 1555 est
717 1514 794 1568 (cs.
819 1509 1047 1566 Διάβολος
1065 1513 1249 1566 Act.13‚
1264 1515 1353 1566 10.)
1373 1515 1578 1557 sineAr-

111 1571 246 1612 ticulo
274 1569 328 1613 de
355 1570 442 1614 div.
474 1571 636 1627 spiritu
667 1575 922 1626 usurpatur.
980 1569 1157 1614 Redde:
1185 1585 1310 1622 nam,
1338 1571 1381 1612 in
1414 1573 1499 1628 qua
1528 1586 1578 1614 re

110 1627 226 1681 legis
244 1642 352 1670 mos.
374 1628 608 1669 infirmitas
628 1628 772 1684 posita
802 1632 922 1680 erat,
961 1627 1062 1683 quia
1090 1629 1347 1683 (quatenus)
1379 1629 1579 1670 imbecil-

110 1684 170 1725 lis
191 1688 285 1725 erat
301 1684 501 1741 corporis
527 1685 749 1739 (humani)
780 1684 910 1737 vitio,
948 1685 1168 1726 damnavit
1193 1685 1308 1726 Deus
1331 1685 1577 1738 Peccatum,

111 1754 244 1796 quum
276 1741 412 1782 silium
442 1756 567 1782 suum
599 1742 793 1783 misisset
822 1741 1023 1797 corporis
1056 1739 1262 1782 Peccatui
1295 1743 1578 1798 oppignerati

111 1797 400 1839 similitudine
419 1797 732 1840 circumdatum
763 1812 946 1853 eumque
967 1797 1179 1839 Peccatus
1207 1802 1337 1841 causa
1366 1800 1579 1853 legasset,

111 1854 348 1908 incorpore
377 1854 629 1906 (humano),
672 1861 720 1896 ut
748 1855 1018 1896 absolutoria
1049 1855 1180 1910 (quae
1209 1855 1340 1896 vitam
1375 1859 1579 1911 pararet)

112 1910 227 1962 legis
248 1925 354 1953 mos.
377 1912 592 1952 sententia
615 1918 812 1953 eventum
841 1911 1022 1952 haberet
1052 1911 1093 1952 in
1124 1911 1273 1964 nobis,
1311 1914 1386 1968 qui
1413 1927 1495 1954 non
1526 1919 1578 1954 ut

112 1968 313 2023 corporis
335 1966 494 2013 libido,
527 1967 602 2007 sed
633 1967 720 2010 div.
752 1968 938 2024 spiritus
970 1967 1203 2023 disciplina
1234 1970 1482 2023 postularet
1511 1970 1577 2011 vi·-

113 2028 199 2064 tam
226 2022 720 2070 institueremus(Pauli
740 2031 782 2064 et
803 2024 930 2065 verba
955 2030 999 2064 et
1020 2028 1204 2064 mentem
1226 2025 1333 2066 bene
1355 2027 1577 2082 exprimas

115 2080 297 2122 barbare
332 2081 663 2123 transferendo:
692 2106 746 2111 —
787 2080 828 2121 in
865 2080 1016 2131 nobis,
1060 2080 1135 2135 qui
1165 2094 1247 2122 non
1281 2084 1585 2136 corporaliter,

113 2138 190 2179 sed
210 2138 497 2192 spiritualiter
511 2138 790 2190 viveremus).
834 2135 962 2178 Nunc
982 2138 1130 2193 paullo
1146 2138 1457 2179 accuratiorem
1479 2154 1578 2181 sen-

112 2194 347 2236 tentiarum
375 2195 699 2235 enarrationem
729 2208 960 2249 apponam.
1036 2192 1304 2248 Explicanda
1335 2202 1403 2236 est
1435 2195 1576 2238 Paulo

113 2265 179 2294 vs,
199 2251 242 2292 3.
265 2256 308 2291 et
326 2252 369 2293 4.
390 2252 604 2292 sententia
630 2265 668 2292 v.
692 2251 735 2293 2.
755 2250 1001 2302 enuntiata,
1034 2250 1281 2293 hominibus
1302 2251 1455 2295 christ.
1479 2253 1578 2294 nul-

113 2307 199 2348 lam
222 2307 542 2349 damnationem
568 2307 621 2348 ad
644 2313 824 2348 mortem
848 2307 1009 2348 ideirco
1032 2306 1280 2362 impendere
1302 2312 1362 2358 (ν.
1384 2310 1446 2361 l.)
1475 2310 1578 2365 quita

111 2364 182 2404 lex
203 2365 380 2416 spiritus
405 2365 546 2406 riialis
564 2379 638 2405 eos
661 2365 702 2404 in
727 2364 894 2406 Christi
913 2364 1090 2405 civitate
1113 2379 1135 2403 a
1167 2364 1263 2417 lege
1289 2363 1498 2407 Pecs-atus
1528 2372 1577 2408 et

113 2419 274 2461 Mortis
305 2421 559 2462 liberaverit
587 2425 648 2472 (v.
676 2423 757 2474 2.).
826 2420 912 2461 Hic
942 2421 1073 2475 leyem
1106 2435 1209 2464 mos,
1240 2420 1295 2461 ab
1326 2421 1577 2464 hominibus

112 2478 253 2530 legem
273 2476 480 2519 Peccatus
499 2484 543 2518 et
564 2477 723 2519 Mortis
745 2477 967 2532 depellere
988 2477 1259 2532 nequivisse,
1280 2492 1331 2519 ne
1345 2478 1468 2520 Deus
1483 2511 1495 2530 ‚
1526 2485 1578 2521 ut

54 2569 57 2572 ,
115 2532 328 2575 Pet-catus
351 2542 393 2575 et
414 2533 574 2576 Mortis
594 2535 676 2574 vim
701 2541 941 2585 everteret,
971 2533 1148 2575 Christo
1169 2534 1327 2586 misso,
1358 2536 1432 2590 qui
1464 2537 1578 2576 vita-

113 2590 173 2632 lis
195 2591 380 2647 spiritus
403 2591 540 2643 legem
565 2592 740 2644 figeret,
781 2591 874 2631 sine
892 2590 1011 2647 justa
1036 2590 1166 2631 rausa
1187 2605 1320 2632 novas
1348 2606 1420 2632 res
1449 2592 1576 2633 moli-

115 2653 188 2688 tus
211 2662 306 2689 esse
338 2647 582 2698 videretur,
623 2646 849 2689 dicendum
881 2651 989 2689 erat.
1050 2646 1177 2702 Quod
1210 2648 1269 2689 ita
1296 2646 1346 2692 P.
1375 2649 1576 2690 enuntia·-

116 2704 201 2754 vit,
233 2711 278 2744 ut
309 2719 481 2746 creusam
516 2703 718 2755 adderet,
748 2719 824 2745 cur
847 2704 984 2745 Mosis
1012 2704 1080 2745 lex
1108 2701 1320 2746 Peccatus
1348 2711 1391 2746 et
1412 2705 1576 2746 Mortis

115 2761 254 2811 legem
273 2760 486 2811 abrogare
505 2775 586 2802 non
608 2761 841 2817 potuisset.
899 2761 1077 2802 Scilicet
1100 2767 1146 2801 ut
1166 2759 1374 2802 Peccatus
1394 2768 1434 2802 et
1454 2762 1574 2802 Mon·-

115 2818 174 2860 tis
197 2818 261 2860 vis
279 2817 661 2874 exstingueretur,
691 2817 928 2872 Pace-atus,
960 2817 1118 2861 Mortis
1146 2832 1305 2877 pareus
1322 2819 1470 2874 5‚12.‚
1495 2819 1574 2862 ah-
