1715 3115
629 163 785 212 cAP.
815 162 915 211 XI.
958 164 1051 211 Vs.
1087 165 1165 212 11.
1551 164 1636 207 461

276 271 338 316 V.
359 272 428 315 ll.
477 269 588 326 λέγω
611 266 707 322 οὖν,
733 269 792 327 μὴ
813 270 913 314 sm.
932 269 1004 312 ἵνα
1021 268 1239 325 πέσωσις]
1259 271 1352 314 dico
1374 271 1639 327 (interrogo,

165 327 347 387 objicio)
366 329 541 384 iyitur
565 328 616 382 (i.
638 343 676 370 e.
709 343 840 384 quum
877 327 1108 369 israelitas
1138 329 1181 369 in
1208 327 1380 370 delectu
1414 329 1638 382 neglectos

163 386 308 428 Deum
329 385 576 427 obstinatos
600 384 849 426 reddidisse
869 385 1124 442 scripserim
1153 399 1193 427 v.
1219 386 1306 441 7.):
1335 399 1436 426 num
1469 384 1638 436 (lsrae-

162 443 296 494 litae,
326 457 508 499 quorum
533 442 702 483 animos
726 442 852 482 Deus
876 441 1099 483 induravit
1116 455 1155 485 v.
1174 442 1217 484 7.
1238 445 1328 498 sq.)
1359 442 1640 499 offenderunt,

163 505 209 541 ut
229 494 509 541 corruerent?
542 498 714 540 Rursus
740 496 789 540 Ρ.
811 498 1100 554 objectionem
1117 530 1129 550 ,
1163 512 1272 554 quae
1291 500 1420 540 lectis
1441 513 1505 542 vs.
1525 499 1639 539 7.—

135 593 139 596 .
164 557 235 600 10.
256 556 417 598 nemini
443 569 525 596 non
549 555 798 606 oboriatur,
830 555 925 611 ipse
944 555 1073 606 facit,
1104 559 1151 596 ut
1169 569 1263 596 eam
1286 556 1438 608 tollat,
1462 569 1546 596 non
1560 552 1641 597 Ju-

162 612 319 654 daeum
344 618 674 668 responsantem
695 611 876 663 inducit,
907 618 954 653 ut
976 626 1073 653 eum
1095 611 1271 654 refellat
1292 612 1465 666 (Bezcu
1491 626 1533 656 v,
1547 615 1640 654 not.

163 669 218 712 ad
241 684 280 712 v.
305 671 388 725 1.).
445 667 633 709 Πταίειν
660 669 839 724 proprie
867 668 1086 719 siguificat
1113 668 1345 725 offendere,
1388 674 1436 711 ut
1464 670 1506 711 in
1535 682 1639 726 pro-

161 726 313 767 verbio
332 728 391 780 μὴ
415 721 632 774 πολλάκις
650 723 765 779 πρός
782 723 859 766 τὸν
878 725 1012 767 αὐτὸν
1033 723 1165 766 λίθον
1185 723 1362 767 πταίειν
1379 726 1458 781 (cf.
1479 724 1639 782 Polyb.

161 783 234 835 31,
251 784 372 833 19,5.
391 782 550 833 20‚1.).
610 779 767 822 Potest
786 788 929 824 autem
961 782 1144 824 oll'ensio
1172 787 1217 824 et
1239 788 1463 837 peccatum
1490 790 1533 826 et
1562 786 1636 827 in-

161 839 399 896 fortunium
421 837 663 880 incedentis
685 837 843 881 videri.
903 838 1121 894 Quocirca
1144 838 1322 880 πταίειν
1343 841 1639 898 metaphorice

163 902 255 938 tum
276 909 425 938 errare
444 893 596 947 (Plato
608 894 843 938 Theaetet.
864 910 901 940 c.
920 897 1015 950 46.)
1033 910 1213 949 peccare
1225 894 1340 950 (Jae.
1360 896 1485 949 2,10.
1505 899 1640 953 3,2.),

164 958 257 994 tum
275 952 401 995 rebus
421 952 611 994 adversis
635 949 896 1006 conflictari,
925 953 1128 995 miserum
1142 952 1240 1006 fieri
1257 952 1395 1009 (Xen.
1416 953 1522 1011 Cyr.
1541 956 1585 1009 3,
1602 958 1641 1008 1,

163 1008 237 1053 26.
258 1008 450 1064 DiouyS.
471 1007 576 1051 Hal.
598 1009 661 1050 A.
680 1008 736 1051 R.
754 1008 878 1062 8,26.
898 1009 926 1050 2
948 1008 1071 1052 Petr.
1093 1010 1237 1065 1,10.)
1262 1009 1458 1055 denotat.
1518 1012 1578 1058 H.
1606 1015 1640 1059 l.

163 1080 341 1120 peccare
362 1066 494 1109 valet.
551 1064 733 1107 Dicitur
761 1066 874 1107 euim
904 1064 1212 1112 Israelitarum
1244 1066 1287 1108 in
1315 1068 1483 1111 delectu
1511 1084 1641 1127 prae-

161 1123 394 1164 teritorum
418 1129 640 1180 peccatum
663 1136 810 1164 eorum
833 1121 1022 1165 ἀπιστία
1053 1137 1095 1167 V.
1116 1123 1188 1168 20.
1216 1123 1289 1168 23.
1318 1125 1389 1166 vel
1420 1123 1640 1169 ἀπείθεια

162 1192 206 1222 v.
227 1180 298 1222 30.
321 1178 410 1222 32..
470 1179 584 1221 Male
611 1178 760 1236 ”⁷⁰wa
792 1179 990 1231 Boehm„
1020 1179 1207 1233 Rueck„
1234 1181 1409 1235 Rescle„
1449 1183 1546 1225 dn'.
1575 1186 1638 1229 al.

164 1234 353 1278 Paulum
375 1250 476 1276 voce
501 1232 747 1278 σκάνδαλον
773 1250 815 1280 v.
836 1238 880 1279 9.
907 1245 952 1279 et
982 1237 1040 1278 iis
1069 1242 1232 1279 motum
1263 1252 1374 1294 quae
1407 1240 1529 1290 9,32.
1559 1243 1638 1296 (cl'.

163 1295 187 1334 1
213 1291 316 1335 Cor.
340 1293 480 1346 133.)
497 1292 757 1349 scripsisset
778 1307 819 1336 v.
840 1291 988 1334 πταίω
1011 1294 1054 1336 h.
1073 1294 1106 1337 l.
1127 1295 1332 1351 posuisse
1361 1296 1639 1340 affirmarunt

164 1349 453 1404 nonnullique
493 1363 643 1391 eorum
678 1347 863 1406 (Wolff,
909 1349 1085 1404 Reich.)
1122 1349 1237 1406 πρὸς
1274 1352 1349 1392 τὸν
1390 1352 1522 1395 λίθον
1557 1356 1639 1397 τοῦ

164 1402 510 1460 προς-κόμματος
548 1410 649 1461 post
687 1403 907 1447 ἔπταισαν
945 1406 1144 1461 precario
1185 1413 1326 1449 mente
1357 1408 1638 1455 addiderunt.

164 1460 323 1518 Neque
344 1462 458 1504 euim
482 1461 724 1504 σκάνδαλον
749 1476 789 1505 v.
807 1464 850 1505 9.
880 1477 971 1505 rem
1000 1477 1108 1519 quae
1133 1464 1353 1520 offensioni
1377 1466 1435 1509 sit
1464 1467 1639 1522 signifi-

161 1524 248 1561 cat.
308 1516 547 1560 Praeterea
579 1518 653 1559 ubi
685 1516 864 1560 πταίειν
888 1519 1183 1576 metaphorice
1212 1535 1390 1574 peccare
1421 1522 1639 1579 designat,

162 1576 303 1632 lapis,
334 1575 377 1618 in
399 1590 525 1632 quem
545 1575 699 1633 pedem
726 1574 947 1628 offendas,
979 1590 1063 1617 non
1096 1578 1236 1630 magis
1264 1593 1286 1618 a
1308 1579 1493 1622 Graecis
1518 1584 1638 1637 cogi-

163 1639 314 1684 tatur,
363 1646 491 1689 quam
532 1647 557 1674 a
588 1630 800 1674 Romanis
838 1633 1087 1689 ubicunque
1115 1634 1327 1690 offendere
1355 1650 1434 1693 pro
1459 1652 1639 1692 peccare

164 1696 394 1746 usurpant.
466 1690 563 1731 lmo
598 1703 728 1730 unam
761 1689 969 1741 peccandi
996 1691 1215 1732 notionem
1244 1692 1423 1749 utrique
1449 1700 1540 1737 tum
1572 1701 1638 1737 te-

164 1751 286 1787 nent.
345 1744 538 1786 Πίπτειν
557 1746 851 1800 metaphorice
873 1760 955 1787 non
979 1747 1120 1788 solum
1149 1761 1351 1802 peccare,
1394 1750 1472 1793 sed
1505 1754 1636 1795 etiam

164 1814 377 1852 corruere,
402 1802 546 1855 perire
569 1806 707 1845 notat.
766 1801 937 1858 Nempe
959 1808 1080 1844 stare
1099 1805 1319 1857 cogitatur
1338 1808 1413 1862 qui
1435 1815 1552 1852 recte
1574 1811 1639 1852 fn-

162 1858 247 1910 cit,
277 1857 488 1899 cecidisse
508 1858 787 1900 existimatur
812 1861 885 1914 qui
911 1860 1021 1900 male
1046 1860 1138 1913 agit
1159 1862 1221 1914 (v,
1239 1862 1311 1906 22.
1336 1865 1461 1916 l4‚4‚
1488 1868 1511 1908 1
1534 1866 1637 1911 Cor,

165 1915 237 1966 10,
252 1914 359 1968 12.).
418 1913 629 1956 corruunt
653 1918 798 1956 autem
822 1916 896 1971 qui
918 1921 1104 1972 pereunt
1125 1916 1265 1971 (Xen.
1286 1919 1438 1966 Anah,
1461 1923 1636 1976 l‚9,31,

164 1972 222 2013 cf.
256 1971 325 2025 '7253
359 1968 434 2012 Ps.
467 1971 615 2024 27,2.)
642 1977 687 2012 et
717 1985 828 2039 quae
859 1987 930 2013 res
959 1973 1241 2015 collabuntur
1280 1989 1358 2018 eae
1396 1978 1637 2024 intereunt.

164 2027 384 2070 Herodot.
414 2028 538 2078 8,10.
561 2051 615 2058 -
647 2023 669 2068 ὁ
696 2043 779 2082 7⁰0
800 2027 977 2082 Ξέρξεω
1006 2027 1194 2085 στρατός
1223 2028 1315 2074 ὑπὸ
1340 2033 1566 2090 μεγάθεός
1590 2053 1637 2079 τε

163 2086 238 2127 καὶ
259 2080 462 2138 πλήθεος
493 2082 625 2133 αὐτὸς
654 2080 727 2125 ὕπ’
750 2081 918 2127 ἑωυτοῦ
947 2083 1111 2128 ἔπιπτε
1130 2111 1185 2118 -
1221 2087 1314 2132 Cic.
1348 2090 1484 2136 Catil.
1512 2094 1638 2146 2,10‚

162 2141 236 2184 21.
255 2166 309 2173 —
331 2142 403 2196 qui
427 2139 622 2182 homines
674 2141 854 2193 rimum,
879 2142 917 2183 si
939 2146 1060 2184 stare
1080 2157 1163 2184 non
1186 2154 1394 2201 possunt,
1422 2157 1622 2192 corruant

163 2197 242 2240 sed
266 2198 350 2249 ita,
383 2202 532 2240 utnon
558 2155 685 2239 modi>
706 2199 885 2249 civitas,
916 2199 993 2241 sed
1013 2214 1066 2242 ne
1087 2201 1217 2243 vicini
1239 2203 1411 2259 quidem
1443 2185 1638 2262 proximi

162 2255 374 2298 sentiant.
433 2252 546 2295 Nam
568 2254 677 2295 illud
699 2269 781 2296 non
805 2255 1031 2311 intelligo,
1073 2259 1381 2313 quamobrem,
1422 2266 1461 2306 si
1491 2264 1635 2307 vivero

163 2312 346 2353 honeste
367 2324 449 2352 non
474 2317 682 2367 possunt,
712 2313 859 2370 perire
879 2313 1072 2370 turpiter
1090 2315 1249 2368 velint,
1276 2324 1447 2362 auteur
1465 2322 1636 2363 minore

162 2368 316 2410 dolore
339 2367 561 2425 perituros
579 2383 626 2410 se
645 2362 741 2410 cu'm
766 2370 944 2423 multis,
975 2385 1105 2427 quam
1123 2371 1162 2413 si
1191 2374 1278 2414 soli
1306 2384 1488 2431 pereant
1511 2378 1636 2425 *arbi-

160 2430 354 2469 trentur.
412 2423 501 2466 Hic
521 2423 704 2467 πίπτειν
729 2439 925 2469 corruere
952 2427 983 2471 i.
1015 2442 1054 2470 e.
1082 2429 1226 2481 perire
1258 2429 1469 2477 declarat.
1528 2434 1634 2478 Cer-

161 2482 282 2524 nitur
300 2482 415 2524 enim
435 2480 742 2523 Israelitarum
764 2483 807 2524 in
828 2482 999 2525 delectu
1022 2485 1316 2538 neglectorum
1337 2490 1479 2542 ruina,
1503 2506 1633 2547 quam

161 2537 306 2581 Deum
331 2538 580 2580 decrevisse
600 2540 694 2594 Ap.
714 2545 868 2593 negat,
901 2539 944 2581 in
967 2541 1111 2582 salute
1135 2544 1351 2588 messianzi
1375 2546 1433 2589 iis
1460 2548 1633 2591 ademta

161 2595 395 2650 (contende
415 2595 654 2636 membrum
678 2610 867 2652 sequens
887 2601 931 2637 et
953 2598 1114 2653 v.26.).
1151 2598 1286 2643 Falso
1307 2604 1433 2645 multi
1451 2604 1634 2647 πίπτειν

162 2658 425 2694 enarrarunt
444 2653 485 2693 in
505 2656 638 2693 totum
660 2653 875 2694 concidere
893 2658 935 2695 et
954 2654 1045 2695 sine
1063 2669 1136 2708 spe
1152 2660 1456 2712 reparationi&
1476 2661 1631 2704 int-usn

162 2721 337 2751 manere
356 2709 556 2764 (Peluy.‚
587 2708 819 2759 Erasmus,
851 2709 998 2764 Gran,
1029 2710 1184 2767 Benq„
1215 2714 1312 2758 Chr.
1337 2717 1630 2770 l<‘›·.Sclemid.‚

162 2764 298 2807 Plan.
314 2796 325 2815 ,
355 2765 556 2819 ficecla),
586 2763 769 2806 πίπτειν
787 2763 984 2806 τελείω
999 2781 1020 2815 ς
1045 2782 1076 2817 μ
1092 2768 1325 2822 ηδέποτε
1355 2770 1504 2827 ὄρθι’]
1519 2776 1630 2829 θῇ-

159 2835 251 2862 ναι
271 2821 573 2875 δυνάμενον
594 2820 881 2877 (ἩιυορΙιμΙ.).
943 2823 1140 2866 Plautius:
1172 2851 1225 2859 -—
1248 2825 1298 2870 τὸ
1320 2832 1520 2882 πταῖσμα
1545 2829 1629 2873 αὐ-
