1715 3115
157 197 240 240 102
353 264 359 272 .
434 192 815 239 EPISTOLA
850 195 949 240 AD
980 195 1339 240 ROMANOS

155 301 404 342 innocentis·
427 301 469 341 in
493 301 681 343 humano
703 314 886 358 corpore
909 307 1085 344 necatus
1103 301 1261 346 videri.
1300 304 1423 359 Apte
1441 300 1554 343 enim
1567 298 1621 345 P.

157 359 263 399 haec
292 358 563 399 enuntiaret:
609 357 753 400 Deum
785 358 961 400 Christo
991 360 1148 411 misso,
1194 357 1270 414 qui
1300 373 1460 415 corpus
1498 358 1620 398 nullo

157 419 333 470 peccato
364 415 699 455 contaminatum
731 414 910 457 haberet
936 420 977 456 et
998 421 1179 480 propter
1198 414 1426 457 Peccatum
1449 415 1620 469 legatus

158 477 302 521 esset,
340 484 419 524 per
445 484 656 511 summam
685 471 843 514 Christi
866 477 1143 514 sanctitatem
1176 470 1379 513 Peccatui
1410 470 1620 524 imagina-

158 527 268 568 riam
296 531 475 567 mortem
497 527 726 580 intulisse,
757 541 886 582 quum
914 525 1398 569 hominibusPeccatum
1422 541 1501 584 pro
1521 540 1622 567 con-

159 584 345 624 clamato
388 581 630 623 habendum
671 597 768 626 esse
811 597 889 641 per
925 584 1131 637 ambages
1170 584 1423 625 ostenderet
1459 596 1622 639 eosque

161 639 317 682 Christi
339 638 533 691 exemplo
561 654 583 679 a
619 636 943 696 τῆςἏμαρτιάς
964 645 1006 681 et
1025 642 1103 695 τῆς
1122 639 1287 693 σαρκός
1304 637 1538 696 tyrannide
1566 639 1622 679 li-

159 695 337 737 beratos
358 695 471 736 tales
494 694 727 748 redderet,
766 696 808 737 in
832 696 990 751 quibus
1014 696 1103 739 div.
1131 696 1334 752 spiritum
1365 695 1622 750 magistrum

161 751 360 807 sequutis
383 750 654 794 absolutoria
676 753 790 808 legis
810 766 918 796 mos.
941 752 1183 805 sententia,
1214 766 1325 808 quae
1342 752 1473 794 vitam
1491 765 1624 807 spon-

160 807 307 859 deret,
337 812 429 848 rata
453 808 592 851 tieret.
652 808 727 850 Sic
747 809 800 850 P.
820 823 938 850 suam
961 815 1145 850 mentem
1168 808 1314 850 verbis
1333 807 1379 851 ἐν
1396 803 1624 860 ὁμοιώμα-

159 879 203 905 τι
223 859 638 919 σαρκδςἉμαρτίας
667 866 761 922 ipse
783 864 1097 908 subindicaret.
1157 863 1244 907 Sed
1269 864 1449 919 physica
1469 862 1626 906 Christi

159 925 294 962 morie
314 919 452 961 Paulo
475 919 626 977 judice
648 920 850 964 Peccatui
874 921 915 962 in
938 936 1018 963 sno
1036 920 1152 977 quod
1170 925 1427 978 occupasset
1443 918 1625 962 domici-

156 975 220 1018 lio
251 976 552 1031 imaginariam
585 984 763 1020 mortem
803 978 991 1019 oblatam
1019 992 1118 1020 esse
1147 978 1283 1020 multo
1312 977 1450 1032 magis
1479 975 1625 1030 credo,

159 1038 204 1074 et
226 1033 327 1088 qnia
347 1033 536 1075 moriens
557 1035 813 1091 aptissimus
832 1040 915 1087 est,
945 1034 1019 1091 qui
1043 1035 1254 1077 moriendo
1266 1047 1381 1086 rem,
1411 1032 1536 1090 cujus
1551 1046 1625 1074 ex-

159 1088 338 1131 stinctio
373 1104 629 1146 quacunque
656 1091 710 1134 de
729 1091 860 1132 causa
881 1091 934 1132 ad
961 1105 1057 1134 eum
1081 1090 1325 1147 pertineat,
1358 1089 1622 1144 imayitaav·ill

160 1151 300 1187 morte
318 1147 504 1197 afliciat,
543 1153 587 1188 et
617 1149 820 1204 quoniam
850 1148 963 1189 alias
986 1161 1158 1204 quoque
1177 1145 1231 1190 P.
1251 1146 1420 1190 Christi
1440 1150 1623 1187 mortem

160 1202 204 1242 in
229 1202 337 1242 hanc
358 1208 526 1259 partem
547 1203 863 1261 interpretatus
889 1210 959 1246 est
989 1206 1051 1259 (6,
1068 1206 1111 1247 6.
1143 1203 1239 1247 Col.
1261 1203 1303 1255 2,
1324 1203 1422 1257 14),
1452 1207 1497 1243 et
1516 1215 1624 1258 quo-

162 1258 274 1299 niam
300 1265 388 1300 tum
414 1258 704 1303 damnationis
723 1260 777 1301 ad
798 1266 979 1301 mortem
1002 1264 1063 1314 (ν.
1080 1260 1112 1302 l.
1131 1260 1196 1315 3.)
1212 1265 1302 1301 tum
1325 1258 1623 1300 absolutoriae

161 1314 442 1371 ejusdemque
471 1316 622 1358 vitalis
649 1318 762 1372 legis
795 1331 902 1359 mos.
932 1316 1174 1357 sententiae
1204 1316 1368 1371 (v.4.)
1396 1314 1558 1356 mentio
1579 1314 1622 1355 in

162 1372 316 1426 quovis
335 1372 484 1413 mortis
503 1372 704 1416 aChristo
718 1374 931 1426 oppetitae
952 1372 1258 1426 cogitationem
1281 1372 1441 1414 excitat
1463 1376 1506 1412 et
1520 1370 1624 1427 quia

161 1428 200 1467 si
241 1428 466 1469 nobiscum
497 1428 655 1472 seceris
685 1429 936 1471 acutissima
967 1435 1011 1470 et
1042 1429 1086 1469 in
1116 1428 1201 1484 qua
1227 1442 1281 1470 ne
1306 1441 1417 1485 apex
1449 1428 1622 1484 quidem

163 1484 257 1524 sine
290 1498 456 1525 summo
482 1486 667 1528 consilio
699 1486 869 1541 positus
902 1485 963 1527 sit
982 1485 1200 1527 sententia
1229 1484 1373 1527 oritur
1393 1486 1452 1538 (v.
1472 1484 1624 1536 infra).

160 1539 321 1591 Magno
341 1554 554 1582 consensu
576 1543 843 1584 recentiores
864 1541 1129 1598 interpretes
1147 1541 1197 1595 ἱῗὲ)
1225 1539 1275 1582 τὸ
1298 1538 1521 1592 δικαίωμα
1540 1540 1625 1582 col-

163 1596 308 1637 lecta-e
329 1603 515 1637 sumtum
548 1598 609 1651 (2,
630 1600 720 1653 15.)
752 1597 805 1638 de
834 1599 949 1651 legis
970 1611 1080 1640 mos.
1108 1597 1360 1651 postulatis,
1382 1596 1625 1650 praeceptis

161 1653 222 1705 (1,
242 1652 335 1704 32.)
366 1659 598 1708 ceperunt,
637 1654 814 1696 verbum
837 1659 979 1695 autem
1003 1653 1204 1708 πληροῦν
1228 1666 1320 1693 eam
1342 1653 1427 1693 vim
1448 1651 1624 1704 habere,

162 1709 247 1763 qua
273 1708 316 1749 in
336 1709 522 1750 formula
543 1707 677 1761 νόμον
694 1710 895 1764 πληροῦν
916 1710 986 1762 13,
1005 1709 1049 1752 8.
1069 1709 1234 1765 pollet,
1269 1713 1481 1765 putarunt
1500 1708 1543 1751 h.
1557 1722 1622 1751 s-:

161 1788 219 1794 —
248 1765 466 1821 supplicio
509 1765 678 1809 addixit
706 1766 935 1808 Peccatum
961 1791 1012 1798 —
1043 1765 1122 1806 hoc
1147 1765 1255 1817 fine,
1300 1770 1348 1806 ut
1382 1763 1485 1819 leyz‘s
1519 1777 1624 1806 mos-

160 1821 402 1873 praeceptis
430 1821 782 1878 satisfaceremus
810 1823 1009 1875 (Heium,
1047 1821 1145 1865 clar.
1174 1822 1217 1865 J.
1238 1820 1449 1871 Schmid„
1486 1818 1624 1872 Mor„

161 1875 388 1927 Rosewm,
417 1878 607 1929 Boelem„
638 1880 782 1934 Jasp..
814 1877 989 1930 Rueck„
1025 1877 1186 1929 We'nz.‚
1218 1876 1389 1928 Reich„
1416 1875 1624 1929 dW.a1.).

163 1932 251 1975 Sed
273 1947 411 1988 neque
432 1934 560 1975 verba
586 1936 695 1976 hanc
722 1935 1044 1976 enarrationem
1076 1932 1318 1990 recipiunt,
1358 1946 1497 1988 neque
1524 1946 1627 1972 con-

163 1994 281 2030 texta
305 1989 445 2031 oratio
467 2005 559 2032 eam
576 1991 787 2035 admittit.
843 1989 994 2034 Primo
1015 1990 1127 2032 enim
1147 1989 1363 2032 sermonis
1381 1986 1627 2046 perspicui-

210 2111 245 2153 *)
275 2110 455 2153 Chrysas-t.
484 2109 580 2144 hunc
605 2109 629 2143 l.
656 2111 707 2146 sic
724 2110 903 2155 explanat:
931 2127 981 2137 --
1012 2108 1265 2155 punivitDeus
1285 2107 1477 2141 Peccatum
1493 2105 1626 2139 Christi

256 2167 386 2199 corpus
408 2156 568 2189 necando
588 2156 622 2189 in
644 2168 797 2201 corpore
812 2181 821 2197 ,
847 2162 887 2188 ut
907 2153 945 2189 εἲι
964 2168 1004 2189 re
1023 2156 1108 2200 legis
1128 2167 1217 2187 mos.
1237 2158 1437 2199 praecepte,
1463 2163 1533 2196 quo
1547 2165 1626 2184 mo-

253 2213 336 2234 rum
359 2201 539 2245 integritas
564 2201 768 2236 hominibus
794 2201 1014 2246 injungitur,
1046 2202 1083 2234 in
1112 2199 1215 2233 nohis
1240 2207 1297 2239 (an
1319 2201 1402 2233 unS)
1431 2197 1627 2238 satisfieret,

257 2246 316 2291 qul
347 2246 492 2284 (Clu-isti
514 2246 715 2291 exemplum
734 2247 859 2280 imitati
880 2246 1060 2290 decusque
1081 2245 1124 2278 ab
1144 2256 1186 2276 eo
1209 2249 1346 2288 partum
1365 2242 1461 2285 tuiti)
1490 2254 1563 2275 non
1582 2244 1624 2275 ad

256 2290 419 2336 corporis
447 2291 631 2326 libidinem
647 2318 658 2336 ‚
684 2293 744 2326 sed
765 2292 806 2325 ad
833 2292 903 2326 div.
925 2292 1068 2335 spiritus
1089 2290 1236 2323 ductum
1256 2301 1373 2321 mores
1393 2287 1627 2332 dirigeremus

257 2340 307 2377 (v.
327 2350 431 2381 supra
452 2343 484 2370 et
504 2337 623 2380 infra).
674 2337 806 2372 Utrum
829 2338 956 2378 Chrys.
977 2335 1153 2370 vocabulo
1170 2333 1211 2368 τό
1238 2334 1423 2378 δικαίωμα
1439 2333 1630 2376 praecepti

257 2384 510 2418 intcsrt'latem
534 2384 762 2424 postulantis
790 2382 1024 2426 significatum
1060 2379 1236 2413 affinxerit
1266 2389 1318 2420 (v.
1347 2377 1551 2422 Theophyl:
1571 2376 1628 2427 J&

255 2428 436 2472 δικαιίυμα
452 2428 518 2462 τοῦ
541 2427 676 2474 νόμου,
699 2428 863 2462 τουτέστι
879 2425 918 2461 -ιό
936 2426 1057 2468 τέλος,
1083 2422 1102 2459 ὁ
1121 2422 1258 2463 σκοπός
1278 2423 1436 2466 (σκοπόν
1452 2423 1522 2469 γάρ
1551 2428 1626 2467 εἶχε

256 2472 304 2506 τό
329 2474 546 2508 δικαιοῦν
578 2473 654 2508 τόν
678 2474 961 2518 ἄνθρωπον)
988 2493 1035 2498 —-
1059 2474 1103 2505 cl.
1133 2471 1404 2514 Theodoreto),
1442 2482 1485 2502 an
1504 2467 1546 2502 ‘to'
1570 2470 1627 2502 δι-

258 2524 403 2562 καίωμα
430 2531 459 2552 τ.
487 2533 519 2553 ν.
542 2520 587 2552 ita
607 2519 691 2564 legis
710 2532 799 2553 nuos.
816 2523 1074 2561 praeceptum,
1100 2519 1333 2558 postulatum
1353 2518 1402 2557 (1,
1424 2514 1499 2557 32.)
1519 2527 1629 2547 enar-

259 2571 410 2602 raverwt,
445 2571 478 2595 ut
502 2565 533 2596 id
559 2565 602 2598 ad
623 2567 714 2599 vitae
734 2564 975 2609 integritatem
995 2575 1012 2595 a
1032 2563 1107 2606 lege
1127 2575 1216 2596 mos.
1238 2560 1449 2605 postulatam
1469 2559 1630 2599 referret,

258 2623 300 2642 an
321 2609 360 2643 τό
380 2609 560 2653 δικαίωμα
583 2623 615 2644 τ.
635 2623 666 2645 ν.
689 2616 786 2643 recle
803 2612 953 2654 factum
984 2608 1031 2649 (5,
1054 2609 1123 2650 18.)
1151 2610 1246 2651 quud
1265 2610 1330 2639 Iex*
1349 2617 1443 2639 mos.
1468 2606 1628 2637 leomini-

259 2656 324 2687 bus
343 2657 501 2693 impar-nt
530 2656 733 2699 explicuerit
761 2656 868 2700 idque
896 2653 1084 2687 collective
1104 2653 1256 2697 ceperit,
1281 2657 1377 2686 certo
1405 2651 1473 2684 dici
1494 2650 1628 2694 nequit.

261 2700 329 2733 Sed
356 2701 464 2732 credo
487 2699 515 2731 ei
538 2700 631 2744 qnod
662 2701 825 2734 ultimum
853 2700 949 2731 attuli
980 2698 1166 2742 placuisse.
1217 2698 1468 2738 Chcysnstomi
1496 2695 1628 2730 whence

258 2751 360 2778 sunt:
393 2748 430 2778 τί
446 2745 519 2778 ἐστι
537 2744 576 2777 rr)
593 2745 796 2790 δικαίωμας
821 2744 861 2779 ro*
883 2746 998 2785 τέλος,
1023 2742 1039 2777 ὁ
1062 2741 1218 2786 σκοπός,
1242 2742 1294 2776 ro*
1316 2739 1495 2783 κατόρθ
1506 2752 1626 2782 (ufta.

258 2791 380 2834 τίγτὲρ
400 2792 533 2828 ἰκιΐιός
554 2790 717 2832 teocam
735 2793 793 2825 καὶ
824 2796 860 2824 τί
883 2803 967 2823 ποτε
997 2791 1203 2828 (flitmum
1235 2786 1492 2833 ἀναμάρτητον
1518 2787 1628 2823 εἶναι.

262 2841 367 2871 τοῦτο
393 2841 517 2872 τοίνυν
541 2850 592 2872 κα
605 2850 619 2872 z
636 2838 768 2881 ω’ρῦω
783 2851 844 2872 ται
869 2839 937 2873 νῦν
959 2833 1046 2880 ἧμιν
1064 2834 1124 2871 dn}
1141 2836 1314 2881 Χριστοῦ.
