1715 3115
514 151 677 202 GAP.
706 152 769 201 X.
820 153 915 201 Vs.
944 152 1128 202 6.-8..
1461 157 1553 202 385

82 265 385 323 comparetur,
431 261 564 318 longe
592 259 896 306 diversissima
936 274 976 305 v.
1004 259 1074 314 5.,
1169 261 1329 303 ioniam
1359 260 1447 304 alia
1475 261 1551 317 fa-

81 322 241 373 ciendi,
268 320 357 362 alia
384 319 582 362 credenda·
609 319 730 362 notio
757 319 850 372 est)
879 318 1060 360 eodem
1155 332 1243 361 ose
1269 322 1444 361 auctore
1467 318 1551 360 haic

79 375 279 420 oratione
309 375 466 420 utitur.
554 377 709 419 Affert
737 377 831 432 Ap.
859 388 901 419 v.
928 374 1092 419 6.-8,
1122 376 1265 417 locum
1297 374 1549 420 Deuteron.

77 435 151 488 3⁰,
177 433 379 476 11-14,
398 431 548 478 Lxx.
572 438 622 474 ut
643 433 865 475 oraculum
879 463 892 484 ‚
922 444 1008 487 quo
1027 430 1177 474 Moses
1194 429 1282 485 fide
1302 431 1467 474 Messia
1491 431 1548 473 ad

78 489 277 533 homines
310 490 444 531 misso
475 491 763 532 innocentiam
791 488 1126 545 comparandam
1149 502 1248 531 esse
1269 488 1548 546 portenderit

75 547 154 603 (cf.
181 546 351 599 Rota-h„
380 546 574 598 Koeltn.‚
602 546 724 600 dm,
755 544 978 598 Meyer.)‚
1008 558 1093 587 non
1125 559 1248 587 suam
1279 544 1332 586 de
1359 545 1547 600 integri-

73 604 183 646 tatis
213 617 238 645 e
264 603 351 646 tide
371 604 588 646 manantis
607 606 760 648 natura
782 601 1042 644 sententiam
1063 601 1213 643 verbis
1232 616 1256 643 a
1282 601 1406 644 Mose
1426 617 1546 644 sum-

73 661 135 702 tis
163 664 209 702 et
235 658 290 701 ad
314 674 435 701 suam
458 674 549 702 rem
568 658 908 702 accommodatis
927 659 1134 714 exprimit
1154 658 1331 714 (Wolfi,
1366 659 1547 702 Turret-

73 717 214 769 timu,
243 717 424 768 Heum,
455 715 620 772 Kopp„
649 715 805 759 Rueck.
835 716 933 766 aL).
992 714 1107 757 Nam
1136 715 1325 772 primum
1350 714 1544 771 quidem,

74 778 124 814 ut
153 773 369 815 sententia
392 787 431 816 v.
450 773 496 817 4.
521 773 748 831 proposita
772 772 1049 825 firmaretur,
1088 771 1296 828 quidnam
1319 771 1469 814 Moses
1488 771 1544 815 de

72 829 128 885 τῇ
155 827 202 871 ἐκ
229 829 424 879 πίστεως
449 826 708 886 δικαιοσύνῃ
734 829 999 871 vaticinatus
1028 833 1171 882 esset,
1215 827 1357 871 Paulo
1385 829 1545 871 docen-

73 885 175 927 dum
204 891 303 928 erat
318 886 380 943 (v,
405 888 577 943 supra).
636 885 808 928 Deinde
830 886 981 928 Mosen
1004 890 1052 927 ut
1072 889 1230 928 testem
1251 886 1307 927 ab
1324 887 1420 943 Ap.
1438 900 1543 943 pro-

74 941 175 984 duci
210 946 302 984 tum
340 957 393 984 ex
423 943 813 999 interpretatione,
863 942 948 998 quai
977 942 1220 984 testimonii
1249 943 1544 1000 perspicuita-

71 1004 159 1041 tem
190 998 370 1056 adjuvat
411 1002 470 1052 (v.
504 1001 549 1042 6.
585 996 698 1041 τοῦτ’
728 996 822 1041 ἔστι
857 997 1058 1054 Χριστὸν
1092 1002 1374 1056 καταγαγεῖν,
1419 1014 1462 1044 v.
1496 1001 1543 1044 ⁷.

72 1054 189 1097 τοῦτ’
216 1055 312 1099 ἔστι
335 1055 532 1110 Χριστὸν
553 1056 601 1098 ἐκ
620 1057 780 1111 νεκρῶν
797 1054 1028 1110 ἀναγαγεῖν
1046 1062 1091 1098 et
1112 1070 1150 1101 v.
1171 1057 1215 1100 8.
1232 1053 1351 1098 τοῦτ’
1375 1053 1472 1099 ἔστι
1489 1055 1540 1099 τὸ

73 1111 193 1168 ῥῆμα
219 1112 299 1168 τῆς
325 1110 518 1161 πίστεως
535 1105 560 1154 ὃ
590 1110 909 1169 κηρύσσομεν),
939 1117 1030 1154 tum
1054 1127 1077 1155 e
1097 1127 1162 1156 vs,
1182 1114 1225 1156 9.
1248 1120 1291 1155 et
1317 1114 1382 1156 10.
1401 1145 1412 1166 ,
1443 1113 1544 1170 qui-

71 1169 155 1210 bus
177 1183 282 1212 suae
304 1168 608 1226 explicationis
625 1170 851 1211 veritatem
875 1169 1094 1219 defendit,
1126 1171 1407 1223 intelligitur.
1466 1170 1544 1212 ln-

72 1226 197 1266 tirma
227 1230 484 1279 argumenta
514 1231 617 1268 sunt
643 1226 803 1282 quibus
822 1226 977 1268 Rueck.
1008 1241 1114 1268 usus
1143 1234 1235 1279 est,
1277 1233 1324 1269 ut
1356 1226 1541 1270 Paulum

71 1281 215 1323 Mosis
243 1282 373 1324 verba
406 1282 459 1323 ad
491 1296 580 1324 rem
612 1297 734 1324 suam
762 1283 1051 1325 transtulisse
1078 1284 1295 1336 efiiceret,
1325 1298 1410 1326 nou
1441 1298 1541 1326 eum

71 1340 296 1396 expressis
336 1339 482 1380 verbis
512 1353 656 1381 vocem
686 1353 854 1381 sacram
883 1341 937 1381 ab
969 1354 1017 1380 se
1044 1340 1223 1391 afferri,
1283 1341 1398 1397 quod
1427 1341 1542 1383 alias

73 1409 247 1452 semper
265 1396 469 1448 fecisset,
510 1394 675 1439 dixisse
695 1399 763 1452 (at
781 1396 839 1439 cf.
860 1410 900 1440 τ’.
923 1409 960 1438 c.
979 1398 1022 1449 9,
1042 1398 1085 1440 7.
1105 1402 1150 1438 et
1169 1403 1268 1439 tene
1295 1412 1438 1439 veram
1463 1412 1541 1440 vo-

71 1452 323 1494 cabulorum
353 1446 376 1508 ἦ
406 1452 454 1494 δὲ
477 1450 524 1494 ἔκ
542 1451 736 1501 πίστεως
753 1450 1032 1509 Δικαισσύνη
1053 1450 1170 1495 οὕτω
1187 1453 1302 1508 λέγει
1323 1455 1538 1497 rationem

70 1524 95 1550 a
119 1509 352 1552 Rueck-erto
373 1523 457 1550 non
479 1509 787 1563 intellectam),
820 1523 902 1551 non
934 1510 1078 1551 solere
1103 1510 1284 1552 Paulum
1317 1525 1439 1553 suam
1472 1511 1540 1552 in-

71 1566 430 1622 terpretationem
451 1566 591 1608 sacris
611 1579 724 1622 quae
749 1567 857 1608 citet
888 1567 1036 1608 verbis
1068 1567 1317 1624 interjicere
1347 1568 1541 1623 (scilicet

0 1660 1 1667 ,
71 1623 311 1680 explicatio
329 1622 388 1664 iis
413 1623 560 1665 verbis
585 1622 830 1665 adhibenda
861 1628 955 1675 est,
995 1637 1107 1680 quae
1136 1625 1405 1667 obscuritate
1436 1639 1538 1694 pre-

71 1685 248 1721 muntur
265 1693 305 1722 V.
327 1693 365 1722 ν.
383 1693 421 1722 c.
442 1679 557 1732 9,8.:
588 1678 711 1736 atqui
732 1679 776 1722 h.
797 1680 829 1723 Ι.
849 1693 949 1721 vera
972 1680 1204 1723 verborum
1226 1679 1295 1731 τίς
1316 1679 1539 1737 ἇναβησε-

70 1750 146 1777 ’ται
167 1732 231 1784 εἰς
249 1733 324 1777 τὸν
343 1732 554 1790 οὐρανόνς
580 1741 625 1777 et
640 1736 709 1785 τίς
726 1734 1023 1791 καταβήσεται
1045 1737 1109 1785 εἰς
1125 1737 1202 1794 τὴν
1218 1737 1435 1792 ἄβυσσονς
1465 1753 1537 1780 ra-

70 1792 135 1832 tio
157 1791 242 1832 nisi
267 1792 629 1847 interpretatione
648 1806 703 1849 ap
738 1793 850 1835 osita
873 1793 1043 1850 percipi
1065 1808 1147 1835 non
1167 1799 1377 1850 poterat),
1408 1795 1536 1837 valde

70 1846 325 1903 discrepare
349 1845 474 1889 Pauli
504 1849 635 1890 verba
664 1863 688 1890 a
708 1806 848 1890 glosis
878 1850 1046 1902 verbis,
1079 1864 1190 1906 quae
1221 1851 1298 1892 ille
1328 1852 1536 1894 attulisse

71 1904 184 1945 male
201 1903 422 1948 credatur.
479 1902 662 1946 Constat
684 1919 811 1957 vero,
847 1910 1008 1961 quauta
1031 1903 1294 1960 allegoricae
1315 1908 1535 1965 interpre-

69 1960 282 2012 tationis,
321 1973 447 2015 quam
480 1958 532 2002 P.
562 1960 605 2003 h.
635 1961 667 2004 l.
701 1961 825 2012 iniit,
862 1962 1036 2003 licentia
1069 1963 1220 2006 fuerit.
1298 1964 1451 2020 itaque
1482 1963 1534 2009 Ρ.

70 2017 324 2074 primariam
354 2017 438 2057 loci
468 2017 705 2070 allegorice
734 2019 928 2058 enarrati
962 2021 1220 2060 senteutiam
1250 2023 1407 2076 partim
1438 2022 1534 2063 suis

102 2074 230 2115 artim
264 2072 401 2115 mosis
434 2073 578 2115 verbis
607 2073 768 2115 citasse
797 2075 906 2116 satis
939 2076 1105 2117 habuit.
1179 2076 1348 2133 Nempe
1379 2078 1532 2121 Mosen

91 2161 102 2173 .
123 2131 180 2181 l.‚
212 2130 250 2171 si
276 2130 601 2183 grammaticam
627 2137 670 2172 et
699 2131 952 2172 historicam
985 2132 1390 2188 interpretationem
1424 2135 1533 2177 inie-

70 2186 159 2238 ris,
189 2186 241 2228 de
263 2186 316 2242 τῇ
336 2185 382 2227 ἑκ
409 2185 602 2235 πίστεως
625 2188 882 2243 δικαιοσύνῃ
910 2202 1125 2244 exponere
1154 2188 1202 2233 P.
1234 2191 1409 2233 minime
1439 2205 1534 2233 cre-

70 2242 208 2296 didit,
237 2243 313 2284 sed
339 2243 618 2295 allegoricam
637 2245 969 2301 explicationem
992 2247 1217 2298 ingressus
1238 2248 1414 2303 oblique
1435 2263 1532 2290 eum

0 2342 1 2345 ,
69 2313 191 2341 suam
211 2299 264 2342 de
284 2300 361 2341 illa
388 2300 639 2353 integritate
660 2301 918 2342 sententiam
939 2304 1192 2344 enuntiasse
1215 2306 1399 2359 putavit.
1444 2305 1533 2346 Sed

71 2362 118 2397 ut
138 2371 229 2398 mea
250 2356 302 2397 de
324 2357 418 2397 loco
437 2370 518 2397 uon
550 2356 608 2397 ita
641 2357 770 2414 plano
797 2357 1042 2413 disputatio
1077 2360 1145 2400 via
1174 2365 1217 2400 et
1247 2360 1399 2401 ordine
1431 2376 1532 2417 pro-

70 2413 195 2461 cedat
233 2414 374 2470 primo
415 2427 644 2469 quamnam
679 2412 727 2458 Ρ.
765 2415 912 2456 verbis
944 2416 1145 2457 mosaicis
1177 2416 1259 2457 vim
1294 2417 1533 2473 subjecerit

0 2457 7 2527 'p
69 2468 254 2521 docebo,
281 2469 436 2511 deinde
457 2476 499 2511 et
525 2469 728 2525 quidnam
752 2471 1017 2526 Apostolum
1050 2472 1090 2514 in
1123 2486 1243 2513 suam
1275 2466 1531 2532 explicatio-

69 2539 166 2567 nem
205 2527 416 2568 detulerit
446 2526 670 2568 ostendam
699 2531 744 2568 et
778 2525 904 2568 Pauli
932 2528 1060 2568 verba
1089 2543 1185 2569 cum
1217 2529 1354 2573 Mosis
1384 2532 1530 2575 verbis

69 2584 352 2639 comparabo,
392 2590 615 2640 postremo
654 2584 960 2625 memorabiles
998 2585 1207 2640 quosdam
1238 2586 1528 2644 interpretum

0 2687 1 2691 Ἰ
69 2652 244 2680 errores
272 2641 489 2683 refutabo.
547 2639 607 2695 μὴ
637 2635 767 2696 εἴπῃς
795 2638 838 2682 ἐν
868 2641 920 2696 τῇ
949 2639 1110 2697 καρδίᾳ
1140 2643 1239 2698 σου]
1276 2646 1363 2685 noli
1391 2651 1528 2687 tecum

67 2696 268 2749 coqitare.
329 2695 397 2740 Cf.
424 2695 501 2741 Ps.
527 2697 649 2747 14‚1.
679 2697 772 2755 πὺξ
801 2707 887 2754 '³⁷9³ss
920 2697 1077 2739 Matth.
1097 2698 1190 2748 3‚9.
1219 2701 1362 2755 Apoc.
1389 2703 1528 2754 18,7..

68 2750 132 2793 Ut
154 2751 345 2807 proxima
367 2767 406 2797 v.
428 2754 472 2797 6.
492 2761 536 2795 et
556 2755 598 2795 7.
628 2753 835 2794 vocabula
863 2751 931 2802 τίς
956 2751 1223 2808 ἀναβήσεται
1256 2755 1321 2803 εἰς
1346 2758 1421 2799 τὸν
1448 2754 1530 2799 οὐ-

0 2810 11 2868 iq'
67 2810 224 2862 ρανὸν;
243 2833 298 2840 —-
328 2808 375 2851 ἑκ
403 2811 561 2865 νεκρῶν
590 2806 817 2865 ἀναγαγεῖν
845 2817 960 2852 recte
993 2811 1299 2866 intelligantur
1330 2814 1436 2856 haec
1464 2819 1527 2856 te-

116 2875 301 2909 Frttzsctze
319 2875 382 2922 Ep.
407 2878 448 2911 ad
461 2878 567 2912 lieni.
587 2877 627 2910 P.
652 2876 696 2911 Η.
1054 2867 1090 2909 ss
1110 2868 1135 2908 i)
