1715 3115
175 173 263 219 386
473 170 1374 227 EPISTQLAqADstomANOS

171 277 318 323 nenda
340 281 460 322 sunt.
513 276 604 333 Qui
625 275 962 334 Baulumdonge
982 278 1199 329 diversam
1220 290 1327 324 vesse
1351 278 1432 336 τὴν
1460 279 1640 344 dufmo-

178 335 312 390 σύνην
328 333 405 388 τὴν
422 331 470 376 ἐκ
486 334 567 377 τοῦ
586 331 725 388 νόμον,
742 350 768 383 a
780 337 839 390 ,τῇ
857 333 904 380 ἐκ
919 334 1112 386 πίστεως
1129 323 1640 394 ’δικαιοσῦνῃῃημῃιιὸωῐι

178 393 256 434 illa
273 391 496 447 faciendo,
537 391 642 440 haec
665 392 868 441 credendo
897 397 1101 448 paretur,
1128 394 1183 436 Ἰ).
1213 393 1352 448 1.‚-(-cf.
1385 392 1492 439 Gal.
1513 393 1640 445 asu.

179 449 273 502 12.)
294 461 373 504 pro
395 448 519 501 gravi
549 453 595 489 et
626 448 899 502 memorabili
927 462 976 491 re
996 448 1640 506 ,posuissememineritfleum

178 520 220 549 v.
238 504 385 548 6—8.
419 503 499 545 hoc
531 503 698 547 dixisse
724 499 999 562 suspicetur:
1021 504 1114 553 'sed
1143 516 1253 561 quae
1269 520 1308 548 ‚e
1331 503 1640 559 fidelfluitjn-

176 561 365 616 tegritas
388 559 473 601 hac
499 561 701 610 oratione
737 562 901 612 utimr:
947 563 1219 613 noli..tecum
1253 562 1641 616 cogitare:*.ne¹no

177 619 365 660 salutem
388 616 534 673 pariat
548 616 752 674 faciemlof
764 622 806 661 et
824 619 1052 671 moliendQ
1082 617 1177 663 imo
1204 618 1393 660 salutem
1422 618 1505 660 tihi
1527 629 1641 674 para

176 674 381 717 credendo
420 674 572 730 (quum
608 680 763 719 ‚contra
806 674 1063 730 δικαιοσύνη
1086 670 1129 729 ,ἦ
1166 671 1216 717 ἐκ
1249 671 1331 716 τοῦ
1377 670 1515 728 νόμου
1537 674 1642 716 -Dei

175 731 368 783 favorem
408 730 682 786 salutemque
724 731 1230 787 sempiternam-(tyerno
1269 730 1643 785 [persecurum

178 788 323 841 legum
353 786 600 835 divinarum
638 786 942 834 observatione
979 787 1220 845 expugnari
1237 786 1345 829 «sibi
1378 787 1643 844 persuadeat

177 858 218 886 v.
249 843 331 896 5..).
389 841 530 899 quue
559 841 611 885 P.
639 842 751 885 dixit
777 858 819 888 v-
848 843 1012 887 6—8..
1082 843 1250 899 Nempe
1280 857 1388 891 vana
1418 842 1642 908 fuitzlegis

176 900 394 943 mosaicae
414 900 813 942 ‚vitam-aeternam
841 900 923 952 iis,
962 900 1038 956 qui
1067 900 1213 946 divina
1242 904 1475 959 praecepta
1500 897 1644 955 feces—

175 962 294 1008 sen!‚
347 955 645 1013 promittentis
670 956 934 1014 pollicitatio
966 957 1034 998 vel
1071 961 1327 1013 propterea,
1374 955 1495 1012 quod
1532 956 1644 1000 mira

177 1018 248 1054 est
269 1013 481 1054 humanae
502 1013 663 1054 mentis
682 1014 1010 1069 voluntatisque
1031 1013 1312 1057 imbecillitas
1332 1010 1515 1066 (1‚46.).-
1549 1010 1644 1055 lmo

177 1075 228 1112 ut
256 1070 380 1111 salus
408 1069 658 1119 hominibus
685 1071 979 1126 contingeret,
1025 1069 1231 1113 Christus
1258 1068 1313 1112 de
1339 1069 1461 1112 coelo
1488 1067 1544 1110 ad
1568 1081 1645 1111 eos

177 1125 419 1177 mittendus
439 1126 502 1181 (8,
512 1126 556 1170 3.
577 1125 679 1171 Gal.
699 1127 742 1179 4,
755 1127 821 1180 4.)
841 1127 1088 1182 missusque
1106 1130 1150 1169 et
1172 1132 1220 1168 ut
1244 1139 1382 1180 genus
1411 1125 1646 1168 humanum

179 1183 434 1241 expiaretur
452 1183 711 1225 interfectus
739 1196 791 1225 ex
821 1183 975 1226 inferis
1003 1183 1046 1224 in
1080 1183 1213 1225 vitam
1241 1181 1508 1226 revocandus
1534 1186 1646 1233 erat,

179 1245 230 1282 ut
250 1240 388 1284 tuisse
407 1254 503 1282 eum
532 1240 712 1282 missum
744 1254 767 1281 a
790 1239 889 1282 Deo
923 1245 970 1282 ut
999 1240 1218 1282 hominum
1248 1239 1415 1281 scelera
1444 1237 1647 1295 expiaret

180 1300 446 1339 servatorem
468 1297 663 1338 homines
685 1297 850 1339 scirent
868 1299 930 1350 (v.
946 1298 974 1336 ,l
989 1295 1228 1348 Cor..-5‚17.
1250 1300 1295 1338 et
1312 1309 1445 1352 supra
1464 1293 1647 1347 1‚249.).

181 1353 478 1408 Quamobrem
516 1354 556 1395 si
588 1354 710 1395 salus
741 1352 938 1409 faciendo
965 1352 1255 1409 comparanda
1284 1356 1427 1403 esset,
1473 1350 1560 1393 duo
1587 1350 1645 1393 iis

182 1410 259 1466 qui
280 1410 393 1452 salvi
421 1424 520 1452 esse
549 1410 795 1460 voluissent
825 1409 1088 1466 praestanda
1118 1414 1285 1450 essent.
1350 1406 1574 1450 Nimirum
1601 1412 1647 1449 et

181 1467 350 1510 coelum
387 1465 620 1509 ascendere
653 1480 730 1508 eos
762 1471 1012 1521 oporteret,
1047 1469 1095 1506 ut
1121 1469 1385 1507 servatorem
1413 1478 1438 1506 e
1465 1463 1647 1506 coelesti

180 1522 405 1565 domicilio
435 1523 479 1564 in
512 1522 658 1564 orbem
684 1527 902 1564 terrarum
931 1521 1214 1572 devocarent,
1253 1526 1298 1562 et
1326 1522 1371 1563 in
1400 1535 1546 1563 orcum
1572 1521 1647 1562 de-

182 1578 411 1634 scendere,
450 1585 499 1620 ut
526 1585 792 1621 servatorem
825 1593 881 1620 ex
906 1578 1059 1618 inseris
1090 1578 1132 1618 in
1153 1577 1283 1619 vitam
1308 1578 1522 1620 excirent.
1581 1578 1648 1620 At

184 1636 389 1692 quoniam
413 1631 436 1690 ἦ
457 1633 504 1676 ἐκ
524 1634 718 1684 πίστεως
738 1630 995 1688 δικαιοσύνη
1025 1633 1133 1685 fide»,
1169 1647 1252 1675 non
1277 1633 1435 1688 flectis,
1473 1633 1648 1686 nititur,

183 1699 301 1735 vetat
321 1705 371 1732 ea
392 1705 471 1732 nos
492 1690 607 1747 apud
630 1690 780 1734 Mosen
803 1691 861 1731 ita
891 1691 1126 1742 cogitare:
1148 1703 1272 1731 nemo
1299 1696 1375 1731 aut
1405 1689 1449 1733 in
1476 1691 1644 1732 coelum

183 1748 411 1806 profectus
431 1755 697 1789 servatorem
723 1747 765 1788 in
787 1752 950 1787 terram
981 1745 1191 1797 deducat,
1229 1750 1306 1788 aut
1335 1759 1465 1801 quum
1496 1746 1540 1787 in
1573 1759 1646 1787 or-

184 1820 280 1847 cum
308 1802 582 1845 descenderit
603 1803 826 1847 Christum
849 1801 949 1843 inde
969 1807 1119 1844 evocet
1136 1802 1181 1844 h.
1201 1815 1240 1844 e.
1263 1815 1388 1843 nemo
1414 1800 1547 1858 factis
1575 1816 1647 1844 sa-

186 1863 320 1903 lutem
342 1865 566 1917 comparet
584 1863 644 1914 (v.
663 1862 706 1903 6.
725 1860 813 1912 7.),
836 1859 927 1900 >imo
949 1858 1076 1915 parta
1099 1872 1122 1898 a
1141 1857 1319 1901 Christo
1351 1859 1492 1900 salute
1516 1857 1647 1912 fidem

187 1919 349 1960 hahere
378 1932 456 1958 uos
476 1915 605 1974 Jffibet
633 1919 695 1970 (v.
723 1916 814 1970 8.):
852 1912 919 1964 τίς
952 1911 1218 1971 ἀναβήσεται
1245 1912 1308 1964 εἷς
1332 1913 1408 1956 τὸν
1436 1913 1648 1970 οὗρανόνς

186 1975 326 2030 ecquis
357 1974 402 2015 in
428 1974 587 2015 coelum
613 1967 842 2015 ascendet?
891 1971 934 2016 h.
960 1985 999 2013 e.
1030 1985 1152 2013 nemo
1180 1970 1260 2013 hoc
1288 1971 1441 2013 fecerit
1466 1971 1646 2026 (11‚34.
1663 2016 1672 2020 ,

186 2031 349 2073 Matth.
381 2030 566 2082 19‚25.).
630 2028 830 2085 Adjuvat
860 2025 912 2069 P.
943 2026 1170 2068 verborum
1202 2027 1488 2069 mosaicorum
1515 2027 1648 2068 intel·

186 2088 347 2129 lectum
370 2086 447 2126 hac
466 2085 760 2141 expositione:
788 2079 904 2127 τοῦτ’
925 2081 1020 2126 ἔστι
1040 2081 1236 2137 Χριστὸν
1255 2085 1510 2138 καταγαγεῖν
1529 2097 1647 2125 nem·

187 2158 239 2199 pe
255 2148 299 2184 ut
324 2142 539 2185 Christum
551 2142 743 2184 inm-bem
760 2146 976 2183 terrarum
989 2140 1168 2182 deducat
1189 2140 1231 2182 h.
1243 2153 1283 2183 e.
1301 2138 1387 2180 fide
1406 2139 1556 2180 effecta
1569 2138 1646 2181 In-

187 2199 376 2253 tegritas
397 2197 510 2255 apud
532 2197 684 2239 Mosen
708 2199 768 2239 ita
791 2211 870 2237 nos
891 2195 1084 2248 cogitare
1101 2202 1282 2240 vetans:
1319 2195 1405 2237 noli
1424 2200 1561 2237 tecum
1579 2209 1646 2238 co-

182 2256 327 2311 9ἱίανε
346 2255 484 2311 ecquis
501 2254 655 2296 coelum
677 2249 882 2296 scandet?
922 2252 1234 2308 prosectionem
1263 2250 1372 2292 dicit
1398 2251 1477 2292 haic
1504 2255 1647 2293 mente

188 2313 234 2353 iu
254 2312 419 2352 coelum
442 2309 788 2366 suscipiendam,
819 2314 867 2350 ut
885 2310 1092 2358 (salutem
1122 2307 1318 2364 faciendo
1348 2310 1391 2348 et
1415 2307 1646 2350 laborando

188 2368 447 2425 paraturus)
478 2366 578 2407 inde
614 2366 844 2416 Messium,
893 2364 1111 2405 hominum
1144 2370 1436 2415 servatorem,
1480 2363 1536 2404 ad
1569 2364 1646 2405 ho-

188 2425 328 2465 mines
350 2423 627 2464 deducamus.
673 2423 699 2478 5)
720 2420 787 2470 τίς
808 2417 1103 2476 καταβήσεται
1125 2418 1190 2469 εἰς
1207 2419 1285 2473 τὴν
1302 2414 1553 2475 ἅβυσσοη]
1569 2424 1647 2462 aut

187 2480 297 2533 (noli
320 2486 461 2521 tecum
483 2483 724 2535 reputare):
748 2477 887 2533 ecquis
908 2477 952 2518 in
970 2476 1058 2518 orci
1073 2477 1334 2531 vorwinem,
1362 2475 1508 2516 sedem
1531 2490 1646 2518 mor·-

187 2543 362 2578 tuorum
385 2534 492 2580 Luc.
513 2535 659 2587 8,31.‚
689 2529 942 2575 descendet?
978 2532 1008 2573 i.
1031 2546 1074 2587 q.
1097 2545 1217 2574 nemo
1246 2532 1325 2572 hoc
1355 2532 1646 2587 praestiterit.

188 2592 364 2634 Rursus
388 2595 479 2647 Ap.
500 2605 610 2647 quae
630 2589 769 2631 Mosis
792 2603 911 2630 mens
928 2589 1065 2630 fuerit
1082 2587 1384 2643 explicationis
1402 2587 1648 2646 adjectione

187 2649 340 2690 docet:
391 2645 506 2689 τοῦτ’
535 2644 631 2688 ἔστι
658 2643 856 2700 Χριστὸν
894 2642 942 2686 ἐκ
974 2644 1135 2697 νεκρῶν
1159 2641 1385 2698 ἀναγαγεῖν
1409 2645 1572 2687 scilieet
1598 2648 1647 2686 ut

187 2705 400 2747 Christum
419 2717 476 2744 cx
495 2702 647 2758 inferis
673 2703 731 2743 ad
759 2715 931 2753 superos
960 2700 1088 2742 deccat
1104 2697 1159 2742 'h.
1185 2713 1229 2741 e.
1255 2699 1339 2741 fide
1368 2707 1491 2756 parta
1515 2700 1645 2742 Inno-
1681 2711 1685 2716 '

186 2761 327 2802 centia
349 2758 464 2815 apud
488 2758 638 2798 Mosen
659 2758 716 2798 ita
739 2758 944 2811 loquens:
979 2756 1068 2797 noli
1089 2762 1228 2798 tecum
1249 2757 1466 2809 cogitare:
1494 2757 1645 2813 ecquis

187 2817 233 2858 in
275 2830 419 2857 orcum
455 2809 721 2855 descendet?
768 2813 933 2852 abitum
964 2811 1018 2852 ad
1048 2811 1211 2852 inferos
1240 2813 1505 2854 intellectum
1532 2814 1649 2863 mult,-

188 2886 273 2929 quo
295 2873 499 2926 (salutem
527 2870 722 2925 faciendo
750 2875 793 2910 et
823 2869 1027 2910 moliendo
1056 2868 1310 2923 effecturus)
1338 2868 1559 2913 Christum
1589 2883 1642 2910 ex
