1715 3115
151 182 236 226 140
431 180 808 225 EPISTOLA
838 181 941 225 AD
970 179 1336 226 ROMANOS

154 324 178 350 a
197 323 298 351 voce
316 312 468 363 pater,
499 308 558 349 mi
576 311 727 362 pater,
756 321 863 366 αξξ,
891 287 980 361 lg?
1020 307 1215 351 exordiri
1244 323 1428 366 eamque
1450 308 1494 351 in
1518 308 1614 351 lon-

155 377 353 431 gioribus
390 377 717 433 precationibus
750 391 823 418 sae
857 391 880 418 e
907 385 1106 436 repetere
1134 378 1294 424 Matth.
1326 381 1405 432 11,
1442 379 1514 424 25.
1541 379 1614 423 26.

155 435 235 485 26,
285 435 357 477 39.
386 434 458 477 42.
493 432 578 477 Mr.
612 434 690 485 14,
728 434 799 476 36.
867 449 937 479 uc.
966 436 1042 486 10,
1082 436 1154 478 21.
1193 436 1273 487 22,
1312 437 1386 479 42.
1424 436 1506 489 23,
1539 435 1613 479 34.

153 489 253 534 Joh.
279 492 346 542 ll,
375 491 448 533 42.
493 492 559 542 17,
592 491 632 532 1.
658 491 726 533 11.
747 490 820 533 24.
839 491 927 535 25..
988 491 1062 534 Sic
1087 491 1184 532 fieri
1206 507 1289 533 non
1312 491 1479 550 potuit,
1507 491 1613 548 quin

154 542 272 599 ἆρ’βᾶ
294 546 540 588 hominibus
562 547 717 590 christ.
736 553 919 601 augusta
945 554 989 589 et
1001 555 1278 589 sacrosancta
1294 563 1373 591 vox
1391 547 1615 590 videretur

153 604 423 659 multumque
453 604 508 644 ab
539 603 594 644 iis
628 604 670 644 in
701 603 904 660 precibus
931 605 1302 660 frequentaretur.
1367 603 1455 647 Sed
1482 618 1613 661 quum

154 661 368 701 aramaica
392 675 471 701 vox
494 661 707 701 aramaice
729 660 894 713 ignaris
917 661 1170 717 explicanda
1194 666 1334 713 esset,
1363 662 1494 717 idque
1524 675 1615 702 ma·-

153 717 335 771 gistris,
365 717 549 772 quibus,
581 722 627 757 ut
653 716 813 769 l'aulo,
842 732 936 758 cum
969 718 1181 760 barbarae
1210 717 1486 774 potissimum
1510 718 1615 759 stir-

155 774 223 829 pis
244 773 491 815 hominibus
512 773 730 828 negotium
753 779 892 825 esset,
923 788 1223 829 saepenumero
1242 773 1483 815 faciendum
1506 774 1615 815 suis-

153 836 244 882 set,
276 831 439 871 multus
470 845 576 871 usus
607 830 768 871 sensim
800 831 1049 886 sensimque
1081 844 1132 872 eo
1155 831 1316 882 valuit,
1349 835 1397 871 ut
1419 827 1558 882 ἆββᾶ,
1590 823 1614 872 ὁ

153 883 302 942 πατήρ
323 885 468 927 dicere
488 887 542 927 iis
567 886 608 927 in
632 886 985 928 consuetudinem
1008 891 1211 930 verteret.
1271 885 1428 943 ltaque
1440 887 1616 928 Marcus

152 943 229 992 14,
259 944 329 986 36.
350 943 491 999 ipsum
504 943 726 986 Christum
749 941 876 995 ἀββᾶ,
908 941 930 983 ὃ
954 942 1102 998 πατήρ
1121 949 1366 1000 precantem
1390 943 1509 995 fecit,
1529 943 1617 984 nisi

154 999 260 1040 mihi
281 1000 483 1041 accedere
505 999 711 1041 malueris
733 1003 794 1054 (v.
818 1000 986 1056 supra).
1045 1001 1177 1043 Doct.
1197 999 1402 1053 Meyerns
1423 999 1511 1041 Dei
1531 1013 1612 1056 ap-

151 1056 433 1112 pellationem
467 1054 583 1109 cissp’o'c
612 1070 634 1097 e
657 1055 848 1113 judaicis
879 1070 1054 1111 precum
1085 1057 1310 1110 formulis,
1350 1055 1450 1112 quia
1481 1055 1614 1100 Jesus

151 1126 244 1153 eam
276 1113 547 1165 retinuisset,
578 1113 637 1154 ita
666 1115 708 1154 in
734 1112 1081 1156 Christianorum
1102 1127 1255 1170 preces
1283 1113 1496 1154 transisse
1516 1127 1616 1154 cen·

151 1175 242 1221 set,
275 1174 322 1211 ut
342 1169 542 1220 stabilem
569 1170 713 1227 sedem
735 1176 980 1226 occuparet.
1041 1167 1109 1211 Ita
1134 1184 1261 1226 quum
1283 1169 1444 1212 sensim
1466 1183 1515 1209 ac
1539 1183 1615 1226 pe-

151 1225 359 1267 detentim
399 1227 582 1274 nominis
616 1226 780 1281 proprii
819 1232 1017 1267 naturam
1049 1226 1292 1280 induisset,
1339 1226 1616 1269 Christianos

152 1297 306 1336 graece
328 1290 556 1340 precantes
578 1283 719 1340 primo
740 1283 999 1324 aramaicam
1023 1297 1192 1335 vocem,
1224 1288 1270 1324 ut
1300 1282 1488 1325 nominis
1514 1295 1616 1338 pro-

150 1340 238 1396 prii
262 1340 345 1381 vim
369 1339 575 1391 haberet,
605 1340 868 1391 collocasse,
898 1347 988 1381 tum
1019 1339 1332 1397 appellativum
1363 1339 1616 1380 vocabulum

154 1393 177 1437 ὁ
199 1394 347 1453 πατήρ
367 1396 604 1448 addidisse,
628 1411 712 1453 quo
727 1396 867 1437 Deum
883 1403 1066 1453 paterno
1079 1411 1225 1438 amore
1248 1397 1442 1438 homines
1462 1395 1616 1438 christ.

151 1459 358 1508 tanquam
382 1453 498 1494 filios
532 1453 735 1510 amplecti
761 1452 1007 1494 indicarent
1028 1454 1274 1509 factumque
1294 1453 1481 1509 denique
1503 1466 1617 1505 esse,

153 1515 203 1551 ut
225 1510 280 1551 iis
303 1509 441 1562 ἀρ’βᾶ,
475 1505 497 1549 ὃ
520 1508 668 1564 πατήρ
691 1509 837 1550 dicere
856 1511 1066 1551 sollemne
1090 1517 1206 1552 esset
1223 1510 1278 1553 V.
1296 1509 1356 1552 D.
1377 1508 1616 1552 existimat.

152 1565 428 1619 Ingeniosam
446 1567 503 1609 V.
519 1565 577 1608 D.
599 1567 856 1607 sententiam
873 1573 987 1607 recte
999 1581 1140 1619 voces,
1158 1581 1304 1608 veram
1319 1581 1402 1608 non
1415 1565 1617 1609 dixerim.

152 1623 240 1664 Vel
275 1624 353 1664 hoc
382 1623 547 1679 justam
588 1622 878 1678 suspicionem
902 1630 1058 1674 movet,
1089 1622 1203 1678 quod
1233 1618 1256 1663 ὁ
1291 1620 1439 1677 πατήρ
1463 1635 1618 1674 graece

153 1679 265 1722 idem
288 1694 471 1736 prorsus
493 1679 710 1729 declarat,
741 1679 855 1734 quod
877 1692 958 1736 ⁸²33
980 1679 1210 1722 aramaice.
1268 1678 1442 1720 Deinde
1467 1691 1549 1728 &aeg
1571 1677 1616 1718 in

152 1737 332 1778 nominis
352 1736 516 1790 proprii
538 1739 734 1776 naturam
753 1735 898 1776 abisse
919 1734 1038 1776 credi
1059 1736 1187 1791 plane
1207 1749 1290 1777 non
1303 1740 1464 1791 potest.
1503 1722 1617 1775 Nam

153 1793 233 1834 boc
255 1799 380 1848 pacto
413 1793 652 1849 scriptores
675 1791 733 1834 N.
759 1791 814 1834 T.
839 1805 943 1848 0³:33,
977 1792 1316 1848 appellationem
1340 1791 1458 1843 Deo,
1491 1805 1616 1846 quem

153 1849 396 1892 Christiani
420 1849 490 1905 pie
513 1854 788 1901 venerantur,
811 1848 1008 1890 decoram
1022 1862 1106 1889 non
1120 1848 1620 1903 minusfrequentarent,

154 1920 281 1962 quam
296 1905 486 1947 Hebraei
500 1910 626 1963 ,πῂ-πῖ,
645 1919 796 1946 nomen
820 1920 923 1946 suae
935 1905 1078 1959 gentis
1101 1904 1265 1946 numini
1286 1904 1528 1961 proprium,
1548 1917 1619 1944 ce-

154 1963 399 2014 lebrarunt,
431 1962 577 2017 ibique
601 1958 733 2017 'saepe
754 1968 989 2018 ponerent,
1036 1961 1110 2002 ubi
1141 1958 1164 2001 ὁ
1190 1958 1300 2010 θεός
1335 1964 1618 2017 usurparunt.

153 2018 276 2061 Idem
301 2020 495 2060 facerent
528 2016 613 2060 ΡΡ.
633 2018 918 2059 ecclesiastici
932 2032 1089 2073 resque
1112 2016 1366 2059 hauddubie
1385 2031 1436 2057 eo
1456 2016 1618 2057 valuis-

154 2083 244 2127 set,
278 2082 324 2117 ut
355 2074 597 2118 Christiani
619 2075 818 2116 omnibus
847 2075 1117 2131 temporibus
1139 2087 1220 2131 ⁸³.ss
1237 2073 1329 2115 veri
1350 2072 1459 2122 Dei,
1489 2086 1615 2128 quem

155 2133 241 2189 ipsi
262 2133 332 2189 pie
354 2132 563 2183 colerent,
586 2146 737 2172 nomen
751 2133 973 2188 proprium
989 2146 1085 2173 esse
1099 2130 1374 2172 statuissent.
1434 2127 1617 2169 Postre-

156 2203 224 2230 mo
256 2190 294 2230 si
329 2202 415 2244 ⁸⁴2-ss
443 2189 577 2229 multo
608 2203 688 2228 usu
725 2189 911 2229 nominis
939 2187 1108 2245 proprii
1127 2190 1386 2243 potestatem
1413 2185 1618 2240 adeptum

155 2248 297 2298 esset,
328 2245 572 2288 Christiani
592 2258 744 2298 graece
764 2245 994 2300 loquentes
1014 2257 1125 2285 nunc
1147 2241 1275 2294 ἆββᾶ,
1308 2237 1474 2294 ὁθεός,
1505 2254 1619 2282 nunc

156 2298 295 2353 ἆρζίἇ,
337 2298 358 2343 ὁ
389 2298 561 2354 πατήρ,
603 2315 686 2342 non
716 2307 968 2342 constanter
995 2297 1133 2352 ἆββᾶ,
1174 2296 1197 2339 ὃ
1227 2295 1376 2353 πατήρ
1406 2297 1618 2340 dicerent.

157 2359 305 2399 Minus
327 2358 457 2399 etiam
481 2357 674 2398 Boehmz'i
694 2358 906 2398 sententia
926 2357 1083 2413 placet,
1108 2355 1182 2410 qui
1202 2354 1344 2411 patris
1364 2353 1618 2396 vocabulum

158 2415 376 2466 „notionis
396 2414 673 2456 ‘intendendae
691 2414 837 2463 causa,
870 2413 995 2468 qnasi
1016 2426 1097 2453 non
1120 2413 1230 2452 satis
1251 2416 1385 2462 esset,
1414 2410 1498 2451 unzi
1522 2415 1619 2452 tan-

156 2475 246 2512 tum
269 2470 443 2523 lingua,
472 2469 653 2526 profana
675 2470 965 2525 potissimum,
996 2467 1138 2510 Deum
1158 2473 1328 2522 patrem
1348 2466 1619 2523 appellari“,

157 2526 425 2581 duplicatum
446 2532 586 2582 putat.
626 2524 736 2567 Nam
760 2527 884 2567 homo
903 2526 1080 2578 elegans
1101 2523 1619 2580 proanimicommotione

159 2582 377 2623 notionem
402 2597 496 2623 cum
518 2582 672 2623 affectu
695 2583 934 2624 iteraturus
952 2588 1027 2622 aut
1048 2578 1164 2633 ἆρ’βᾶ
1180 2611 1188 2627 ,
1221 2577 1351 2633 οἷββᾶ,
1379 2583 1455 2620 aut
1481 2573 1504 2619 ὃ
1525 2593 1619 2620 πα-

157 2637 262 2691 τήρ,
295 2636 318 2678 ὃ
341 2635 488 2693 πατήρ
507 2638 686 2690 (Matth.
705 2641 755 2690 7,
782 2639 875 2692 22.)
896 2638 1081 2688 dixerit,
1111 2635 1290 2678 eandem
1312 2635 1619 2689 cogitationem

159 2694 430 2735 diversarum
453 2695 699 2748 linguarum
723 2695 945 2736 vocabulis
965 2699 1232 2748 conceptam,
1260 2698 1308 2732 ut
1328 2695 1530 2748 precetur
1550 2690 1621 2733 vel

160 2749 298 2802 ἇββᾶ,
332 2745 355 2791 ὃ
388 2748 561 2805 πατήρ,
592 2752 662 2792 vel
690 2749 712 2791 ὁ
733 2748 886 2801 θεός,
918 2750 1046 2794 mein
1077 2751 1235 2802 (Sssotu
1266 2761 1348 2789 non
1377 2746 1621 2804 repetierit,

157 2807 244 2850 nisi
265 2806 391 2849 homo
410 2805 694 2851 inconcinnus
714 2813 759 2850 et
777 2808 990 2852 insulsus.
1048 2804 1473 2860 Eodemargumento
1484 2802 1623 2847 Gratia·
