1715 3115
175 204 258 248 1⁷6
450 202 826 249 EPISTOLA
856 205 958 250 An
988 205 1355 252 ROMANOS

171 324 338 355 evemus:
366 311 422 356 cf.
443 313 595 369 supra)
614 315 658 353 et
681 325 705 352 a
729 309 781 355 P.
810 311 993 355 formula
1023 314 1226 357 alienam.
1282 311 1397 356 Nam
1427 306 1624 372 pra'eterae

174 382 302 423 quam
323 367 436 423 quod
457 369 653 420 rivatim,
682 382 764 409 non
784 369 985 419 guttatim
1009 369 1095 414 div.
1116 371 1300 426 spiritns
1331 371 1375 412 in
1407 385 1485 413 nos
1515 372 1627 414 effu·

174 439 251 466 sus
274 433 340 465 est
362 424 455 468 Tit.
474 426 595 477 3‚6.‚
635 425 754 466 nullo
779 423 828 468 P.
847 425 942 467 loco
969 425 1076 468 dicit
1106 428 1220 479 fore,
1262 433 1309 469 ut
1372 441 1464 470 uem
1494 443 1622 483 parce

172 479 299 523 nohis
320 481 362 522 in
384 482 462 523 hac
480 482 598 523 terra
621 478 870 523 constitutis
891 481 1013 524 Deus
1033 483 1235 539 spiritum
1265 498 1301 527 s.
1363 485 1624 538 istribuerit‚

174 552 271 578 eum
311 552 402 579 cum
446 539 628 580 maxima
665 539 870 591 largitate
910 537 987 594 τήν
1028 537 1158 588 &sigona
1186 539 1356 596 adeptis
1386 541 1622 597 impertiata

175 594 304 649 Quod
325 597 362 637 si
387 593 437 637 P.
456 595 616 636 alicubi
639 595 704 635 vel
734 596 909 637 doceret
932 597 996 636 vel
1026 596 1345 648 subindicaret,
1375 601 1503 639 verba
1524 599 1623 654 qui·

173 651 269 692 dem
289 651 450 693 Caluini
475 652 876 708 interpretationem
906 653 1172 707 reciperent,
1204 667 1340 707 neque
1367 653 1444 707 τήν
1469 651 1623 707 ἀπαρ-

171 706 250 762 χὴν
281 705 378 762 τῆς
408 703 723 757 υἱοθεσίας,
765 722 803 752 ε.
833 708 934 761 τῆς
962 705 1127 761 δόξης
1164 722 1243 763 pro
1269 709 1347 749 τοῦ
1377 705 1623 761 πνεύματος

174 764 442 819 requirerem
469 767 531 818 (v.
561 763 800 818 Meyer-us).
862 762 1162 805 Intolerabilis
1195 769 1264 805 est
1290 763 1479 816 Reichis,
1508 765 1624 818 (ΗΚ,

173 820 345 873 Dleyeri
381 819 439 862 al.
470 821 640 876 opinio,
677 819 756 862 τοῦ
782 817 1028 872 πνεύματος
1057 834 1155 862 esse
1183 821 1419 874 genitivum
1448 821 1623 877 partiti·

172 890 273 919 vum
295 890 342 917 ac
364 875 451 916 dici
469 874 573 926 τοὺς
590 876 666 933 τὴν
685 874 885 931 ἀπαρχήν
912 878 990 918 τοῦ
1019 891 1089 917 nv.
1116 875 1293 928 ἔχοντας
1318 877 1389 932 qui
1413 878 1553 930 prim
1565 891 1623 920 as

173 934 262 976 div.
284 933 462 986 spiritus
477 933 598 974 dotes
617 934 855 985 acceperint
876 934 1063 987 primos,
1094 933 1167 988 qui
1193 931 1316 973 Pauli
1336 938 1480 975 aetate
1503 934 1623 976 vixe-

171 995 300 1041 runt,
329 987 605 1031 Christianos
627 989 685 1030 ita
706 994 753 1030 ut
775 1003 850 1030 eos
875 989 924 1032 P.
955 989 1010 1029 ab
1036 988 1094 1029 iis
1121 988 1444 1030 discriminatos
1474 990 1624 1031 volue-

171 1047 255 1099 rit,
285 1059 395 1101 quos
413 1051 564 1101 postea
587 1045 674 1088 div.
695 1045 898 1101 spiritum
915 1050 1262 1100 consequuturos
1281 1059 1378 1087 esse
1400 1051 1474 1087 aut
1492 1044 1624 1090 Chri-

173 1110 243 1145 sto
266 1102 378 1143 sein
401 1102 676 1158 disciplinam
704 1103 882 1143 daturos
911 1116 1007 1143 esse
1031 1101 1295 1158 judicaverit
1326 1102 1473 1154 11‚25.
1504 1116 1624 1159 sqq..

171 1159 287 1202 Nam
311 1159 374 1200 sic
396 1173 566 1215 quoque
586 1157 665 1199 τοῦ
683 1156 930 1210 πνεύματος
948 1159 1166 1212 genitivus
1187 1157 1383 1214 Subjecti
1411 1164 1502 1201 est:
1531 1160 1625 1214 pri-

173 1230 265 1266 ma,
294 1230 400 1282 quae
429 1215 512 1258 div.
540 1214 716 1268 spiritus
739 1215 903 1267 divisit,
935 1229 1128 1258 munera.
1194 1214 1309 1256 Male
1339 1214 1450 1256 enim
1472 1214 1623 1259 Reiela.

207 1304 218 1315 .
239 1272 339 1315 203.
357 1271 408 1313 τὸ
432 1272 602 1323 πνεῦμα
620 1271 738 1324 piam
756 1270 933 1312 hominis
960 1272 1107 1314 christ.
1137 1276 1318 1313 mentem
1346 1273 1492 1313 valere
1518 1285 1621 1328 per-

172 1287 330 1372 hibuit.
395 1326 566 1369 Deinde
594 1328 758 1383 primos
785 1326 950 1369 Christi
977 1326 1214 1383 discipulos
1241 1326 1336 1382 τὴν
1369 1323 1624 1382 ἀπαρχὴν

170 1386 251 1427 τοῦ
272 1400 342 1426 nv.
361 1385 443 1427 div.
464 1384 637 1438 spiritus
654 1383 839 1436 primit
854 1384 959 1436 ius,
988 1390 1133 1425 contra
1161 1384 1234 1440 qui
1258 1387 1358 1440 post
1377 1384 1479 1425 illos
1492 1383 1623 1427 Chri-

173 1441 233 1484 sti
261 1440 536 1496 disciplinam
566 1439 751 1496 amplexi
778 1439 942 1481 suerint
969 1441 1071 1489 τοὺς
1097 1440 1294 1495 καρποὺς
1320 1454 1358 1484 S.
1389 1439 1444 1481 τὰ
1470 1436 1624 1494 γεννή-

170 1512 287 1551 ματα
308 1500 389 1538 τοῦ
409 1511 478 1537 πν.
501 1497 638 1549 ipsam
667 1497 752 1538 div.
778 1496 956 1549 spiritus
978 1510 1152 1538 messem
1182 1497 1400 1552 accepisse
1427 1497 1548 1538 nullo
1573 1495 1622 1539 Ρ.

172 1555 268 1596 loco
296 1552 545 1594 affirmavit.
611 1551 827 1593 Inusitata
855 1557 922 1593 est
950 1552 1085 1606 igitur
1118 1553 1194 1593 illa
1225 1554 1462 1608 primorum
1494 1552 1624 1595 Chri-

175 1610 414 1653 stianorum
438 1607 625 1650 notatio:
654 1604 806 1663 niz-12²2
825 1604 1003 1661 ἀπαρχ
1017 1607 1040 1662 ἡ
1054 1625 1074 1648 ν
1089 1610 1168 1649 τοῦ
1188 1623 1257 1650 πν.
1277 1607 1461 1659 ἔχοντες.
1502 1609 1622 1650 Tum

206 1668 412 1707 rimorum
435 1664 601 1707 Christi
620 1662 932 1719 discipulorum
950 1664 1254 1717 cogitationem
1276 1664 1344 1705 his
1362 1665 1507 1720 potius
1525 1679 1624 1706 ver-

172 1681 242 1765 gig
267 1721 317 1767 Ρ.
347 1721 642 1763 enuntiasset:
681 1717 705 1773 ἡ
736 1717 910 1774 ἀπαρχὴ
941 1717 995 1762 ὲν
1024 1721 1251 1776 Χριστῷ
1279 1723 1339 1774 (s,
1368 1718 1448 1769 εἰς
1476 1723 1623 1775 Χρι-

172 1775 303 1821 στόν
328 1792 365 1821 s.
395 1778 498 1819 τῶν
525 1777 754 1826 πιστῶν)
783 1775 937 1825 ὄντες
964 1790 1218 1832 quamquam
1242 1777 1374 1831 primi
1399 1777 1443 1817 in
1463 1776 1624 1819 Christi

172 1839 331 1878 coetum
351 1833 510 1885 recepti
526 1847 669 1873 sumus
696 1846 735 1875 v,
759 1833 824 1884 16,
835 1831 879 1875 5.
912 1834 934 1873 l
958 1832 1056 1874 Cor.
1079 1833 1243 1883 16‚15..
1298 1832 1501 1888 Denique
1529 1834 1624 1889 pri·

171 1904 337 1933 morum
356 1889 705 1932 Christianorum
728 1889 887 1929 mentio
906 1902 1140 1944 eorumque
1159 1888 1214 1929 ah
1234 1889 1481 1930 hominibus
1500 1895 1623 1946 post-

173 1949 253 1988 hac
292 1945 347 1986 ad
388 1945 555 1988 Christi
594 1958 715 1984 sacra
756 1944 1022 1986 adducendis
1059 1944 1281 1986 distinctio
1319 1945 1364 1989 h.
1401 1945 1434 1988 l.
1472 1944 1624 2002 inepta

171 2009 256 2047 est.
314 2001 531 2044 Nimirum
553 2015 592 2044 v,
611 1999 689 2055 τὴν
708 1998 907 2055 ἀπαρχὴν
924 2003 1002 2042 τοῦ
1023 2017 1094 2042 πν.
1114 2001 1360 2042 necessario
1387 2015 1475 2042 rem
1506 2015 1623 2042 coin-

169 2061 447 2117 plectuntur,
478 2071 587 2114 quae
619 2057 815 2098 homines
843 2058 895 2098 ea
922 2057 1145 2114 praeditos
1171 2058 1232 2099 ita
1262 2058 1411 2099 firmos
1436 2056 1622 2100 reddere

169 2115 394 2166 videatur,
431 2119 479 2155 ut
508 2114 682 2155 miseris
708 2114 801 2155 suis
829 2113 959 2155 rebus
986 2128 1068 2156 non
1099 2114 1318 2168 ingemant
1355 2117 1416 2167 (v,
1447 2115 1621 2170 supra).

170 2173 238 2216 At
256 2186 339 2213 non
361 2170 594 2228 praecipua
615 2170 702 2213 div.
722 2170 908 2226 spiritus
923 2166 1049 2225 χάρις
1075 2170 1229 2226 primis
1248 2169 1513 2213 Christianis
1542 2170 1622 2211 oh-

169 2228 295 2283 tigit:
334 2227 588 2283 impertitur
614 2226 760 2282 potius
787 2225 837 2268 τὸ
865 2225 1036 2277 πνεῦμα
1095 2226 1230 2267 ariter
1255 2225 1453 2267 omnibus
1492 2230 1621 2282 quot-

172 2290 279 2340 quot
303 2284 431 2326 fidem
462 2282 692 2324 habuerint
710 2282 813 2324 Act.
833 2283 999 2335 10,47..
1063 2240 1164 2324 Eion
1193 2282 1293 2338 plus
1319 2280 1457 2335 igitur
1481 2282 1621 2324 firmi-

170 2341 279 2382 tatis
314 2340 469 2396 primis
499 2339 764 2382 Christianis
800 2338 886 2381 div.
925 2338 1109 2394 spiritus
1136 2338 1240 2380 olim
1268 2336 1452 2394 adjecit,
1489 2352 1619 2394 quam

171 2411 286 2439 nunc
306 2395 431 2437 nobis
450 2394 617 2454 adjicit.
659 2394 808 2437 Sensit
826 2395 903 2435 hoc
923 2395 1052 2435 etiam
1082 2394 1188 2438 Win.
1210 2408 1276 2448 gr.
1298 2407 1342 2450 p.
1361 2393 1478 2437 336..
1530 2393 1620 2437 Po·-

172 2459 361 2504 stremo,
407 2465 460 2493 ne
490 2453 617 2508 plura
649 2450 755 2494 VV.
787 2450 894 2494 DD,
933 2450 1116 2492 consilia
1150 2463 1497 2502 commemorem,
1539 2449 1620 2506 τὴν

171 2504 371 2563 ἀπαρχὴν
391 2522 428 2549 τ.
448 2522 517 2548 nv.
538 2507 706 2558 ἔχοντες
725 2507 838 2548 male
856 2507 1085 2563 explanes:
1115 2519 1371 2561 quamquam
1390 2511 1618 2559 praestan-

169 2564 338 2606 tissima
359 2563 445 2606 div.
466 2563 649 2620 spiritus
673 2577 847 2604 munera
871 2563 1075 2604 hahemus
1094 2565 1157 2616 (v.
1178 2562 1338 2617 Pelay„
1364 2562 1617 2615 Turreuin„

173 2618 271 2662 Glur.
299 2619 374 2661 Fr.
402 2619 616 2671 Schmid„
643 2618 880 2671 Rosenm.).
937 2618 1048 2660 Nam
1077 2622 1126 2658 ut
1154 2617 1242 2660 div.
1269 2617 1454 2674 spiritus
1487 2631 1618 2659 orna-

172 2674 332 2716 mentis
350 2674 474 2715 nobis
493 2674 608 2716 datis
627 2676 738 2715 nihil
761 2675 863 2728 fingi
883 2675 1024 2730 possit
1048 2674 1367 2730 praestantius,
1404 2680 1519 2714 recte
1547 2679 1616 2715 ta-

172 2745 270 2772 men
302 2730 446 2771 verbis
475 2728 570 2783 τὴν
599 2728 851 2786 ἀπαρχὴν
879 2744 914 2770 τ.
945 2744 1015 2770 nv.
1059 2729 1319 2781 offendaris,
1370 2735 1616 2786 propterea,

172 2785 289 2843 quod
323 2799 545 2827 munerum
575 2786 716 2827 miuus
744 2786 1064 2842 praeclarorum
1097 2785 1400 2839 cogitationem
1431 2791 1615 2837 movent,
1683 2837 1686 2840 .

172 2842 333 2899 quihus
352 2841 440 2887 div.
463 2841 648 2898 spiritus
678 2842 790 2885 alios
820 2842 1015 2886 homines
1043 2842 1187 2884 nescio
1219 2855 1328 2897 quos
1353 2841 1523 2937 donarel
1541 2854 1615 2881 so-

1526 2903 1613 2941 eat.
