1715 3115
134 197 223 239 42⁴
417 195 799 241 EPISTOLA
834 198 935 243 AD
968 198 1326 245 ROMANOS

141 302 341 361 pretihus
362 317 512 344 vanam
534 301 709 359 ellipsis
726 301 804 355 μέν
835 303 1020 361 speeiem
1051 305 1184 348 toties
1211 304 1425 364 objecerit
1452 305 1604 349 multis

143 364 187 400 et
212 359 383 402 idoneis
403 359 619 416 exemplis
647 357 829 412 doceas3
869 359 947 402 sed
977 361 1020 402 in
1047 361 1167 403 aliud
1197 363 1399 404 nimirum
1431 367 1603 420 tempus

143 416 249 458 haec
274 417 361 457 late
385 422 540 472 patens
571 413 838 472 disputatio,
876 431 1002 473 quam
1031 420 1328 461 commentarii
1358 419 1498 461 nostri
1526 433 1604 460 an-

144 473 316 528 gustiae
343 487 425 514 non
448 473 645 529 capiant,
682 475 944 515 reservanda
975 480 1059 517 est.
1117 475 1320 530 Μωϋσῆς
1348 476 1484 530 λέγει]
1515 474 1604 518 Dei

144 530 275 570 verba
313 530 509 571 reserens
539 528 676 571 Dent.
705 529 875 581 32‚21..
951 529 1152 572 Retinnit
1183 529 1235 575 P.
1271 532 1602 574 translationem

143 584 293 628 LXX.
307 618 318 635 ‚
349 586 434 628 nisi
456 584 570 642 quod
593 599 671 641 pro
692 583 852 636 αὐτούς
868 587 1097 629 collocavit
1119 583 1230 640 ὑμᾶς
1249 595 1290 629 et
1304 588 1442 630 Deum
1460 587 1603 630 lsrae-

144 641 250 683 litas
271 643 562 698 alloquentem
594 642 850 686 introduxit.
908 643 1094 686 Denter.
1123 644 1156 686 l.
1187 658 1224 687 c.
1249 643 1373 687 Deus
1406 645 1511 686 haee
1538 644 1602 687 di-

143 699 231 742 xit:
262 700 465 755 quoniam
501 698 730 741 israelitae
757 699 842 740 sibi
873 701 1028 742 marito
1056 713 1203 741 curam
1234 705 1277 742 et
1305 702 1413 743 iram
1446 701 1604 743 movis-

144 761 244 796 sent
263 769 342 812 per
361 770 440 797 mm
460 757 574 798 Deos
602 770 711 812 quos
739 756 1004 809 coluissent,
1043 757 1235 798 vicissim
1265 772 1312 799 se
1342 754 1604 799 sollieitudi-

143 824 240 852 nem
260 818 302 853 et
323 812 665 866 indignationem
687 811 861 871 conjugi
888 826 992 854 suae
1026 812 1056 856 i.
1087 827 1126 857 e.
1158 811 1379 856 Israelitis
1410 813 1543 869 (Hos.
1566 814 1605 867 l,

142 869 209 922 2.)
229 875 445 910 moturum
468 884 565 911 esse
587 883 667 926 per
695 883 775 910 non
798 884 918 911 suam
945 874 1112 924 yentem
1140 869 1434 926 stolidamque
1463 871 1604 912 natioss

143 937 239 965 nem
264 925 305 967 h.
326 939 364 969 e.
389 940 467 982 per
487 926 797 978 chananaeos,
831 940 939 981 quos
961 926 1003 965 in
1035 939 1182 968 amore
1211 926 1440 968 habiturus
1468 932 1607 971 essen

143 980 231 1023 Sed
257 979 395 1022 Paulo
413 982 694 1034 allegoricam
717 982 1046 1038 explicationem
1071 982 1270 1035 ingresso
1293 983 1416 1025 Deus
1438 983 1515 1024 hoc
1543 983 1604 1024 si-

140 1037 231 1079 mul
254 1037 431 1095 oblique
453 1040 726 1093 significasse
747 1038 943 1091 videtur,
973 1054 1020 1080 se
1043 1039 1382 1081 sollicitudinem
1402 1039 1504 1081 olim
1525 1038 1604 1083 Ju-

141 1093 265 1135 daeis
285 1093 545 1137 in'ectnrum
566 1110 662 1137 esse
688 1100 868 1152 propter
887 1109 970 1138 non
988 1102 1158 1150 gentem
1172 1128 1183 1149 ‚
1222 1111 1350 1153 quam
1379 1100 1610 1138 amaturus

143 1156 287 1201 esset,
325 1109 369 1194 h.
391 1166 430 1196 e.
452 1160 632 1209 propter
660 1166 877 1208 paganos,
915 1152 957 1192 in
991 1167 1097 1209 quos
1128 1153 1311 1194 salutem
1345 1153 1604 1195 messianam

141 1208 385 1249 collaturus
407 1215 539 1253 esset.
597 1208 806 1250 Fortasse
830 1223 868 1252 v.
891 1208 1194 1265 praecedentia
1210 1209 1451 1252 v.20.hane
1469 1208 1605 1250 Paulo

140 1263 548 1320 interpretationem
571 1265 1003 1307 commendaverunt:
1044 1262 1111 1306 ὅτι
1129 1264 1252 1321 γενεὰ
1280 1262 1604 1321 ἐξεστραμμένη

142 1317 259 1361 ἐστίν
281 1317 507 1375 (dicuntur
528 1320 808 1378 lsraefflae),
838 1320 928 1363 υἱοί
947 1315 1012 1371 οἷς
1035 1319 1110 1362 οὔκ
1131 1319 1225 1364 ἔστι
1247 1320 1435 1370 πίστις
1455 1318 1501 1362 ἓν
1521 1317 1606 1362 αὐ-

139 1379 247 1426 τοῖς.
310 1376 470 1421 Verte:
500 1392 579 1431 ego
600 1392 746 1419 curam
768 1377 890 1419 vobis
911 1379 1087 1419 movebo
1104 1383 1280 1432 propter
1298 1391 1380 1418 non
1413 1384 1603 1431 gentem,

137 1438 313 1486 propter
333 1435 511 1475 stultam
533 1440 704 1485 gentem
726 1435 864 1476 iratos
886 1449 962 1476 vos
986 1434 1156 1476 faciam.
1202 1433 1270 1477 Cf.
1291 1433 1603 1486 LXX.3Reg.

140 1487 210 1539 14,
223 1490 293 1531 22.
321 1489 394 1533 Ps.
415 1493 472 1532 77
493 1491 702 1544 (78.),58.
724 1490 882 1545 Polyb.
900 1491 1047 1542 4,7‚5.
1069 1487 1164 1531 ἐπὶ
1183 1488 1295 1530 πᾶσι
1313 1486 1489 1539 τούτοις
1510 1504 1605 1530 πα-

140 1545 427 1596 ροξυνθέντες
445 1545 730 1601 ἐψηφίσαντο
747 1548 932 1601 βοηθεῖν
949 1549 1040 1595 τοῖς
1058 1543 1333 1602 ,Μεσσηνίοις
1352 1571 1420 1587 -.
1484 1544 1605 1590 Plut.

140 1601 182 1650 7,
200 1600 271 1643 84.
300 1601 442 1646 Reislc.
467 1603 609 1656 (lno)
649 1600 992 1657 ζηλοτυπήσασα
1011 1597 1191 1656 ςὸούλην
1229 1600 1325 1643 ἐπὶ
1363 1602 1426 1656 τῷ
1462 1600 1604 1655 ἀνδρί.

140 1655 258 1697 Male
280 1656 441 1712 ang.‚
467 1673 592 1714 quem
618 1657 764 1701 Reich.
785 1659 948 1714 aliique
969 1659 1144 1713 sequuti
1177 1663 1298 1701 sunt:
1337 1673 1418 1712 ego
1447 1656 1501 1698 ad
1532 1672 1604 1698 ae-

139 1713 419 1755 mulationem
441 1729 516 1755 vos
538 1713 746 1755 adducam
767 1715 808 1755 in
830 1729 909 1755 non
929 1719 1117 1769 ⁸qwztem,
1147 1715 1189 1754 in
1205 1719 1371 1768 yeniem
1391 1714 1602 1768 insipien-

137 1773 223 1810 iem
245 1770 286 1810 in
309 1770 416 1812 iram
448 1785 521 1812 vos
550 1772 734 1812 mittam.
797 1770 891 1811 Hoc
919 1769 1030 1810 enim
1058 1774 1125 1809 est
1154 1766 1464 1825 παραζηλώσω
1489 1766 1606 1820 ὑμᾶς

139 1825 285 1878 πρὸς
322 1825 414 1867 οὔκ
453 1824 643 1874 ἔθνος,
696 1823 831 1880 πρός
872 1823 1036 1873 ἔθνος
1073 1822 1340 1867 ἀσύνετον
1372 1826 1604 1880 παροργιῶ

135 1877 264 1930 ὑμᾶς.
311 1883 378 1926 Cf.
403 1883 631 1926 Demosth.
651 1889 802 1923 contra
817 1882 1059 1935 Aristogit.
1077 1880 1178 1933 805,
1192 1882 1259 1923 19.
1277 1881 1420 1926 Reisk.
1435 1879 1605 1923 -ἕταν

139 1933 254 1987 ὑμᾶς
271 1934 343 1994 ἴδῃ
364 1953 611 1994 παροργι
629 1937 870 1987 σθέντας
889 1953 941 1978 τι
971 1938 1112 1990 πρός
1135 1952 1290 1986 τινας
1319 1961 1388 1979 —-.
1445 1935 1604 1993 Neque

139 1994 304 2035 rectius
331 1994 525 2037 Breisch.
556 1995 660 2039 Lex.
692 1992 756 2045 Π,
771 1995 870 2037 220.
899 1993 1066 2048 aliique
1094 1993 1306 2036 reddunt:
1329 2018 1382 2024 —
1410 2007 1489 2047 per
1517 2007 1603 2034 non

138 2052 347 2115 populum
364 2083 374 2101 ‚
401 2066 480 2105 per
499 2051 705 2108 populum
728 2052 1006 2107 insipientem
1027 2050 1070 2093 h.
1093 2063 1132 2093 e.
1154 2044 1466 2107 παραζηλώσω
1485 2045 1601 2108 ὑμᾶς

141 2116 194 2147 εν
222 2103 300 2147 οὐκ
336 2104 481 2159 ἔθνει,
522 2106 574 2149 ἐν
606 2104 730 2148 ἔθνει
757 2104 950 2160 ἀσυνέτῳ
978 2107 1212 2159 παροργιῶ
1246 2101 1370 2158 ὑμᾶς.
1430 2104 1602 2160 (Lxx.

138 2163 166 2202 3
189 2161 296 2215 Reg.
322 2162 471 2212 14‚2z.
495 2162 754 2216 Ps.77,58.)
809 2158 876 2205 ἐπ’
899 2177 922 2202 o
937 2158 993 2203 ὐκ
1013 2159 1189 2214 ἔθνει]
1223 2160 1445 2204 Praebent
1463 2175 1503 2206 v.
1522 2159 1603 2203 οὐκ

138 2216 273 2266 ἔθνος
297 2233 423 2259 unam
444 2234 523 2260 non
540 2221 680 2273 yemis
700 2220 741 2261 h.
764 2233 803 2261 e.
823 2218 968 2273 gentis
989 2218 1068 2258 hoc
1092 2217 1264 2260 nomine
1293 2216 1497 2269 indignae
1523 2231 1602 2259 no-

138 2274 317 2317 tionem.
384 2274 607 2317 Contende
639 2275 867 2329 griphurn,
905 2274 1029 2328 cujus
1059 2275 1309 2315 memoriam
1342 2273 1598 2316 Athenaeus

137 2331 411 2371 conservavit
435 2333 500 2382 10,
514 2333 584 2372 76.
604 2334 669 2387 (p.
689 2331 812 2384 452.)
833 2331 904 2372 καὶ
923 2330 973 2370 τι)
994 2328 1258 2384 Πανάρκους
1275 2329 1312 2370 δ’
1333 2327 1425 2370 ἐστὶ
1443 2329 1602 2371 τοιοῦ-

137 2401 236 2437 τον,
269 2384 326 2435 ὥς
347 2401 458 2442 φησι
479 2386 703 2440 Κλέαρχος
724 2384 770 2428 ἐν
787 2388 848 2440 τῷ
867 2386 971 2437 περὶ
991 2385 1183 2439 γρίφων,
1223 2382 1293 2427 ὅτι
1317 2385 1450 2436 βάλοι
1481 2382 1600 2440 ξύλῳ

137 2457 184 2482 τε
204 2444 277 2483 καὶ
299 2439 355 2483 οὗ
385 2440 525 2497 ξύλῳ
547 2443 733 2495 (ferula)
751 2440 1004 2497 καθημένην
1016 2440 1176 2495 ὀρνίθα
1188 2444 1260 2483 καὶ
1280 2438 1374 2483 οὔκ
1397 2436 1616 2496 ὂρνίθα,

137 2500 378 2551 (noctuam)
408 2496 514 2553 ἀνήρ
543 2514 589 2539 τε
621 2500 695 2540 καὶ
723 2497 822 2540 οὐκ
853 2495 984 2553 ἀνὴρ
1010 2498 1274 2551 (eunuchus)
1301 2494 1421 2551 λίθῳ
1448 2511 1495 2538 τε
1527 2497 1616 2540 καὶ,

139 2551 198 2595 οὐ
219 2551 315 2594 λίθ
330 2570 363 2607 ῳ
386 2555 614 2608 (pumice).
677 2554 783 2598 Eur.
805 2554 913 2597 Hee.
936 2553 1036 2596 947.
1053 2577 1110 2584 ——
1137 2550 1274 2605 γάμος
1296 2550 1347 2594 οὗ
1373 2549 1512 2607 γάμος
1531 2576 1601 2593 -.

137 2609 251 2652 Hor.
284 2608 379 2650 Sat.
408 2612 449 2660 2,
461 2612 611 2662 3‚106.
643 2625 726 2652 non
754 2616 894 2662 sutor,
934 2609 1008 2650 ubi
1037 2623 1078 2652 v.
1105 2608 1407 2661 Heindorfium.
1465 2607 1599 2662 Virg-

137 2667 256 2708 Acn.
281 2667 318 2715 1,
334 2665 428 2708 198.
450 2692 502 2698 —-
533 2681 672 2721 neque
695 2667 808 2708 enim
831 2664 972 2718 ignari
993 2679 1142 2706 sumus
1173 2669 1273 2707 ante
1300 2664 1509 2706 malorum
1526 2688 1597 2707 -.

137 2721 279 2774 Kypk.
301 2721 491 2763 Observa
518 2720 581 2774 ll,
596 2724 718 2774 177.,
756 2722 913 2763 We'neri
932 2734 996 2773 gr.
1016 2735 1059 2777 p.
1080 2721 1182 2762 446.
1202 2726 1246 2761 et
1265 2726 1355 2763 not.
1380 2720 1433 2761 ad
1455 2718 1596 2771 9,25..

136 2776 189 2818 ln
214 2783 331 2819 textu
353 2778 474 2819 hebr.
494 2778 694 2832 gradatio
723 2785 805 2820 est.
863 2776 1011 2818 Primo
1041 2777 1154 2818 enim
1173 2775 1423 2819 chananaei
1450 2774 1597 2834 Εξ-κᾙ

136 2847 217 2876 non
242 2834 419 2888 populus
441 2833 643 2886 Jelmvae,
681 2833 837 2876 deinde
868 2834 936 2892 '233
965 2837 1026 2877 ἠδ
1050 2833 1166 2875 natio
1191 2833 1347 2876 stolida
1375 2839 1601 2876 vocanturc
