1715 3115
133 192 222 234 426
406 189 789 236 EPISTOLA
818 191 921 235 AD
952 191 1317 237 ROMANOS

132 298 215 340 bns
233 309 319 339 non
341 294 473 339 Pauli
492 300 610 338 esset
630 297 851 352 sagacitas
880 301 924 339 et
952 297 1150 340 sollertia
1165 328 1178 349 ‚
1219 312 1273 345 ne
1303 298 1601 355 suspicabatur

130 359 205 396 tm·
225 353 415 410 quidem.
472 353 539 396 At
557 352 731 411 Jesajas
751 355 909 396 sortem
931 368 978 396 se
999 352 1136 396 Paulo
1149 354 1298 410 judice
1315 362 1359 397 et
1379 355 1598 407 audacem,

131 425 184 452 eo
205 410 437 467 praebuit,
467 408 583 465 quod
600 411 711 452 nihil
732 411 787 452 ab
808 410 1075 454 Judaeorum
1092 411 1157 452 ira
1178 417 1373 455 metuens
1399 423 1482 454 non
1511 422 1600 460 sii-p

130 467 220 509 lum
259 466 394 507 multo
432 480 559 521 quam
594 466 745 509 Moses
782 468 978 523 apertius
1007 466 1149 508 Deum
1177 481 1345 510 summo
1373 467 1596 517 beneficio,

128 522 318 576 gentiles
356 528 610 565 ornaturum
645 537 744 565 esse
781 524 1114 580 pronuntiasset
1144 537 1180 563 v.
1208 524 1303 577 20.,
1342 523 1421 566 sed
1451 525 1584 568 etiam

129 593 234 621 suae
255 580 498 621 sententiae
517 580 784 622 intellectum
803 580 1014 637 subjectis
1034 579 1087 621 de
1108 578 1371 625 Judaeorum
1391 580 1481 622 Dei
1507 580 1583 622 be—

127 636 419 676 nevolentiam
458 640 620 678 temere
655 637 954 693 respuentium
991 636 1260 678 contumacia
1296 637 1583 693 querimoniis

125 691 371 748 adjuvisset
398 706 438 735 v.
463 692 552 736 21..
617 693 820 736 Affertur
848 694 879 736 l.
908 692 1001 736 JcS.
1026 693 1149 745 65,1.
1176 694 1245 745 2.,
1284 693 1358 735 uhi
1383 692 1581 738 Jehovah

125 748 255 790 facile
276 762 322 789 se
341 747 394 788 ab
417 749 563 806 impiis
582 749 775 802 Judwis,
805 756 853 791 ut
875 764 997 807 opem
1021 749 1077 790 iis
1106 749 1264 802 ferret,
1301 749 1475 792 exorari
1502 764 1580 806 po-

123 805 266 846 tuisse
289 805 476 854 fatetur,
506 805 544 846 si
566 805 872 862 resipuissent.
932 804 1019 848 Sed
1037 803 1178 847 Paulo
1198 805 1269 846 hic
1295 805 1327 849 1.
1356 805 1580 848 oraculum

120 860 345 903 continere
374 861 566 913 videtur,
605 876 690 917 quo
720 861 845 904 Deus
874 860 1021 919 Jesaja
1051 863 1291 918 interprete
1322 877 1430 904 usus
1458 876 1578 904 sum-

125 931 239 959 mum
262 917 486 969 beatitatis
507 921 746 960 messianae
765 928 1064 960 ornamentum
1096 918 1338 972 gentilibus
1366 918 1578 975 promise-

121 974 184 1016 rit
203 988 242 1017 v.
263 975 334 1016 20.
355 973 447 1017 Jes.
467 975 536 1030 65,
551 977 605 1027 1.,
635 973 791 1017 deinde
804 971 859 1016 'de
873 974 1055 1018 Judaeis
1077 983 1342 1030 conquestus
1365 975 1439 1027 sit,
1461 973 1578 1032 quod

123 1045 248 1072 suum
287 1032 528 1074 messianae
565 1031 788 1074 beatitatis
820 1046 975 1073 munus
1005 1046 1085 1087 per
1112 1032 1423 1073 contumaciam
1453 1045 1577 1089 spre-

121 1087 213 1128 turi
233 1087 323 1128 sint
342 1102 384 1130 v.
404 1088 474 1129 21.
496 1086 590 1131 Jes.
613 1089 751 1139 65‚2..
813 1086 877 1130 Ut
897 1086 947 1131 P.
971 1087 1066 1132 Jes.
1085 1088 1154 1139 65,
1168 1090 1207 1130 1.
1229 1088 1279 1130 de
1295 1087 1474 1130 ethnicis
1502 1087 1580 1143 agi

119 1149 297 1200 putaret
316 1144 444 1185 verba
465 1145 620 1186 secisse
640 1144 863 1196 videntur,
896 1145 1054 1200 quibus
1073 1145 1271 1186 ethnicos
1292 1143 1482 1186 describi
1501 1158 1575 1186 ex-

117 1201 385 1243 istimasset:
415 1194 542 1250 εἶπα,
571 1196 670 1242 ἰδού
693 1199 807 1251 εἶμι,
836 1199 936 1243 ἰδού
960 1198 1077 1253 εἶμι,
1115 1201 1185 1255 τῷ
1210 1196 1390 1249 ἔθνει,
1431 1197 1575 1247 οἵτι-

119 1272 205 1305 νες
227 1255 321 1298 οὐκ
346 1254 611 1298 ἐκάλεσαν
634 1257 690 1299 τὸ
719 1256 890 1309 ὄνομά
911 1273 1014 1308 μου
1041 1257 1193 1309 ''w-'323
1213 1269 1308 1312 ’ξξῖῐ
1324 1269 1413 1312 ὋΞΓΞ
1438 1267 1576 1316 ἛῬέῑῖξ

119 1318 255 1367 τῆς-ιγ’),
281 1312 462 1371 &tp-&⁴:-
493 1327 604 1369 quae
625 1328 739 1357 vocc.
760 1314 828 1356 vel
852 1308 1415 1370 recentioribus'nonnullis
1433 1312 1573 1369 expli-

116 1368 340 1411 catoribus
385 1371 581 1411 fraudem
620 1370 777 1412 fecisse
816 1376 1003 1413 constat.
1075 1369 1173 1426 Qua
1210 1368 1573 1425 interpretatione

115 1427 226 1468 inita
245 1425 340 1469 Jes.
360 1427 484 1477 65‚2.
514 1426 568 1467 ad
586 1426 813 1469 Israelitas
839 1427 1005 1469 referre
1028 1424 1082 1470 P.
1111 1426 1286 1478 debuit,
1326 1425 1365 1466 si
1394 1423 1570 1481 quidem

115 1497 228 1539 quae
254 1482 452 1539 proxime
482 1497 522 1525 v·
541 1483 584 1525 3.
610 1483 654 1526 4.
681 1485 723 1526 7.
755 1483 808 1524 de
837 1483 989 1524 iisdem
1015 1483 1288 1531 hominihus,
1326 1481 1379 1522 de
1409 1481 1572 1537 quibus

115 1553 157 1581 v.
187 1540 230 1582 2.
261 1553 403 1580 sermo
433 1547 523 1589 est,
557 1539 761 1580 dicuntur
787 1545 952 1581 attente
988 1540 1170 1592 legerat.
1245 1536 1448 1580 Retinuit
1475 1539 1571 1595 Ap.

113 1595 247 1636 verba
265 1593 429 1646 LXX„
449 1595 534 1635 nisi
554 1595 667 1650 quod
688 1592 892 1650 ἐγενόμην
911 1609 990 1651 pro
1013 1591 1223 1649 ἐγενήθην
1240 1594 1410 1650 posuit,
1438 1608 1572 1636 mem-

114 1651 241 1692 brum
263 1650 438 1707 Jesajae
461 1651 678 1706 posterius
702 1645 891 1706 εὗρέθην
909 1654 998 1698 τοῖς
1021 1649 1097 1701 ἐμὲ
1124 1647 1184 1705 μὴ
1214 1649 1416 1703 ζητοῦσιν
1443 1650 1570 1707 prius

112 1707 220 1750 fecit
253 1712 297 1749 et
328 1721 368 1749 v.
392 1708 463 1748 21.
500 1703 604 1761 ὅλην
632 1704 709 1761 τὴν
734 1701 898 1760 ἡμέραν
927 1705 1169 1756 ἐξεπέτασα
1202 1703 1282 1754 τὰς
1306 1705 1455 1759 χεῖράς
1480 1721 1568 1759 μου

113 1763 230 1820 πρὸς
250 1788 304 1794 —
323 1778 401 1819 pro
421 1761 661 1811 ἐξεπέτασα
680 1761 756 1811 τὰς
771 1761 920 1817 χεῖράς
935 1777 1022 1814 μου
1045 1758 1151 1816 ὃλην
1170 1761 1247 1815 τήν
1268 1759 1432 1816 ἡμέραν
1454 1759 1569 1817 πρὸς

112 1844 168 1851 —-
186 1819 381 1875 scripsit.
436 1818 630 1860 Membra
653 1817 837 1860 Paulum
866 1818 1219 1873 transposuisse,
1261 1816 1377 1873 quod
1404 1831 1566 1860 meino-

111 1877 220 1920 riter
236 1877 377 1917 locum
398 1875 600 1927 citasset,
631 1874 677 1917 S,
701 1875 760 1918 V.
782 1874 956 1916 Gesenio
977 1873 1030 1915 ad
1051 1872 1145 1917 Jes.
1163 1873 1287 1924 65‚1.
1305 1887 1389 1915 non
1415 1887 1569 1916 conce-

111 1933 272 1975 dimus.
335 1931 444 1973 Nam
470 1945 597 1972 versu
629 1929 800 1987 quidem
824 1931 894 1972 21.
926 1931 1124 1972 consulto
1153 1944 1191 1972 v.
1221 1925 1327 1984 ὅλην
1353 1929 1430 1984 τὴν
1455 1925 1568 1985 ἡμέ-

111 2005 194 2044 ραν
220 1989 357 2045 primo
387 1989 419 2031 l.
447 1989 699 2038 collocavit,
742 1991 790 2028 ut
817 1987 936 2028 notio
964 2000 1042 2038 per
1066 1990 1204 2027 totum
1229 1986 1364 2037 diem,
1401 1999 1568 2039 semper

110 2047 392 2101 praecipuum
424 2044 593 2100 pondus
621 2043 853 2099 acciperet.
925 2042 998 2084 Sic
1029 2041 1158 2083 etiam
1188 2055 1228 2084 v·
1256 2042 1328 2084 20.
1359 2040 1412 2082 de
1439 2042 1566 2082 indu-

111 2102 224 2144 stria
247 2102 533 2143 membrorum
555 2099 750 2141 ordinem
773 2099 952 2140 invertit
972 2098 1101 2154 eique
1123 2096 1314 2154 priorem
1335 2098 1475 2138 locum
1495 2111 1567 2138 as-

111 2159 327 2211 signavit,
375 2156 488 2212 quod
525 2163 704 2212 propter
737 2155 938 2213 majorem
967 2153 1323 2211 perspicuitatem
1353 2153 1564 2195 lectorum

109 2215 279 2256 animos
300 2213 440 2265 magis
466 2213 619 2254 feriret
640 2212 982 2267 documentoque
1013 2217 1158 2260 esset,
1196 2214 1358 2267 quanta
1385 2208 1563 2265 Jesajae

109 2270 291 2312 audacia
319 2270 476 2310 suisset
504 2264 714 2325 (εὑρέ-θην
736 2268 829 2315 τοῖς
858 2265 934 2319 ἐμὲ
959 2266 1019 2321 μὴ
1051 2266 1299 2320 ζητοῦσιν),
1343 2267 1562 2322 posterio-

108 2341 200 2369 rem
219 2327 359 2368 locum
378 2325 419 2366 ei
443 2324 585 2376 dedit,
624 2321 740 2379 quod
765 2323 908 2364 minus
935 2323 1155 2363 luculente
1183 2320 1358 2387 eandem
1387 2326 1562 2362 senten-

108 2384 215 2424 tiam
241 2383 507 2438 exprimeret
533 2378 751 2435 (ἐμφανὴς
778 2375 986 2433 ἐγενόμην
1011 2379 1104 2426 τοῖς
1131 2375 1207 2428 ἐμὲ·
1233 2392 1294 2431 μη
1321 2375 1560 2433 ἐπερωτῶ-

111 2444 216 2490 σιν).
275 2436 463 2492 εὖρέῧην
498 2440 591 2484 τοῖς
626 2435 702 2488 ἐμὲ
728 2433 786 2489 μὴ
819 2435 1045 2490 ζητοῦσιν]
1083 2438 1394 2485 repertus-mm
1423 2432 1476 2474 ab
1506 2433 1561 2475 iis

110 2494 183 2550 qui
199 2509 264 2536 me
279 2508 358 2535 non
377 2497 586 2549 quaerunt
606 2491 646 2531 h.
667 2505 706 2534 e.
730 2490 866 2532 Paulo
888 2491 1128 2546 interprete
1154 2488 1302 2529 favore
1333 2489 1559 2544 amplexus

109 2565 205 2592 sum
234 2553 379 2603 (qmcm
406 2549 662 2589 messianum
689 2546 943 2603 felicitatem
971 2546 1024 2587 iis
1050 2544 1220 2596 darem)
1242 2543 1442 2599 yentiles,
1482 2544 1559 2600 qui

111 2620 178 2647 me
195 2619 279 2648 non
299 2605 552 2659 implorant.
610 2603 702 2657 (De
719 2602 851 2644 rebus
870 2601 1052 2655 agendis
1071 2599 1197 2656 quasi
1217 2599 1326 2640 actis
1347 2599 1471 2641 Deus
1491 2601 1558 2641 lo-

111 2661 283 2718 quitur,
321 2665 370 2701 ut
387 2665 507 2701 vates
528 2659 696 2708 solent,
733 2657 810 2714 qui
837 2658 985 2699 futura
1012 2657 1228 2698 nuntiant.
1286 2654 1401 2697 Hinc
1423 2655 1558 2698 Aori-

108 2718 207 2772 sti.)
264 2714 433 2772 Nempe
458 2714 635 2769 ζητοῦσι
648 2714 724 2756 τὸν
742 2710 852 2755 θεόν
872 2714 946 2769 qui
965 2713 1053 2755 Dei
1072 2711 1284 2754 (auxilium
1310 2711 1557 2764 implorant,

110 2771 363 2828 εὑρίσκουσι
384 2768 460 2813 τὸν
476 2766 584 2810 θεόν
603 2770 673 2825 qui
685 2771 869 2824 petitam
888 2769 972 2810 Dei
995 2780 1146 2823 pacem
1171 2766 1388 2809 inveniunt
1414 2771 1456 2809 et
1472 2767 1559 2809 Dea·

115 2828 304 2886 favorem
321 2827 402 2871 sibi
417 2825 666 2880 conciliant,
696 2829 742 2868 ut
768 2825 999 2880 propitium
1016 2823 1157 2866 Deum
1187 2820 1372 2865 habeant
1393 2821 1558 2868 Ierem-
