1715 3115
225 239 311 284 452
507 237 1413 290 EPISTOLAAD-ROMANOS
1469 296 1473 301 ,

223 346 445 389 excaecati
471 349 586 388 sunt.
652 343 877 401 Legerunt
903 341 1206 402 ἔπηρώθησαν
1235 360 1330 390 cum
1357 349 1428 395 66.
1457 350 1538 404 θ’,
1574 365 1687 408 quae

223 417 263 445 v.
285 416 415 459 saepe
434 414 457 442 a
478 401 637 443 scribis
656 403 834 444 confusa
857 409 956 444 sunt
977 403 1053 457 (ct.
1074 417 1114 444 v.
1134 416 1172 446 c.
1190 402 1289 447 Joh.
1305 407 1415 458 17‚7.
1436 421 1528 451 var.
1546 408 1686 462 lect.),

223 459 310 500 nisi
341 459 454 500 forte
486 472 602 502 voce.
633 473 672 502 v,
702 459 746 503 8.
779 457 1046 514 ὀφθαλμοὺς
1073 459 1152 500 τοῦ
1179 459 1240 515 μὴ
1278 461 1462 513 βλέπειν
1497 467 1684 509 contuiti

221 515 353 557 verbo
373 512 553 569 πωρόω,
577 515 690 571 quod
713 530 735 556 a
759 516 910 571 πωρός
927 529 1090 566 caecus,
1112 529 1214 557 voce
1235 524 1281 558 ut
1302 517 1475 561 videtur
1495 535 1517 561 a
1538 535 1683 576 grani-

221 572 391 613 maticis
415 571 539 624 ficta,
569 571 821 625 duxissent,
859 571 1123 614 excaecanda·
1154 576 1411 628 potestatem
1441 590 1536 618 cum
1566 582 1682 620 vete-

220 628 343 669 ribus
380 628 686 683 grammaticis
707 628 971 670 affinxerunt
1000 628 1072 682 (v.
1107 631 1197 671 not.
1234 629 1287 669 ad
1316 629 1453 676 Mare.
1494 647 1534 690 p.
1561 633 1632 677 78.
1647 635 1681 690 ).

220 684 384 728 Suidas
405 681 579 740 πωρός,
620 679 644 726 ὁ
671 685 859 740 τυφλός.
898 683 1193 738 πεπώρωται,
1227 683 1520 743 τετύφλωται.
1586 689 1680 733 He-

217 742 341 798 sych.
360 738 707 797 πεπωρωμένοι,
728 766 784 773 -
807 737 1150 794 τετυφλωμένοι.

330 797 388 841 V.
426 797 470 840 8.
539 795 693 846 καθώς
726 794 990 852 γέγραπται]
1037 795 1201 838 citavit
1238 797 1332 854 Ap.
1371 798 1507 844 Deut.
1544 801 1614 855 20,
1631 803 1678 849 4.

216 853 366 898 LXX.
385 854 458 896 καὶ
478 850 556 896 οὐκ
573 850 710 894 ἔδωκε
727 851 878 907 κύριος
900 848 997 904 ὑμῖν
1016 851 1199 905 καρδίαν
1219 851 1384 896 εἰδέναι
1403 857 1475 898 καὶ
1493 855 1679 912 ὀφθαλ-

213 911 323 964 μοὺς
341 909 524 962 βλέπειν
542 911 614 951 καὶ
634 903 724 967 ὦτα
744 904 920 950 ἀκούειν
945 905 1028 957 ἕως
1054 907 1133 963 τῆς
1163 903 1328 965 ἡμέρας
1351 908 1514 968 ταύτης
1543 912 1592 956 ea
1621 915 1679 956 li-

213 968 355 1009 centizi
377 965 542 1018 sumta,
574 979 685 1022 quae
712 979 736 1007 e
763 965 894 1008 libris
925 979 962 1006 s.
995 966 1317 1018 argumentanti
1346 970 1437 1009 tum
1465 971 1677 1027 temporis

212 1039 235 1064 a
259 1023 429 1065 nemine
452 1036 535 1064 non
556 1035 761 1064 concessa
782 1026 866 1065 est.
925 1020 1039 1063 Nam
1063 1036 1192 1076 quum
1215 1022 1362 1066 Moses
1380 1024 1522 1066 Deum
1558 1041 1676 1069 men-

211 1087 297 1122 tem
318 1080 373 1122 ad
393 1079 752 1134 intelligendum,
781 1078 931 1121 oculos
952 1077 1005 1118 ad
1027 1077 1257 1120 videndum
1286 1085 1331 1120 et
1358 1093 1487 1123 aures
1515 1081 1570 1124 ad
1597 1097 1675 1125 au-

209 1136 415 1179 diendum
437 1135 660 1177 Israelitis
680 1149 818 1191 usque
839 1133 894 1176 ad
917 1133 1026 1175 illud
1052 1138 1224 1191 tempus
1252 1134 1429 1178 dedisse
1455 1144 1676 1193 negasset,

209 1192 264 1236 P.
284 1208 307 1234 e
327 1198 514 1246 negante
536 1193 754 1234 sententia
777 1192 1064 1233 affirmantem
1082 1191 1186 1233 fecit
1205 1205 1362 1248 resque
1381 1194 1542 1250 posuit,
1564 1210 1674 1252 quas

209 1249 335 1293 Deus
378 1249 435 1291 iis
472 1263 612 1305 usque
649 1248 790 1290 adhuc
821 1247 1136 1305 impertivisset
1167 1248 1359 1301 (πνεῦμα
1386 1248 1670 1302 κατανύξεως,

209 1304 477 1362 ὀφθαλμοὺς
492 1306 572 1347 τοῦ
587 1302 647 1359 μή
669 1305 852 1357 βλέπειν
873 1305 947 1346 καὶ
967 1298 1056 1345 ὦτα
1071 1304 1150 1346 τοῦ
1173 1300 1237 1360 μή
1266 1302 1474 1359 ἀκούειν),
1534 1306 1671 1350 Prae-

207 1370 355 1414 terea,
393 1367 442 1404 ut
468 1362 591 1404 locus
621 1362 784 1403 allatus
816 1375 905 1403 rem
937 1360 1190 1402 firmandam
1220 1361 1549 1418 comprobaret,
1587 1377 1668 1420 pro

207 1418 352 1461 verbis
374 1416 557 1474 καρδίαν
576 1415 741 1459 εἰδέναι
761 1431 813 1459 ex
843 1415 936 1460 Jes.
967 1416 1118 1467 29‚10.
1148 1415 1300 1460 LXX.
1327 1414 1397 1459 ὅτι
1426 1416 1668 1461 πεπότικεν

205 1470 319 1527 ὑμᾶς
340 1470 491 1526 κύριος
509 1471 787 1524 πνεύματι
815 1469 1164 1521 κατανύξεως
1192 1472 1423 1514 substituit
1452 1474 1668 1528 πνεῦμα

206 1527 520 1578 κατανυ’ξεω
534 1543 566 1578 ς.
627 1527 744 1570 Nam
766 1526 1107 1570 IsraelitasDeo
1131 1532 1329 1583 auctore,
1353 1533 1400 1569 ut
1421 1535 1545 1572 vetus
1566 1545 1667 1574 ora-

203 1587 347 1627 culum
370 1584 688 1642 portendisset,
720 1585 976 1626 occalluisse
1005 1598 1089 1625 non
1117 1583 1156 1624 si
1184 1584 1339 1639 pinque
1364 1591 1408 1626 et
1435 1586 1551 1641 quod
1580 1601 1665 1629 non

202 1642 478 1693 intelligeret
497 1641 708 1695 inyem'um
735 1639 916 1691 (ἔδωκεν
940 1638 1090 1689 αὐτοῖς
1121 1635 1144 1680 ὃ
1170 1640 1279 1688 θεὸς
1308 1641 1539 1695 καρδίαν
1563 1645 1666 1693 τοῦ

201 1697 267 1752 μὴ
288 1713 308 1740 ε
321 1695 335 1739 ἶ
349 1697 375 1738 d
385 1697 522 1750 έναι)
535 1727 545 1744 ,
578 1696 653 1737 sed
673 1697 710 1738 si
727 1696 889 1738 malum
908 1696 1154 1737 daemonem
1170 1696 1225 1737 iis
1243 1696 1448 1752 dedisset,
1477 1700 1548 1753 qui
1567 1704 1663 1742 tor-

197 1768 345 1810 porem
362 1766 503 1794 eorum
530 1752 686 1793 animis
713 1752 921 1794 incuteret
947 1752 1137 1802 (πνεῦμα
1166 1750 1458 1802 κατανύξεως,
1493 1754 1663 1809 18,15.)

200 1810 397 1852 effectum
419 1813 529 1851 erat.
587 1807 693 1849 Loci
714 1806 809 1851 Jes.
827 1809 921 1859 6,9‚
945 1808 1015 1850 10.
1043 1807 1208 1848 nullam
1235 1822 1420 1864 prorsus
1449 1811 1661 1855 rationem

200 1865 254 1911 P.
274 1865 402 1908 duxit
422 1865 592 1919 (lietzo,
623 1863 770 1915 Grot„
796 1862 1032 1907 Surenhm.
1061 1862 1094 1906 l.
1113 1877 1150 1906 c.
1183 1876 1227 1919 p.
1247 1864 1374 1917 499„
1403 1865 1544 1920 Kopp.
1563 1868 1662 1922 aL).

199 1922 355 1980 Neque
378 1921 408 1962 ii
429 1935 510 1963 non
534 1924 761 1972 errarunt,
792 1920 868 1976 qui
889 1917 1075 1961 Paulum
1095 1920 1139 1961 in
1161 1919 1255 1964 JeS.
1274 1920 1426 1973 29,10.
1453 1922 1660 1970 intuitum

197 1994 278 2038 pro
312 1978 535 2019 vocabulis
572 1973 643 2019 ὅτι
673 1973 913 2018 πεπότικεν
938 1972 1051 2027 ὑμᾶς
1082 1973 1235 2031 κύριος
1271 1974 1488 2030 πνεύματι
1518 1993 1659 2022 κατα-

195 2035 357 2086 νύξεως
375 2035 497 2075 salva
522 2034 739 2075 sententie
764 2030 967 2074 ἔδωκεν
993 2028 1140 2080 αὐτοῖς
1159 2027 1182 2073 ὁ
1201 2030 1312 2082 θεὸς
1329 2034 1502 2086 πνεῦμα
1519 2050 1659 2077 κατα-

194 2091 355 2142 νύξεως
377 2090 612 2148 scripsisse
632 2093 842 2146 putarunt
866 2089 1038 2142 (Grot.‚
1066 2086 1252 2131 Sur-enh.
1281 2103 1326 2145 p.
1352 2089 1455 2132 498.
1483 2090 1658 2145 Rueck„

194 2147 340 2190 Reicle.
363 2148 458 2202 aL).
517 2144 631 2187 Nam
662 2141 824 2186 ἔδωκεν
843 2145 936 2201 Ap.
966 2157 1018 2185 ex
1042 2142 1180 2186 Dent.
1206 2145 1341 2196 29,4.‚
1361 2144 1485 2187 duxit
1515 2160 1656 2203 neque

194 2219 208 2245 ε
227 2204 429 2259 uidqunm
451 2217 504 2243 ex
516 2201 543 2246 J
546 2217 610 2245 es.
626 2202 771 2252 29,10.
793 2200 971 2257 repetiit
991 2205 1168 2255 praeter
1186 2199 1358 2252 πνεῦμα
1372 2198 1657 2254 κατανύξεως.

192 2218 324 2301 ἑουᾶ
346 2258 475 2301 dubie
499 2263 643 2300 autem
664 2256 717 2301 P.
737 2256 891 2299 Mosen
918 2256 1000 2308 iis,
1039 2269 1149 2311 quae
1177 2254 1314 2299 Deut.
1339 2255 1464 2309 29,4.
1492 2271 1655 2315 aequa·

189 2316 309 2357 libus
333 2316 426 2357 suis
448 2315 590 2357 Deum
621 2313 862 2367 denegasse
888 2311 1102 2364 dixisset,
1139 2311 1271 2353 simul
1296 2320 1549 2356 ornamenta
1575 2316 1653 2357 ob-

189 2373 311 2428 lique
332 2371 607 2426 significasse
626 2370 818 2412 Messiae
839 2373 983 2410 aetate
1005 2366 1228 2410 Israelitis
1255 2368 1300 2411 in
1326 2367 1498 2412 delectu
1524 2385 1652 2428 prae,-

190 2429 337 2470 teritis
357 2442 379 2469 a
408 2428 503 2468 Deo
526 2441 609 2469 non
629 2423 901 2468 concedenda
924 2424 1111 2482 putavit.
1172 2423 1284 2466 Nam
1303 2424 1441 2468 Deut.
1459 2427 1530 2479 29,
1542 2427 1585 2471 4.
1604 2433 1650 2471 et

187 2483 267 2528 Ps.
287 2485 358 2537 69,
369 2485 439 2527 23.
457 2483 529 2526 24.
550 2498 629 2541 pro
649 2482 840 2524 oraculis
862 2480 1105 2523 afferuntur
1124 2494 1175 2522 eo
1204 2479 1260 2522 ad
1286 2486 1484 2524 eventum
1512 2482 1650 2526 addu-

187 2540 292 2593 ctis,
333 2540 448 2596 quod
478 2539 601 2581 Deus
631 2538 760 2581 Pauli
787 2537 1056 2593 temporibus
1084 2535 1386 2578 israelitarum
1415 2551 1498 2580 non
1527 2538 1648 2582 dele-

185 2601 352 2639 ctorum
372 2597 540 2638 animos
562 2595 808 2637 obstinatos
826 2592 1093 2635 reddidisset
1114 2595 1175 2644 (v,
1193 2592 1236 2636 8.
1257 2616 1313 2623 --
1333 2595 1438 2650 10.).
1501 2595 1645 2638 Theo-

183 2652 435 2708 phylactus:
467 2677 520 2683 -
540 2648 702 2693 ἔδωκεν
726 2647 750 2692 ὅ
774 2648 910 2700 θεὸς,
948 2647 1043 2691 ἀντὶ
1068 2649 1151 2691 τοῦ
1180 2646 1520 2705 κατέλειψεν
1546 2647 1645 2694 αὐα-

183 2707 312 2758 τούς
338 2705 486 2759 ἔχειν
508 2709 679 2758 πνεῦμα
704 2703 996 2755 κατανύξεως,
1028 2702 1422 2760 συνεχώρησεν,
1452 2703 1643 2762 ἀφῆκε.

183 2763 308 2806 Idem
345 2764 511 2821 placuit
550 2763 859 2815 chrysostomo,
909 2761 1070 2803 Isidoro
1110 2759 1251 2802 Pelas.
1291 2758 1315 2801 I
1324 2761 1380 2806 V.
1418 2775 1489 2819 ep.
1530 2763 1643 2816 101„

188 2821 467 2871 Thwdorew,
503 2818 629 2860 schol.
650 2817 838 2866 Mami..
876 2817 1034 2860 Snidcee
1061 2829 1099 2859 ε.
1131 2830 1169 2859 v.
1201 2818 1447 2872 κατανυγῶ,
1486 2817 1641 2872 clario,

183 2876 364 2932 Zeqcro‚
392 2875 583 2929 Koppe'o,
614 2874 775 2927 Flatw,
804 2871 932 2916 More
952 2878 996 2915 et
1015 2870 1165 2915 multis
1187 2872 1306 2919 aliis.
1364 2876 1432 2918 At
1454 2874 1530 2930 qui
1548 2874 1640 2931 spi-
