1715 3115
467 153 555 196 CA
577 151 626 196 Ρ.
661 151 719 195 Χ.
759 150 850 197 Ve.
882 153 926 194 9.
957 178 1011 184 —
1045 153 1142 198 lt..
1441 151 1529 196 403

60 261 302 304 arbitratus
336 259 443 300 hano
470 260 806 316 explicationem
841 258 963 301 iniit:
1001 259 1074 313 qni
1100 259 1216 301 dives
1239 261 1305 301 est
1332 257 1528 300 omnibus

59 320 137 370 tis,
182 317 254 374 qni
281 322 364 359 etc.
395 315 521 371 cnjus
549 317 724 358 divitiae
751 329 894 357 omnes
923 315 952 355 ἱὶ
981 321 1104 362 sunl,
1150 316 1222 371 qni
1249 321 1351 359 etc..
1426 313 1522 356 Non

60 387 169 428 nego
191 373 418 430 equidem,
448 374 635 427 potuisse
659 373 737 414 hoc
758 387 888 413 sensu
920 371 1126 412 πλουτεῖν
1152 369 1216 420 εἴς
1245 387 1288 414 τι
1318 371 1524 429 usurpari

57 432 135 487 (cf.
160 429 345 485 ζημιοῦν
364 445 462 471 τινα
481 425 542 479 εἴς
563 445 603 470 τι
623 431 805 486 aliquem
826 432 1020 481 respectu
1040 428 1117 479 rei,
1136 442 1263 484 ‘luam
1283 429 1323 470 ei
1340 429 1525 480 adimas,

57 488 268 530 mulctare
298 487 330 531 i.
370 500 414 542 q.
449 486 634 541 aliquem
669 500 717 528 re
754 485 979 527 mulctare.
1050 483 1149 527 vid.
1195 483 1411 528 Persaeus
1449 499 1523 543 ap.

56 544 227 587 Athen.
261 542 462 596 1V‚1⁴0.
495 542 546 585 F.
575 544 647 584 καὶ
679 538 817 591 εὐθὺς
843 539 948 589 τοῦς
970 540 1051 593 μὲν
1080 537 1301 598 εὐπόρους
1332 540 1525 597 ζημιοῖ

58 598 144 649 εἰς
181 597 498 650 tacitam).
549 598 624 640 sed
665 599 878 639 neminem
921 597 1116 654 reperire
1150 599 1318 655 potui,
1347 600 1422 655 qni
1458 600 1520 642 ita

57 657 268 713 loquutus
308 657 384 700 sit.
463 656 623 710 Quam(
641 670 737 696 nam
781 660 983 695 contexta
1036 656 1180 697 oratio
1222 655 1524 710 Die-ophylacti

55 720 346 755 commentum
378 714 564 782 respuit.
625 671 830 755 l’ostulat
858 712 971 752 enim
1002 726 1040 755 v.
1071 712 1165 765 13„
1203 726 1289 769 qno
1323 726 1452 755 versu
1480 727 1523 758 V.

56 785 96 815 v.
119 771 186 813 12.
206 771 407 812 πλουτῶν
427 786 491 818 εις
510 767 677 820 πάντας
696 785 732 810 τ.
754 767 786 811 ἑ.
809 766 942 810 αὐτόν
964 770 1088 810 sacra
1112 783 1212 811 voce
1223 769 1522 812 communiun-

55 835 152 880 tur,
181 832 229 868 ut
252 827 331 868 hoc
356 826 539 870 Paulum
563 840 601 868 v.
630 829 696 871 12.
716 825 883 867 dixisse
901 825 1210 871 concedamus:
1239 833 1327 868 tam
1351 828 1522 884 amplas

55 883 282 927 Christum
303 898 409 941 opes
432 883 656 941 possidere
671 916 683 935 ,
713 888 761 925 ut
783 881 926 924 danda
947 882 1163 925 felicitate
1183 883 1362 926 aeterna
1382 884 1522 926 omni-

57 941 139 982 bus
182 940 239 981 iis
275 941 533 983 satisfacere
575 940 741 998 possit,
787 939 863 998 qui
901 952 999 981 eum
1040 940 1258 986 invocent.
1327 939 1521 983 Perraro

58 998 220 1040 Graeci
251 996 458 1040 dixerunt
486 996 712 1041 ἐπικαλεῖν
737 999 842 1047 τούς
867 994 1007 1046 θεούς
1037 996 1303 1048 (Herodian.
1333 998 1520 1053 7‚4‚1.)‚

56 1053 318 1112 saepissime
353 1053 673 1096 ἐπικαλεῖσθαι
707 1053 811 1103 τούς
849 1052 988 1103 θεούς
1023 1054 1166 1106 (Xen.
1195 1054 1302 1112 Cyr.
1340 1056 1520 1108 7,1,l7.

56 1109 216 1166 Polyb.
242 1112 307 1163 15,
323 1110 460 1166 1‚13.)
492 1111 685 1153 invocare
713 1109 826 1164 (Cic.
848 1109 906 1152 D.
930 1110 989 1154 N.
1010 1110 1071 1154 D.
1094 1110 1238 1158 1L26,
1265 1111 1338 1156 68.
1357 1137 1412 1144 -
1434 1111 1520 1157 Ju-

56 1181 210 1209 nonem
233 1167 442 1208 Lucinam
466 1168 508 1208 in
534 1166 741 1222 pariendo
763 1168 976 1209 invocant.
1021 1167 1120 1210 Liv.
1142 1169 1270 1222 l,9.)‚
1288 1168 1521 1223 implorare

57 1224 189 1266 Deos.
233 1222 285 1265 In
309 1224 438 1265 libris
457 1239 494 1265 s.
516 1223 716 1280 loquutio
737 1221 1055 1265 ἐπικαλεῖσθαι
1074 1222 1149 1266 τὸν
1168 1222 1321 1279 κύριον
1339 1226 1386 1279 (l
1406 1224 1519 1279 Reg-

56 1281 208 1332 17,21.
241 1281 431 1338 .·.'2=7-'::53
463 1283 568 1336 κῇ)
599 1280 801 1322 Jehovam
829 1280 1024 1321 invocare
1050 1284 1095 1321 et
1120 1278 1441 1324 ἐπικαλεῖσθαι
1465 1279 1518 1323 τὰ

56 1329 196 1389 ἷὶνομα
224 1334 377 1392 κυρίόυ
398 1331 648 1392 (Joel.⁷3,5.
681 1340 788 1394 ,Ἶῇτιξ
822 1341 910 1391 ²²52?-
938 1350 1020 1395 &213
1051 1337 1253 1380 invocare
1283 1352 1359 1389 en,
1399 1338 1517 1395 quod

54 1392 246 1437 Jehovae
277 1408 430 1435 nomen
460 1395 737 1450 pronunties)
768 1393 892 1434 valde
921 1393 1241 1449 frequentatur.
1313 1395 1374 1440 H.
1402 1397 1434 1440 l.
1464 1396 1520 1437 de

55 1450 112 1491 iis
136 1464 281 1492 sermo
302 1455 394 1503 est,
425 1452 500 1508 qui
522 1451 732 1493 Christum
754 1449 970 1493 invocent.
1029 1450 1168 1506 Quem
1189 1451 1244 1492 ab
1268 1450 1518 1494 hominibus

53 1506 210 1551 christ.
227 1512 271 1548 et
294 1512 385 1549 tum
406 1507 615 1564 temporis
635 1507 879 1548 invocatum
901 1520 999 1547 esse
1015 1511 1144 1559 (Act.
1164 1509 1205 1559 9,
1223 1509 1292 1553 14.
1311 1510 1382 1553 21.
1401 1511 1517 1560 259.

52 1565 206 1615 2216.
232 1566 253 1605 l
275 1564 377 1609 Cor.
399 1566 514 1619 l,2.)
533 1571 576 1606 et
596 1563 833 1605 etiamnum
861 1564 1051 1605 invocari
1082 1570 1269 1609 constat.
1325 1566 1516 1609 Duobus

56 1621 193 1673 igitur
224 1622 519 1674 argumentis,
559 1627 605 1663 ut
635 1635 766 1678 supra
801 1619 1009 1672 indicavi,
1053 1622 1299 1677 promiscue
1326 1622 1518 1667 Judaeos

56 1683 99 1718 et
121 1678 307 1731 gentiles
329 1679 368 1720 si
391 1678 516 1719 {idem
543 1678 774 1720 habuerint
796 1677 917 1718 beari
941 1675 990 1720 P.
1015 1679 1092 1718 hoc
1114 1692 1176 1721 vs,
1197 1678 1338 1724 docet.
1399 1680 1514 1723 Nam

58 1734 137 1775 hoc
159 1740 247 1775 tnm
269 1750 321 1777 ex
349 1749 399 1776 eo
427 1736 599 1776 elucere
625 1735 756 1787 dicit,
796 1733 910 1790 qnod
944 1733 1057 1776 idem
1087 1733 1292 1778 Christus
1323 1738 1513 1779 omnium

58 1790 277 1832 hominum
315 1790 516 1833 dominns
546 1793 630 1843 sit,
677 1797 724 1833 ut
756 1806 851 1833 eum
883 1805 1076 1848 paganos
1104 1805 1187 1833 non
1214 1793 1357 1834 minus
1387 1808 1515 1850 qnam

55 1846 248 1890 Judaeos
270 1847 399 1888 beare
419 1849 519 1889 velle
537 1853 872 1889 consentaneum
895 1848 978 1897 sit,
1009 1853 1099 1889 tum
1119 1862 1170 1889 ex
1192 1847 1271 1890 hoc
1290 1863 1517 1904 emergere

58 1903 305 1956 contendit,
349 1903 463 1958 quod
495 1910 581 1944 tam
616 1905 850 1959 opulentus
874 1903 1079 1946 Christus
1109 1904 1191 1956 sit,
1238 1909 1288 1947 ut
1324 1908 1516 1949 omnibus

59 1960 136 2016 qui
173 1975 269 2002 eum
308 1959 391 2001 fide
433 1960 579 2002 habita
608 1960 830 2011 invocent,
878 1973 961 2000 non
990 1966 1157 2002 tantum
1185 1960 1394 2016 Iudaeis,
1435 1963 1515 2006 sed

58 2017 191 2059 etiam
213 2017 396 2072 paganis
419 2022 639 2058 aeternam
661 2017 913 2058 felicitatem
934 2017 1089 2070 largiri
1107 2019 1256 2071 possit.
1299 2018 1516 2063 Rueck-er-

57 2077 128 2116 ius
150 2089 191 2130 p.
209 2076 309 2118 481.
332 2088 442 2130 quae
467 2072 516 2116 P.
541 2074 634 2117 h.1.
660 2073 773 2114 dixit
802 2072 857 2114 iis
886 2073 1060 2114 minime
1092 2087 1363 2131 repugnare,
1402 2091 1515 2132 quae

58 2129 113 2172 de
142 2131 285 2172 salute
316 2130 537 2172 nonnullis
567 2135 731 2171 tantum
762 2130 1008 2172 hominibus
1038 2130 1162 2172 fatali
1200 2133 1462 2174 necessitate
1488 2149 1515 2176 a

58 2186 157 2229 Deo
197 2187 371 2229 decreta
410 2188 506 2239 ÷›,7.
546 2201 645 2243 sqq.
686 2187 924 2243 disputavit
957 2186 1186 2230 ostendere
1217 2196 1400 2231 conatus
1430 2197 1515 2236 est.

57 2242 173 2286 Nam
199 2242 383 2286 Paulum
402 2244 498 2288 h.1.
517 2243 717 2285 omnibus
739 2245 812 2301 qui
827 2244 1050 2287 Christum
1074 2245 1274 2287 invocent
1291 2251 1366 2288 ant
1385 2245 1516 2290 fidem

60 2300 102 2342 ei
120 2300 398 2359 adjunxerint
417 2303 479 2355 (v.
506 2301 619 2355 14.)‚
650 2301 741 2343 sive
771 2299 927 2345 Judaei
955 2301 1045 2343 sint
1071 2301 1163 2343 sive
1190 2302 1404 2358 gentiles,
1440 2317 1515 2345 ae-

60 2362 228 2400 ternam
258 2360 389 2399 vitam
418 2358 702 2414 portendere3
740 2358 879 2400 videri
908 2365 1052 2400 autem
1083 2373 1179 2400 eum
1214 2359 1292 2400 boc
1320 2359 1407 2401 sibi
1438 2374 1514 2402 vo-

59 2413 224 2467 luisse,
260 2429 343 2457 non
376 2429 506 2472 posse
537 2414 662 2456 iidem
683 2414 861 2458 Christo
889 2414 1049 2457 habere
1075 2429 1260 2473 eumque
1291 2416 1360 2473 pie
1392 2416 1513 2458 invo-

61 2469 185 2525 care,
215 2473 300 2514 nisi
324 2487 433 2528 quos
458 2472 607 2513 fatalis
638 2472 876 2515 necessitas
907 2471 960 2512 ad
994 2471 1118 2513 tidem
1142 2471 1320 2515 Christo
1350 2472 1514 2516 haben-

7 2575 13 2583 ,
60 2526 157 2569 dam
194 2530 476 2585 compulisset
505 2530 627 2575 9.18.
655 2543 771 2586 sqq..
844 2528 1020 2570 Erravit
1052 2528 1327 2574 Rueclwrtus.
1399 2529 1511 2573 Nam

62 2585 195 2627 missa
219 2586 337 2628 tristi
358 2587 434 2628 illa
457 2585 507 2626 de
530 2586 642 2637 sato,
680 2584 793 2642 quod
816 2586 927 2628 alios
959 2585 1155 2626 homines
1186 2584 1311 2627 sidem
1333 2585 1512 2630 Christo

62 2641 323 2698 adjungere,
354 2644 465 2684 alios
488 2642 700 2693 denegare
721 2649 870 2696 cogat,
900 2641 1221 2698 disputatione,
1251 2647 1343 2685 toto
1373 2644 1453 2685 hoc
1482 2644 1513 2689 Ι,

62 2699 276 2743 hominum
312 2714 335 2740 a
376 2699 460 2741 tide
491 2700 816 2742 abhorrentium
846 2701 1012 2754 culpam
1044 2712 1139 2739 esse
1166 2697 1279 2756 qnod
1308 2714 1390 2742 non
1417 2714 1513 2741 cre-

63 2756 192 2808 dant,
223 2770 306 2798 non
325 2757 414 2799 Dei
438 2757 643 2814 explicat.
708 2757 896 2800 Potuisse
923 2757 1032 2797 enim
1066 2755 1192 2797 tidem
1223 2756 1381 2798 animis
1411 2771 1512 2801 cou-

2 2813 23 2867 ᾗ
62 2816 235 2870 cipere,
264 2815 341 2856 sed
359 2815 403 2855 id
423 2813 565 2856 tacere
589 2814 769 2857 »noluisse
786 2814 910 2868 9,32.
933 2813 998 2865 10,
1012 2814 1143 2914 'labem
1164 2814 1242 2894 ,HL
1264 2814 1353 2858 21..

1103 2885 1124 2911 G
1153 2895 1182 2911 u
