1715 3115
166 176 251 218 272
445 176 818 222 EPISTOLA
851 179 952 222 AD
986 177 1348 224 ROMANOS

164 288 209 323 et
236 281 374 334 inagis
404 283 661 339 expolienda
694 289 738 325 et
765 284 1009 333 accuratius
1031 284 1272 336 fundanda,
1313 283 1439 341 quam
1463 285 1620 329 hucus÷

165 353 180 379 (
199 352 249 379 ue
270 339 427 379 sactum
447 347 530 381 est.
588 338 773 380 Πάντων
791 354 874 382 non
890 341 1099 383 Neutrum
1120 342 1404 397 estfflrasm„
1434 341 1622 395 Koelln„

195 395 332 446 ἦγχον.
364 395 422 437 al.
455 396 526 451 qui
551 396 740 437 omnibus
766 397 889 439 rebus
916 403 1090 454 praeest
1120 397 1244 439 Dens
1283 397 1620 455 latidetiir;per-

163 454 339 506 petuo),
378 450 453 492 sed
486 450 790 495 flhsculinnm.
846 452 1064 494 Dicnntnr
1095 450 1254 503 πάντες
1272 468 1412 496 omnes
1434 454 1620 497 hominen

162 508 195 549 i.
214 521 253 548 e.
284 514 371 548 tum
403 507 559 550 Judaei
585 515 673 548 tum
702 509 858 564 pagani
885 512 945 566 (ν.
967 509 1092 552 Rom.
1118 512 1261 560 10‚12.
1285 510 1434 563 11,32.
1451 511 1620 563 3‚29.›:

162 563 235 618 qui
265 563 453 605 omnibns
468 569 637 617 praeest
669 565 903 608 hominihus
930 567 980 618 (i.
1000 581 1038 610 e.
1060 566 1134 620 qni
1156 571 1200 607 et
1216 565 1396 610 Iudaeis
1418 574 1461 608 et
1477 568 1620 621 genti-

161 619 279 660 libus
310 621 497 662 consulit
525 620 675 671 Dens,
712 625 774 665 ber
803 621 892 665 fiber
921 625 1018 666 allen
1049 625 1250 675 &ltcastben
1281 627 1465 667 mattenbe
1496 622 1621 679 (Son)

160 677 217 717 sit
256 676 491 718 celebratus
524 683 749 731 perpetuo,
794 692 932 722 amen.
1006 678 1244 721 Multorum
1282 693 1619 734 magnorumque

160 731 492 786 beneficiorum,
540 734 698 788 quibus
738 734 862 775 Deus
899 734 1132 777 israelitas
1167 734 1410 786 affecisset,
1458 737 1619 778 mentio

160 802 202 831 v.
220 789 263 831 4.
291 794 335 830 et
361 789 402 832 5.
436 790 493 830 ita
523 790 732 845 Apostoli
762 790 951 832 animum
980 792 1232 844 commovit,
1280 798 1329 833 ut
1361 790 1447 833 Dei
1466 790 1618 834 laudes

159 843 391 899 ‹loxologia
437 846 679 887 celebraret
722 847 810 900 (11,
839 848 909 890 36.
955 847 1055 890 Gal.
1087 850 1126 899 1,
1152 848 1195 891 5.
1233 849 1261 888 2
1287 847 1405 891 Tim.
1435 849 1619 901 4,·18.).

159 901 358 943 Omnium
384 906 526 944 autem
553 903 764 944 hominum
793 904 923 945 saluti
937 905 1223 958 providentem
1243 902 1384 946 Deum
1409 901 1458 949 P.
1481 905 1617 945 nomi-

157 957 302 1009 navit,
332 973 495 1001 memor
518 974 686 1011 eorum,
716 974 824 1016 quae
844 961 922 1001 hac
944 960 1010 1001 dis
1047 961 1241 1002 utatione
1268 961 1440 1002 efficere
1463 960 1618 1013 voluit,

157 1016 299 1057 omnia
341 1017 483 1058 Deum
523 1016 730 1068 consilia,
778 1030 888 1058 nunc
928 1017 1000 1072 qni
1035 1031 1099 1058 em
1129 1015 1308 1060 Judaeis
1345 1017 1525 1068 acerba,
1563 1030 1616 1059 eo

157 1072 396 1124 direxisse,
425 1079 473 1115 ut
493 1087 639 1114 omnes
668 1072 855 1128 denique
881 1073 1076 1115 homines
1094 1087 1171 1130 per
1192 1073 1415 1117 Christum
1438 1073 1618 1115 bearen-

155 1135 230 1173 tur
251 1131 458 1183 (11‚32.).
514 1129 640 1171 Hanc
658 1129 792 1182 igitur
810 1129 1040 1183 doxologia
1063 1130 1320 1171 sententiam
1341 1130 1503 1174 fundit:
1536 1129 1614 1186 qui

157 1189 357 1231 omnibus
379 1186 624 1229 hominibus
643 1186 856 1243 prospicit
875 1187 1023 1239 Deus,
1053 1193 1101 1228 ut
1129 1187 1240 1228 male
1257 1186 1409 1228 credas
1426 1186 1618 1230 ,Iudaeos

156 1247 212 1287 ab
233 1259 282 1287 eo
305 1244 539 1286 destitutos
561 1257 681 1295 esse,
710 1243 810 1298 quia
833 1256 944 1283 nunc
963 1257 1040 1284 eos
1059 1257 1209 1299 parum
1227 1257 1380 1285 curare
1398 1242 1615 1295 videatur,

156 1309 202 1345 et
221 1308 384 1344 temere
403 1303 442 1344 ei
456 1313 718 1343 succenseas
732 1331 744 1351 ,
775 1298 886 1355 quod
902 1301 1080 1353 qentiles
1099 1300 1243 1342 favore
1262 1314 1373 1342 nunc
1391 1300 1615 1358 amplexus

155 1360 240 1412 sit,
275 1358 478 1401 laudetur
506 1357 560 1399 ob
588 1356 794 1398 beneficia
824 1355 1006 1399 Judaeis
1046 1356 1208 1397 tributa
1238 1363 1465 1414 perpetuo.
1527 1355 1615 1398 Dei

155 1416 344 1459 omnibus
362 1414 595 1457 hominibus
614 1412 864 1455 consulentis
882 1412 1176 1469 appellatione
1199 1410 1248 1456 P.
1272 1428 1378 1455 usus
1397 1419 1488 1465 est,
1527 1426 1617 1468 quo

154 1473 362 1528 aequiore
403 1471 545 1513 animo
575 1469 777 1526 judaicae
813 1469 970 1524 stirpis
1007 1468 1273 1521 Christiani,
1322 1484 1430 1526 quos
1465 1468 1613 1511 tristis

157 1543 267 1586 quae
286 1535 373 1570 tum
393 1533 511 1570 esset
523 1526 786 1570 Indaeorum
804 1525 1066 1567 conditionis
1090 1526 1389 1575 misereretur,
1417 1539 1613 1582 asperas,

156 1600 267 1642 quae
304 1586 498 1642 proxime
537 1597 577 1626 v.
611 1585 652 1626 6.
685 1597 783 1637 sqq.
821 1581 1112 1623 enuntiandae
1150 1588 1322 1633 essent,
1372 1583 1614 1624 sententias

154 1644 372 1697 legerent,
412 1655 541 1698 quum
569 1653 619 1680 ex
649 1639 724 1680 illa
751 1642 909 1679 laetum
940 1637 1251 1694 disputationis
1274 1637 1614 1680 Paullinae-exi-

153 1703 244 1741 tum
261 1699 506 1755 conjectare
534 1702 728 1753 possent.
786 1693 874 1749 Qui
909 1699 1051 1735 utrum
1086 1696 1312 1736 masculini
1333 1709 1386 1736 an
1412 1695 1611 1736 neutrius

154 1748 519 1810 generis'ffa'vmov
540 1753 599 1795 sit
615 1751 821 1794 constitui
842 1765 970 1807 posse
990 1757 1203 1804 negarunt
1225 1752 1420 1805 neglecto
1443 1752 1612 1793 disser-

153 1813 333 1854 tationis
374 1810 599 1852 Paullinae
638 1807 821 1850 consilio
861 1807 1132 1861 singulorum
1166 1806 1294 1865 hujus
1326 1809 1357 1852 l.
1385 1807 1610 1865 verborum

152 1869 514 1926 contemplatione
535 1865 725 1907 defuncti
746 1869 860 1908 sunt.
901 1865 1170 1916 Argumenta
1192 1864 1418 1906 verborum
1434 1864 1608 1921 junctu-

153 1940 230 1968 rae
258 1940 383 1982 quam
417 1923 695 1981 probavimus
715 1920 914 1978 opposita
942 1921 1085 1977 pluma
1108 1920 1271 1961 leviora
1292 1925 1408 1963 sunt.
1466 1919 1608 1975 Quam

152 1983 262 2025 ferri
291 1997 373 2024 non
403 1994 556 2038 posse,
595 1979 694 2035 quia
727 1977 776 2021 P.
807 1992 888 2019 non
917 1977 1170 2033 scripserit:
1209 1972 1232 2017 ὅ
1263 1977 1371 2026 θεὸς
1399 1971 1422 2018 ὁ
1452 1970 1509 2017 ὣν
1530 1973 1608 2017 ἐπὶ

153 2036 327 2081 πάντων
344 2034 576 2093 cotenu&
597 2041 679 2078 etc.
698 2040 860 2076 temere
885 2033 1104 2092 objicitur.
1162 2033 1413 2087 Flagitabat
1432 2031 1609 2072 notissi-

153 2110 221 2137 ma
247 2097 314 2137 lex
343 2093 672 2148 grammaticae,
711 2098 760 2133 ut
788 2095 863 2132 aut
890 2087 913 2132 ὃ
942 2086 1050 2138 θεός
1078 2082 1103 2131 ὅ
1134 2089 1191 2130 ὢν
1219 2088 1294 2131 ἐπὶ
1324 2086 1497 2130 πάντων
1516 2085 1606 2130 ew..

153 2149 264 2199 κτὲ.,
304 2156 378 2193 aut
412 2148 435 2191 ὃ
463 2150 522 2192 ὧν
547 2147 624 2191 ἐπὶ
650 2143 824 2189 πάντων
852 2146 960 2196 θεὸς
981 2143 1212 2201 εὐλογητὸς
1239 2144 1326 2186 κτλ,
1354 2143 1402 2186 Ρ.
1426 2151 1608 2200 poneret

151 2215 214 2255 (v.
245 2207 465 2249 Kuelmerz
494 2220 559 2254 gr.
582 2203 645 2255 H,
668 2204 762 2246 138.
790 2206 834 2244 et
868 2202 978 2246 usin.
1008 2215 1074 2255 gr.
1104 2216 1146 2258 p.
1171 2202 1264 2244 123.
1285 2202 1403 2256 βψ),
1443 2207 1490 2241 nt
1520 2214 1605 2242 non

151 2265 394 2317 intelligam
425 2262 528 2318 qnid
555 2260 705 2303 Reieh.
731 2260 816 2300 sibi
847 2259 1054 2308 voluerit,
1093 2258 1166 2313 qni
1194 2256 1373 2298 Paulum
1398 2262 1608 2313 purgatu-

151 2336 229 2363 rus
264 2319 492 2361 inversione
527 2332 622 2359 eum
659 2331 782 2357 usum
821 2329 917 2356 esse
959 2313 1243 2356 contenderit.
1313 2312 1408 2356 Jam
1446 2313 1483 2354 si
1512 2313 1603 2369 Ap.

153 2374 173 2419 ἱ
210 2375 317 2424 θεὸς
337 2372 358 2415 ὅ
378 2376 436 2415 ὧν
454 2373 529 2416 ἐπὶ
550 2372 722 2414 πάντων
751 2369 838 2413 esd..
862 2372 949 2412 κτλ.
970 2377 1212 2420 exarasset,
1253 2369 1337 2410 Dei
1365 2369 1481 2410 notio
1501 2370 1605 2410 emi-

153 2434 346 2483 nuisset,
380 2431 467 2472 Dei
485 2430 672 2472 omnibus
692 2428 924 2470 hominibus
949 2426 1243 2481 prospicientis
1270 2426 1476 2479 cogitatio
1495 2424 1604 2466 deli-

150 2489 326 2531 tuisset.
396 2487 490 2531 Jam
533 2485 733 2542 quoniam
771 2485 874 2525 haec
910 2485 1098 2525 eminere
1134 2481 1336 2533 debebat,
1386 2481 1452 2522 illi
1494 2482 1605 2521 male

153 2546 382 2602 praecipua
417 2543 479 2584 vis
511 2543 552 2585 h.
584 2544 615 2585 l.
648 2541 782 2582 indita
812 2546 951 2592 esset,
989 2544 1103 2580 recte
1132 2535 1182 2580 P.
1206 2536 1228 2577 ὁ
1255 2538 1312 2577 ὢν
1332 2536 1407 2579 ἐπὶ
1427 2534 1606 2578 πάντων·

151 2600 263 2650 θεὸς
292 2598 381 2641 εὐλ.
421 2595 505 2639 uzi.
545 2599 705 2654 posuit.
772 2596 943 2637 Deinde
972 2596 1029 2636 ὢν
1058 2608 1140 2635 non
1173 2593 1311 2634 solum
1347 2605 1605 2648 supervaca-

150 2671 275 2699 neum
296 2669 392 2697 esse
421 2655 666 2707 (suffecisse
685 2652 794 2693 enim
821 2667 858 2695 v.
879 2648 901 2693 ὁ
933 2649 1007 2693 ἐπὶ
1025 2651 1197 2691 πάντων
1214 2647 1322 2698 θεός
1342 2650 1455 2704 Eph.·
1472 2648 1604 2702 4‚6.)‚

152 2714 227 2756 sed
251 2713 379 2753 etiam
406 2712 572 2765 inepte,
605 2708 833 2762 doxologizi
864 2707 921 2749 ad
942 2708 1079 2748 Deum
1100 2705 1262 2754 relata,
1292 2705 1484 2747 additum
1504 2716 1602 2746 esse

150 2770 247 2811 dW.
272 2770 339 2811 ed.
359 2769 399 2810 2.
417 2765 538 2821 jecit.
596 2766 663 2806 At
690 2778 817 2820 quum
850 2769 966 2804 recte
996 2762 1165 2802 dicatur
1191 2756 1213 2801 ὅ
1232 2760 1340 2810 θεός
1357 2758 1379 2803 ὃ
1408 2761 1466 2801 ὤν
1486 2760 1534 2812 (i.
1556 2775 1602 2815 q.

153 2825 201 2874 ὃς
228 2824 365 2878 ἐστιν)
399 2822 475 2866 ἐπὶ
501 2820 673 2863 πάντων
706 2818 796 2864 εὐλ.
826 2819 939 2869 mk,
980 2831 1062 2860 non
1092 2817 1234 2860 minus
1260 2823 1377 2860 recte
1396 2813 1420 2859 ὁ
1441 2816 1504 2859 ὢν
1525 2813 1602 2881 {nl

1492 2885 1602 2914 παν·
