<?xml version="1.0" encoding="UTF-8"?>
<!DOCTYPE html PUBLIC "-//W3C//DTD XHTML 1.0 Transitional//EN"
    "http://www.w3.org/TR/xhtml1/DTD/xhtml1-transitional.dtd">
<html xmlns="http://www.w3.org/1999/xhtml" xml:lang="en" lang="en">
 <head>
  <title>
</title>
<meta http-equiv="Content-Type" content="text/html;charset=utf-8" />
  <meta name='ocr-system' content='tesseract 3.04.00' />
  <meta name='ocr-capabilities' content='ocr_page ocr_carea ocr_par ocr_line ocrx_word'/>
</head>
<body>
  <div class='ocr_page' id='page_1' title='image "./pauliadromanosep02frituoft/pauliadromanosep02frituoft_0512.png"; bbox 0 0 1715 3115; ppageno 0'>
   <div class='ocr_carea' id='block_1_1' title="bbox 114 183 1302 236">
    <p class='ocr_par' dir='ltr' id='par_1_1' title="bbox 114 183 1302 236">
     <span class='ocr_line' id='line_1_1' title="bbox 114 183 1302 236; baseline -0.008 0"><span class='ocrx_word' id='word_1_1' title='bbox 114 192 203 236; x_wconf 76' lang='lat'>498</span> <span class='ocrx_word' id='word_1_2' title='bbox 401 186 775 231; x_wconf 82' lang='lat' dir='ltr'><strong>EPISTOLA</strong></span> <span class='ocrx_word' id='word_1_3' title='bbox 807 185 910 229; x_wconf 88' lang='lat' dir='ltr'>AD</span> <span class='ocrx_word' id='word_1_4' title='bbox 947 183 1302 231; x_wconf 81' lang='lat' dir='ltr'><strong>ROMANOS</strong></span> 
     </span>
    </p>
   </div>
   <div class='ocr_carea' id='block_1_2' title="bbox 121 291 1584 1144">
    <p class='ocr_par' dir='ltr' id='par_1_2' title="bbox 121 291 1584 1144">
     <span class='ocr_line' id='line_1_2' title="bbox 122 291 1584 349; baseline -0.005 -7"><span class='ocrx_word' id='word_1_5' title='bbox 122 295 322 342; x_wconf 88' lang='lat' dir='ltr'>Secunda</span> <span class='ocrx_word' id='word_1_6' title='bbox 342 292 581 336; x_wconf 81' lang='lat' dir='ltr'>difficultas</span> <span class='ocrx_word' id='word_1_7' title='bbox 602 293 646 335; x_wconf 90' lang='lat' dir='ltr'>in</span> <span class='ocrx_word' id='word_1_8' title='bbox 664 307 715 337; x_wconf 91' lang='lat' dir='ltr'>eo</span> <span class='ocrx_word' id='word_1_9' title='bbox 735 292 820 335; x_wconf 88' lang='lat' dir='ltr'>sita</span> <span class='ocrx_word' id='word_1_10' title='bbox 841 296 933 346; x_wconf 87' lang='lat' dir='ltr'>est,</span> <span class='ocrx_word' id='word_1_11' title='bbox 973 291 1090 348; x_wconf 88' lang='lat' dir='ltr'>quod</span> <span class='ocrx_word' id='word_1_12' title='bbox 1109 291 1200 349; x_wconf 86' lang='lat' dir='ltr'>Ap.</span> <span class='ocrx_word' id='word_1_13' title='bbox 1226 291 1410 335; x_wconf 72' lang='lat' dir='ltr'><strong>oleastri</strong></span> <span class='ocrx_word' id='word_1_14' title='bbox 1437 301 1584 336; x_wconf 77' lang='lat' dir='ltr'>ramu-</span> 
     </span>
     <span class='ocr_line' id='line_1_3' title="bbox 121 350 1584 407; baseline -0.004 -9"><span class='ocrx_word' id='word_1_15' title='bbox 121 358 191 399; x_wconf 88' lang='lat' dir='ltr'>los</span> <span class='ocrx_word' id='word_1_16' title='bbox 218 355 338 396; x_wconf 87' lang='lat' dir='ltr'>oleae</span> <span class='ocrx_word' id='word_1_17' title='bbox 371 351 529 393; x_wconf 88' lang='lat' dir='ltr'>insitos</span> <span class='ocrx_word' id='word_1_18' title='bbox 558 365 654 393; x_wconf 88' lang='lat' dir='ltr'>esse</span> <span class='ocrx_word' id='word_1_19' title='bbox 682 350 885 407; x_wconf 80' lang='lat' dir='ltr'><strong>scripsit,</strong></span> <span class='ocrx_word' id='word_1_20' title='bbox 921 364 1051 406; x_wconf 88' lang='lat' dir='ltr'>quum</span> <span class='ocrx_word' id='word_1_21' title='bbox 1080 357 1229 392; x_wconf 84' lang='lat' dir='ltr'>contra</span> <span class='ocrx_word' id='word_1_22' title='bbox 1258 352 1475 406; x_wconf 87' lang='lat' dir='ltr'>agricolae</span> <span class='ocrx_word' id='word_1_23' title='bbox 1497 351 1584 392; x_wconf 89' lang='lat' dir='ltr'>vir-</span> 
     </span>
     <span class='ocr_line' id='line_1_4' title="bbox 124 407 1583 467; baseline -0.005 -13"><span class='ocrx_word' id='word_1_24' title='bbox 124 413 251 467; x_wconf 87' lang='lat' dir='ltr'>gulas</span> <span class='ocrx_word' id='word_1_25' title='bbox 277 409 502 463; x_wconf 87' lang='lat' dir='ltr'>oleaginas</span> <span class='ocrx_word' id='word_1_26' title='bbox 532 409 723 450; x_wconf 78' lang='lat' dir='ltr'>oleastro</span> <span class='ocrx_word' id='word_1_27' title='bbox 755 409 950 449; x_wconf 83' lang='lat' dir='ltr'>inserere</span> <span class='ocrx_word' id='word_1_28' title='bbox 979 407 1152 452; x_wconf 81' lang='lat' dir='ltr'><strong>soleant</strong></span> <span class='ocrx_word' id='word_1_29' title='bbox 1169 407 1345 464; x_wconf 77' lang='lat' dir='ltr'>(Oriy.).</span> <span class='ocrx_word' id='word_1_30' title='bbox 1403 408 1583 450; x_wconf 80' lang='lat' dir='ltr'>Minime</span> 
     </span>
     <span class='ocr_line' id='line_1_5' title="bbox 124 463 1584 520; baseline -0.004 -9"><span class='ocrx_word' id='word_1_31' title='bbox 124 484 174 511; x_wconf 90' lang='lat' dir='ltr'>ea</span> <span class='ocrx_word' id='word_1_32' title='bbox 214 467 326 509; x_wconf 88' lang='lat' dir='ltr'>locis</span> <span class='ocrx_word' id='word_1_33' title='bbox 364 480 387 506; x_wconf 91' lang='lat' dir='ltr'>a</span> <span class='ocrx_word' id='word_1_34' title='bbox 429 465 751 520; x_wconf 79' lang='lat' dir='ltr'>Bredencampo</span> <span class='ocrx_word' id='word_1_35' title='bbox 790 465 853 516; x_wconf 90' lang='lat' dir='ltr'>(in</span> <span class='ocrx_word' id='word_1_36' title='bbox 884 465 940 507; x_wconf 86' lang='lat'>1.:</span> <span class='ocrx_word' id='word_1_37' title='bbox 989 463 1286 508; x_wconf 63' lang='lat' dir='ltr'>{memorabilien</span> <span class='ocrx_word' id='word_1_38' title='bbox 1316 476 1392 509; x_wconf 72' lang='lat' dir='ltr'>bon</span> <span class='ocrx_word' id='word_1_39' title='bbox 1419 464 1584 508; x_wconf 75' lang='lat' dir='ltr'>Paulus</span> 
     </span>
     <span class='ocr_line' id='line_1_6' title="bbox 125 521 1582 578; baseline -0.003 -13"><span class='ocrx_word' id='word_1_40' title='bbox 125 526 255 569; x_wconf 86' lang='lat' dir='ltr'>Fasc.</span> <span class='ocrx_word' id='word_1_41' title='bbox 280 521 343 574; x_wconf 88' lang='lat' dir='ltr'>ll,</span> <span class='ocrx_word' id='word_1_42' title='bbox 372 537 415 578; x_wconf 88' lang='lat' dir='ltr'>p.</span> <span class='ocrx_word' id='word_1_43' title='bbox 437 522 732 575; x_wconf 56' lang='lat' dir='ltr'>lta—151.)</span> <span class='ocrx_word' id='word_1_44' title='bbox 761 522 948 578; x_wconf 87' lang='lat' dir='ltr'>primum</span> <span class='ocrx_word' id='word_1_45' title='bbox 977 521 1128 562; x_wconf 87' lang='lat' dir='ltr'>allatis</span> <span class='ocrx_word' id='word_1_46' title='bbox 1153 527 1315 564; x_wconf 87' lang='lat' dir='ltr'>remota</span> <span class='ocrx_word' id='word_1_47' title='bbox 1343 527 1434 573; x_wconf 85' lang='lat' dir='ltr'>est,</span> <span class='ocrx_word' id='word_1_48' title='bbox 1471 535 1582 578; x_wconf 84' lang='lat' dir='ltr'>quae</span> 
     </span>
     <span class='ocr_line' id='line_1_7' title="bbox 124 577 1584 624; baseline -0.004 0"><span class='ocrx_word' id='word_1_49' title='bbox 124 579 310 624; x_wconf 86' lang='lat' dir='ltr'>oleastri</span> <span class='ocrx_word' id='word_1_50' title='bbox 337 579 538 620; x_wconf 87' lang='lat' dir='ltr'>surculos</span> <span class='ocrx_word' id='word_1_51' title='bbox 566 579 606 618; x_wconf 91' lang='lat' dir='ltr'>in</span> <span class='ocrx_word' id='word_1_52' title='bbox 635 579 792 621; x_wconf 78' lang='lat' dir='ltr'>olivam</span> <span class='ocrx_word' id='word_1_53' title='bbox 823 578 1043 619; x_wconf 89' lang='lat' dir='ltr'>immissos</span> <span class='ocrx_word' id='word_1_54' title='bbox 1071 592 1168 619; x_wconf 86' lang='lat' dir='ltr'>esse</span> <span class='ocrx_word' id='word_1_55' title='bbox 1194 577 1443 622; x_wconf 85' lang='lat' dir='ltr'>ostendunt.</span> <span class='ocrx_word' id='word_1_56' title='bbox 1498 577 1584 620; x_wconf 83' lang='lat' dir='ltr'>Co-</span> 
     </span>
     <span class='ocr_line' id='line_1_8' title="bbox 124 634 1582 690; baseline -0.003 -9"><span class='ocrx_word' id='word_1_57' title='bbox 124 639 304 681; x_wconf 89' lang='lat' dir='ltr'>lumella</span> <span class='ocrx_word' id='word_1_58' title='bbox 327 636 369 687; x_wconf 82' lang='lat'>5,</span> <span class='ocrx_word' id='word_1_59' title='bbox 387 638 429 685; x_wconf 82' lang='lat'>9,</span> <span class='ocrx_word' id='word_1_60' title='bbox 449 637 515 677; x_wconf 81' lang='lat'>16.</span> <span class='ocrx_word' id='word_1_61' title='bbox 549 635 746 677; x_wconf 76' lang='lat' dir='ltr'>Schneid.</span> <span class='ocrx_word' id='word_1_62' title='bbox 777 635 920 677; x_wconf 80' lang='lat' dir='ltr'><strong><em>Solent</em></strong></span> <span class='ocrx_word' id='word_1_63' title='bbox 940 635 1071 675; x_wconf 73' lang='lat' dir='ltr'>etiam</span> <span class='ocrx_word' id='word_1_64' title='bbox 1088 635 1279 690; x_wconf 76' lang='lat' dir='ltr'>quamvis</span> <span class='ocrx_word' id='word_1_65' title='bbox 1298 635 1438 676; x_wconf 80' lang='lat' dir='ltr'>laetae</span> <span class='ocrx_word' id='word_1_66' title='bbox 1458 634 1582 676; x_wconf 78' lang='lat' dir='ltr'>arbo-</span> 
     </span>
     <span class='ocr_line' id='line_1_9' title="bbox 123 690 1583 748; baseline -0.003 -13"><span class='ocrx_word' id='word_1_67' title='bbox 123 711 192 738; x_wconf 75' lang='lat' dir='ltr'>res</span> <span class='ocrx_word' id='word_1_68' title='bbox 213 695 375 747; x_wconf 86' lang='lat' dir='ltr'>(oleae)</span> <span class='ocrx_word' id='word_1_69' title='bbox 396 690 585 748; x_wconf 60' lang='lat' dir='ltr'>fructum</span> <span class='ocrx_word' id='word_1_70' title='bbox 606 706 687 733; x_wconf 81' lang='lat' dir='ltr'>non</span> <span class='ocrx_word' id='word_1_71' title='bbox 705 691 877 748; x_wconf 59' lang='lat' dir='ltr'>afferre.</span> <span class='ocrx_word' id='word_1_72' title='bbox 932 694 1020 733; x_wconf 85' lang='lat' dir='ltr'>Eas</span> <span class='ocrx_word' id='word_1_73' title='bbox 1043 691 1260 732; x_wconf 82' lang='lat' dir='ltr'>terebrari</span> <span class='ocrx_word' id='word_1_74' title='bbox 1282 691 1440 745; x_wconf 73' lang='lat' dir='ltr'>gallica</span> <span class='ocrx_word' id='word_1_75' title='bbox 1466 695 1583 731; x_wconf 86' lang='lat' dir='ltr'>tere-</span> 
     </span>
     <span class='ocr_line' id='line_1_10' title="bbox 123 747 1583 802; baseline -0.003 -10"><span class='ocrx_word' id='word_1_76' title='bbox 123 752 202 793; x_wconf 73' lang='lat' dir='ltr'>bra</span> <span class='ocrx_word' id='word_1_77' title='bbox 232 751 433 791; x_wconf 79' lang='lat' dir='ltr'>convenit</span> <span class='ocrx_word' id='word_1_78' title='bbox 460 756 591 802; x_wconf 86' lang='lat' dir='ltr'>atque</span> <span class='ocrx_word' id='word_1_79' title='bbox 620 748 677 788; x_wconf 85' lang='lat' dir='ltr'>ita</span> <span class='ocrx_word' id='word_1_80' title='bbox 709 749 750 788; x_wconf 88' lang='lat' dir='ltr'>in</span> <span class='ocrx_word' id='word_1_81' title='bbox 781 749 972 789; x_wconf 80' lang='lat' dir='ltr'>foramen</span> <span class='ocrx_word' id='word_1_82' title='bbox 1003 748 1185 789; x_wconf 86' lang='lat' dir='ltr'>viridem</span> <span class='ocrx_word' id='word_1_83' title='bbox 1215 749 1373 789; x_wconf 89' lang='lat' dir='ltr'>taleam</span> <span class='ocrx_word' id='word_1_84' title='bbox 1401 747 1583 788; x_wconf 80' lang='lat' dir='ltr'><strong>oleastri</strong></span> 
     </span>
     <span class='ocr_line' id='line_1_11' title="bbox 125 801 1583 859; baseline -0.003 -9"><span class='ocrx_word' id='word_1_85' title='bbox 125 807 328 850; x_wconf 75' lang='lat' dir='ltr'>immitti:</span> <span class='ocrx_word' id='word_1_86' title='bbox 375 806 437 846; x_wconf 75' lang='lat' dir='ltr'>sic</span> <span class='ocrx_word' id='word_1_87' title='bbox 465 807 573 845; x_wconf 68' lang='lat' dir='ltr'>velut</span> <span class='ocrx_word' id='word_1_88' title='bbox 606 805 713 845; x_wconf 74' lang='grc' dir='ltr'><em>ἰηῐία</em></span> <span class='ocrx_word' id='word_1_89' title='bbox 745 805 872 846; x_wconf 79' lang='lat' dir='ltr'>arbor</span> <span class='ocrx_word' id='word_1_90' title='bbox 901 804 1103 859; x_wconf 75' lang='lat' dir='ltr'>foecundo</span> <span class='ocrx_word' id='word_1_91' title='bbox 1131 805 1290 846; x_wconf 80' lang='lat' dir='ltr'>semine</span> <span class='ocrx_word' id='word_1_92' title='bbox 1323 801 1583 859; x_wconf 76' lang='lat' dir='ltr'><strong><em>fertilior</em></strong></span> 
     </span>
     <span class='ocr_line' id='line_1_12' title="bbox 125 858 1582 907; baseline -0.005 0"><span class='ocrx_word' id='word_1_93' title='bbox 125 869 290 907; x_wconf 64' lang='lat' dir='ltr'>exstat.</span> <span class='ocrx_word' id='word_1_94' title='bbox 372 861 602 904; x_wconf 89' lang='lat' dir='ltr'>Palladius</span> <span class='ocrx_word' id='word_1_95' title='bbox 636 861 700 901; x_wconf 85' lang='lat' dir='ltr'>De</span> <span class='ocrx_word' id='word_1_96' title='bbox 731 862 934 902; x_wconf 80' lang='lat' dir='ltr'>insitione</span> <span class='ocrx_word' id='word_1_97' title='bbox 964 862 995 903; x_wconf 88' lang='lat' dir='ltr'>l.</span> <span class='ocrx_word' id='word_1_98' title='bbox 1017 859 1152 904; x_wconf 88' lang='lat' dir='ltr'>XlV.</span> <span class='ocrx_word' id='word_1_99' title='bbox 1193 875 1257 903; x_wconf 90' lang='lat' dir='ltr'>vs.</span> <span class='ocrx_word' id='word_1_100' title='bbox 1276 859 1347 903; x_wconf 86' lang='lat'>53.</span> <span class='ocrx_word' id='word_1_101' title='bbox 1375 859 1449 902; x_wconf 80' lang='lat'>54.</span> <span class='ocrx_word' id='word_1_102' title='bbox 1479 858 1582 900; x_wconf 84' lang='lat' dir='ltr'>Foe-</span> 
     </span>
     <span class='ocr_line' id='line_1_13' title="bbox 124 915 1584 974; baseline -0.003 -12"><span class='ocrx_word' id='word_1_103' title='bbox 124 921 283 963; x_wconf 72' lang='lat' dir='ltr'>mandat</span> <span class='ocrx_word' id='word_1_104' title='bbox 313 919 484 961; x_wconf 88' lang='lat' dir='ltr'>sterilis</span> <span class='ocrx_word' id='word_1_105' title='bbox 511 918 699 974; x_wconf 84' lang='lat' dir='ltr'>pingues</span> <span class='ocrx_word' id='word_1_106' title='bbox 731 919 920 959; x_wconf 76' lang='lat' dir='ltr'>oleaster</span> <span class='ocrx_word' id='word_1_107' title='bbox 947 918 1099 969; x_wconf 71' lang='lat' dir='ltr'>olivas,</span> <span class='ocrx_word' id='word_1_108' title='bbox 1126 920 1131 973; x_wconf 84' lang='grc' dir='ltr'>Ι</span> <span class='ocrx_word' id='word_1_109' title='bbox 1158 922 1202 959; x_wconf 88' lang='lat' dir='ltr'>et</span> <span class='ocrx_word' id='word_1_110' title='bbox 1225 930 1336 973; x_wconf 86' lang='lat' dir='ltr'>quae</span> <span class='ocrx_word' id='word_1_111' title='bbox 1357 929 1440 958; x_wconf 90' lang='lat' dir='ltr'>non</span> <span class='ocrx_word' id='word_1_112' title='bbox 1463 915 1584 957; x_wconf 88' lang='lat' dir='ltr'>novit</span> 
     </span>
     <span class='ocr_line' id='line_1_14' title="bbox 124 972 1584 1030; baseline -0.004 -12"><span class='ocrx_word' id='word_1_113' title='bbox 124 991 300 1018; x_wconf 89' lang='lat' dir='ltr'>munera</span> <span class='ocrx_word' id='word_1_114' title='bbox 331 977 448 1017; x_wconf 81' lang='lat' dir='ltr'>serre</span> <span class='ocrx_word' id='word_1_115' title='bbox 477 973 618 1017; x_wconf 86' lang='lat' dir='ltr'>docet.</span> <span class='ocrx_word' id='word_1_116' title='bbox 695 973 827 1017; x_wconf 84' lang='lat' dir='ltr'><strong>Adde</strong></span> <span class='ocrx_word' id='word_1_117' title='bbox 861 973 1158 1030; x_wconf 86' lang='lat' dir='ltr'>Theophrast.</span> <span class='ocrx_word' id='word_1_118' title='bbox 1179 973 1258 1016; x_wconf 87' lang='lat' dir='ltr'>De</span> <span class='ocrx_word' id='word_1_119' title='bbox 1286 972 1430 1014; x_wconf 90' lang='lat' dir='ltr'>causis</span> <span class='ocrx_word' id='word_1_120' title='bbox 1457 972 1584 1027; x_wconf 84' lang='lat' dir='ltr'>plan-</span> 
     </span>
     <span class='ocr_line' id='line_1_15' title="bbox 124 1028 1584 1086; baseline -0.004 -12"><span class='ocrx_word' id='word_1_121' title='bbox 124 1039 268 1074; x_wconf 88' lang='lat' dir='ltr'>tarum</span> <span class='ocrx_word' id='word_1_122' title='bbox 294 1035 334 1083; x_wconf 89' lang='lat'>1,</span> <span class='ocrx_word' id='word_1_123' title='bbox 350 1034 393 1085; x_wconf 86' lang='lat'>6,</span> <span class='ocrx_word' id='word_1_124' title='bbox 414 1033 481 1074; x_wconf 87' lang='lat'>10.</span> <span class='ocrx_word' id='word_1_125' title='bbox 502 1031 696 1073; x_wconf 78' lang='lat' dir='ltr'>Schneid.</span> <span class='ocrx_word' id='word_1_126' title='bbox 727 1031 923 1086; x_wconf 74' lang='grc' dir='ltr'><em>Εὕλογον</em></span> <span class='ocrx_word' id='word_1_127' title='bbox 953 1030 1000 1073; x_wconf 76' lang='grc' dir='ltr'>δὲ</span> <span class='ocrx_word' id='word_1_128' title='bbox 1030 1031 1104 1072; x_wconf 82' lang='grc' dir='ltr'>καὶ</span> <span class='ocrx_word' id='word_1_129' title='bbox 1125 1029 1176 1071; x_wconf 85' lang='grc' dir='ltr'>τὸ</span> <span class='ocrx_word' id='word_1_130' title='bbox 1197 1028 1584 1083; x_wconf 81' lang='grc' dir='ltr'><strong><em>καλλικαρπότερα</em></strong></span> 
     </span>
     <span class='ocr_line' id='line_1_16' title="bbox 122 1082 1584 1144; baseline -0.004 -13"><span class='ocrx_word' id='word_1_131' title='bbox 122 1091 260 1131; x_wconf 84' lang='grc' dir='ltr'><em>ταῦτα</em></span> <span class='ocrx_word' id='word_1_132' title='bbox 287 1087 513 1144; x_wconf 71' lang='grc' dir='ltr'><em>γίνεσθαι,</em></span> <span class='ocrx_word' id='word_1_133' title='bbox 551 1088 625 1129; x_wconf 80' lang='grc' dir='ltr'>καὶ</span> <span class='ocrx_word' id='word_1_134' title='bbox 652 1084 846 1139; x_wconf 80' lang='grc' dir='ltr'><em>μάλιστα</em></span> <span class='ocrx_word' id='word_1_135' title='bbox 875 1085 949 1128; x_wconf 82' lang='grc' dir='ltr'>ἐὰν</span> <span class='ocrx_word' id='word_1_136' title='bbox 972 1084 1027 1128; x_wconf 84' lang='grc' dir='ltr'>τὰ</span> <span class='ocrx_word' id='word_1_137' title='bbox 1046 1084 1187 1142; x_wconf 76' lang='grc' dir='ltr'><em>ἥμερα</em></span> <span class='ocrx_word' id='word_1_138' title='bbox 1206 1082 1270 1135; x_wconf 79' lang='grc' dir='ltr'>εἷς</span> <span class='ocrx_word' id='word_1_139' title='bbox 1289 1084 1345 1127; x_wconf 84' lang='grc' dir='ltr'>τὰ</span> <span class='ocrx_word' id='word_1_140' title='bbox 1365 1083 1500 1141; x_wconf 77' lang='grc' dir='ltr'><em>ἄγρια</em></span> <span class='ocrx_word' id='word_1_141' title='bbox 1516 1098 1584 1125; x_wconf 89' lang='grc' dir='ltr'>τι-</span> 
     </span>
    </p>
   </div>
   <div class='ocr_carea' id='block_1_3' title="bbox 123 1141 1589 1268">
    <p class='ocr_par' dir='ltr' id='par_1_3' title="bbox 123 1141 1589 1268">
     <span class='ocr_line' id='line_1_17' title="bbox 123 1141 1584 1201; baseline -0.003 -15"><span class='ocrx_word' id='word_1_142' title='bbox 123 1147 264 1200; x_wconf 68' lang='grc' dir='ltr'><em>θῆται</em></span> <span class='ocrx_word' id='word_1_143' title='bbox 285 1147 370 1186; x_wconf 83' lang='grc' dir='ltr'>τῶν</span> <span class='ocrx_word' id='word_1_144' title='bbox 393 1145 562 1201; x_wconf 81' lang='grc' dir='ltr'><em>φυτῶν·</em></span> <span class='ocrx_word' id='word_1_145' title='bbox 592 1168 648 1174; x_wconf 88' lang='grc'>-</span> <span class='ocrx_word' id='word_1_146' title='bbox 672 1142 760 1184; x_wconf 83' lang='grc' dir='ltr'>Διὸ</span> <span class='ocrx_word' id='word_1_147' title='bbox 786 1144 859 1185; x_wconf 82' lang='grc' dir='ltr'>καί</span> <span class='ocrx_word' id='word_1_148' title='bbox 882 1142 1110 1185; x_wconf 84' lang='grc' dir='ltr'><strong><em>κελεύουσι</em></strong></span> <span class='ocrx_word' id='word_1_149' title='bbox 1139 1141 1392 1191; x_wconf 81' lang='grc' dir='ltr'><strong><em>κοτίνους</em></strong></span> <span class='ocrx_word' id='word_1_150' title='bbox 1421 1141 1584 1196; x_wconf 79' lang='grc' dir='ltr'><strong><em>φυτεύ-</em></strong></span> 
     </span>
     <span class='ocr_line' id='line_1_18' title="bbox 125 1192 1589 1268; baseline -0.003 -25"><span class='ocrx_word' id='word_1_151' title='bbox 125 1216 285 1250; x_wconf 80' lang='grc' dir='ltr'><strong><em>σαντας</em></strong></span> <span class='ocrx_word' id='word_1_152' title='bbox 307 1198 697 1268; x_wconf 39' lang='grc' dir='ltr'><em>ἑνοφθαλμίζεινιῆ</em></span> <span class='ocrx_word' id='word_1_153' title='bbox 722 1197 985 1267; x_wconf 62' lang='grc' dir='ltr'><strong><em>ἐμφυτερειν</em></strong></span> <span class='ocrx_word' id='word_1_154' title='bbox 1006 1198 1212 1255; x_wconf 75' lang='grc' dir='ltr'><strong>ὕστερον.</strong></span> <span class='ocrx_word' id='word_1_155' title='bbox 1238 1224 1290 1230; x_wconf 85' lang='grc'><strong>-</strong></span> <span class='ocrx_word' id='word_1_156' title='bbox 1321 1194 1424 1240; x_wconf 75' lang='grc' dir='ltr'><strong><em>ἐπεὶ</em></strong></span> <span class='ocrx_word' id='word_1_157' title='bbox 1450 1192 1504 1239; x_wconf 82' lang='grc' dir='ltr'>εἴ</span> <span class='ocrx_word' id='word_1_158' title='bbox 1525 1195 1589 1252; x_wconf 79' lang='grc' dir='ltr'>γέ·</span> 
     </span>
    </p>
   </div>
   <div class='ocr_carea' id='block_1_4' title="bbox 121 1250 1589 2495">
    <p class='ocr_par' dir='ltr' id='par_1_4' title="bbox 121 1250 1589 2495">
     <span class='ocr_line' id='line_1_19' title="bbox 124 1250 1582 1310; baseline -0.003 -11"><span class='ocrx_word' id='word_1_159' title='bbox 124 1273 207 1306; x_wconf 86' lang='grc' dir='ltr'>τις</span> <span class='ocrx_word' id='word_1_160' title='bbox 237 1255 509 1299; x_wconf 79' lang='grc' dir='ltr'><em>ἀνάπαλιν</em></span> <span class='ocrx_word' id='word_1_161' title='bbox 537 1272 595 1298; x_wconf 85' lang='grc' dir='ltr'>το</span> <span class='ocrx_word' id='word_1_162' title='bbox 628 1256 821 1310; x_wconf 77' lang='grc' dir='ltr'><em>ἄγριον</em></span> <span class='ocrx_word' id='word_1_163' title='bbox 851 1270 932 1304; x_wconf 83' lang='grc' dir='ltr'>εις</span> <span class='ocrx_word' id='word_1_164' title='bbox 961 1253 1019 1298; x_wconf 81' lang='grc' dir='ltr'>τὸ</span> <span class='ocrx_word' id='word_1_165' title='bbox 1053 1252 1256 1310; x_wconf 72' lang='grc' dir='ltr'><em>ἥμερον</em></span> <span class='ocrx_word' id='word_1_166' title='bbox 1285 1250 1582 1307; x_wconf 77' lang='grc' dir='ltr'><strong><em>ἐμβάλλοι,</em></strong></span> 
     </span>
     <span class='ocr_line' id='line_1_20' title="bbox 125 1306 1580 1368; baseline -0.003 -14"><span class='ocrx_word' id='word_1_167' title='bbox 125 1311 350 1368; x_wconf 71' lang='grc' dir='ltr'>διαφορὰν</span> <span class='ocrx_word' id='word_1_168' title='bbox 379 1312 458 1366; x_wconf 75' lang='grc' dir='ltr'>μέν</span> <span class='ocrx_word' id='word_1_169' title='bbox 486 1327 583 1354; x_wconf 78' lang='grc' dir='ltr'><strong><em>τινα</em></strong></span> <span class='ocrx_word' id='word_1_170' title='bbox 612 1311 818 1367; x_wconf 65' lang='grc' dir='ltr'><em>ποιήσει,</em></span> <span class='ocrx_word' id='word_1_171' title='bbox 866 1310 916 1353; x_wconf 83' lang='grc' dir='ltr'>τὸ</span> <span class='ocrx_word' id='word_1_172' title='bbox 947 1312 994 1354; x_wconf 77' lang='grc' dir='ltr'>δὲ</span> <span class='ocrx_word' id='word_1_173' title='bbox 1025 1312 1339 1366; x_wconf 77' lang='grc' dir='ltr'><em>καλλικαρπεῖν</em></span> <span class='ocrx_word' id='word_1_174' title='bbox 1369 1308 1446 1360; x_wconf 77' lang='grc' dir='ltr'>οὐχ</span> <span class='ocrx_word' id='word_1_175' title='bbox 1477 1306 1580 1359; x_wconf 72' lang='grc' dir='ltr'><strong>ἕξει.</strong></span> 
     </span>
     <span class='ocr_line' id='line_1_21' title="bbox 123 1366 1583 1426; baseline -0.005 -14"><span class='ocrx_word' id='word_1_176' title='bbox 123 1370 327 1426; x_wconf 86' lang='lat' dir='ltr'>Namque</span> <span class='ocrx_word' id='word_1_177' title='bbox 355 1369 536 1411; x_wconf 83' lang='lat' dir='ltr'>oleastri</span> <span class='ocrx_word' id='word_1_178' title='bbox 566 1371 729 1421; x_wconf 88' lang='lat' dir='ltr'>taleae,</span> <span class='ocrx_word' id='word_1_179' title='bbox 769 1374 816 1410; x_wconf 85' lang='lat' dir='ltr'>ut</span> <span class='ocrx_word' id='word_1_180' title='bbox 842 1369 979 1409; x_wconf 89' lang='lat' dir='ltr'>oleam</span> <span class='ocrx_word' id='word_1_181' title='bbox 1007 1368 1341 1419; x_wconf 79' lang='lat' dir='ltr'>foecundarent‚</span> <span class='ocrx_word' id='word_1_182' title='bbox 1370 1367 1493 1408; x_wconf 89' lang='lat' dir='ltr'>oleae</span> <span class='ocrx_word' id='word_1_183' title='bbox 1516 1366 1583 1406; x_wconf 91' lang='lat' dir='ltr'>in-</span> 
     </span>
     <span class='ocr_line' id='line_1_22' title="bbox 123 1421 1582 1477; baseline -0.004 -9"><span class='ocrx_word' id='word_1_184' title='bbox 123 1428 405 1477; x_wconf 78' lang='lat' dir='ltr'>serebantur3</span> <span class='ocrx_word' id='word_1_185' title='bbox 452 1424 504 1470; x_wconf 87' lang='lat' dir='ltr'>P.</span> <span class='ocrx_word' id='word_1_186' title='bbox 533 1432 683 1467; x_wconf 87' lang='lat' dir='ltr'>contra</span> <span class='ocrx_word' id='word_1_187' title='bbox 714 1426 852 1467; x_wconf 86' lang='lat' dir='ltr'>oleam</span> <span class='ocrx_word' id='word_1_188' title='bbox 888 1426 1069 1466; x_wconf 80' lang='lat' dir='ltr'>oleastri</span> <span class='ocrx_word' id='word_1_189' title='bbox 1096 1426 1250 1477; x_wconf 87' lang='lat' dir='ltr'>taleis,</span> <span class='ocrx_word' id='word_1_190' title='bbox 1285 1438 1369 1466; x_wconf 89' lang='lat' dir='ltr'>non</span> <span class='ocrx_word' id='word_1_191' title='bbox 1398 1421 1582 1464; x_wconf 81' lang='lat' dir='ltr'>oleastri</span> 
     </span>
     <span class='ocr_line' id='line_1_23' title="bbox 122 1481 1582 1538; baseline -0.003 -14"><span class='ocrx_word' id='word_1_192' title='bbox 122 1485 324 1524; x_wconf 87' lang='lat' dir='ltr'>surculos</span> <span class='ocrx_word' id='word_1_193' title='bbox 345 1483 485 1525; x_wconf 88' lang='lat' dir='ltr'>olivae</span> <span class='ocrx_word' id='word_1_194' title='bbox 510 1482 719 1538; x_wconf 86' lang='lat' dir='ltr'>prodesse</span> <span class='ocrx_word' id='word_1_195' title='bbox 742 1482 979 1532; x_wconf 83' lang='lat' dir='ltr'>contendit,</span> <span class='ocrx_word' id='word_1_196' title='bbox 1013 1481 1126 1536; x_wconf 82' lang='lat' dir='ltr'>quod</span> <span class='ocrx_word' id='word_1_197' title='bbox 1150 1488 1330 1522; x_wconf 88' lang='lat' dir='ltr'>naturae</span> <span class='ocrx_word' id='word_1_198' title='bbox 1351 1483 1582 1535; x_wconf 78' lang='lat' dir='ltr'>repugnat,</span> 
     </span>
     <span class='ocr_line' id='line_1_24' title="bbox 124 1535 1583 1594; baseline -0.003 -15"><span class='ocrx_word' id='word_1_199' title='bbox 124 1539 474 1594; x_wconf 82' lang='lat' dir='ltr'>qnandoquidem</span> <span class='ocrx_word' id='word_1_200' title='bbox 503 1539 685 1580; x_wconf 89' lang='lat' dir='ltr'>insiticii</span> <span class='ocrx_word' id='word_1_201' title='bbox 716 1539 826 1579; x_wconf 91' lang='lat' dir='ltr'>rami</span> <span class='ocrx_word' id='word_1_202' title='bbox 854 1538 1052 1579; x_wconf 80' lang='lat' dir='ltr'>arborem</span> <span class='ocrx_word' id='word_1_203' title='bbox 1074 1537 1305 1594; x_wconf 84' lang='lat' dir='ltr'>adjuvant,</span> <span class='ocrx_word' id='word_1_204' title='bbox 1344 1549 1426 1576; x_wconf 90' lang='lat' dir='ltr'>non</span> <span class='ocrx_word' id='word_1_205' title='bbox 1450 1535 1583 1575; x_wconf 82' lang='lat' dir='ltr'>arbor</span> 
     </span>
     <span class='ocr_line' id='line_1_25' title="bbox 123 1590 1580 1649; baseline -0.003 -13"><span class='ocrx_word' id='word_1_206' title='bbox 123 1597 326 1637; x_wconf 76' lang='lat' dir='ltr'>insitivos</span> <span class='ocrx_word' id='word_1_207' title='bbox 354 1596 553 1636; x_wconf 90' lang='lat' dir='ltr'>surculos</span> <span class='ocrx_word' id='word_1_208' title='bbox 579 1596 799 1636; x_wconf 88' lang='lat' dir='ltr'>nobilitat.</span> <span class='ocrx_word' id='word_1_209' title='bbox 875 1594 1167 1648; x_wconf 72' lang='lat' dir='ltr'>Quamobrem</span> <span class='ocrx_word' id='word_1_210' title='bbox 1205 1594 1269 1634; x_wconf 88' lang='lat' dir='ltr'>sic</span> <span class='ocrx_word' id='word_1_211' title='bbox 1296 1590 1580 1649; x_wconf 87' lang='lat' dir='ltr'>judicandum</span> 
     </span>
     <span class='ocr_line' id='line_1_26' title="bbox 123 1648 1582 1704; baseline -0.002 -12"><span class='ocrx_word' id='word_1_212' title='bbox 123 1658 215 1694; x_wconf 87' lang='lat' dir='ltr'>est:</span> <span class='ocrx_word' id='word_1_213' title='bbox 261 1650 439 1692; x_wconf 82' lang='lat' dir='ltr'>Paulum</span> <span class='ocrx_word' id='word_1_214' title='bbox 468 1653 536 1692; x_wconf 76' lang='lat' dir='ltr'>vel</span> <span class='ocrx_word' id='word_1_215' title='bbox 565 1650 785 1691; x_wconf 83' lang='lat' dir='ltr'>insitionis</span> <span class='ocrx_word' id='word_1_216' title='bbox 814 1650 1010 1701; x_wconf 74' lang='lat' dir='ltr'>ignarum</span> <span class='ocrx_word' id='word_1_217' title='bbox 1040 1651 1107 1690; x_wconf 79' lang='lat' dir='ltr'>vel</span> <span class='ocrx_word' id='word_1_218' title='bbox 1135 1649 1429 1704; x_wconf 83' lang='lat' dir='ltr'>agriculturae</span> <span class='ocrx_word' id='word_1_219' title='bbox 1458 1648 1582 1701; x_wconf 82' lang='lat' dir='ltr'>leges</span> 
     </span>
     <span class='ocr_line' id='line_1_27' title="bbox 123 1705 1581 1765; baseline -0.002 -18"><span class='ocrx_word' id='word_1_220' title='bbox 123 1722 275 1765; x_wconf 84' lang='lat' dir='ltr'>parum</span> <span class='ocrx_word' id='word_1_221' title='bbox 305 1712 526 1748; x_wconf 81' lang='lat' dir='ltr'>curantem</span> <span class='ocrx_word' id='word_1_222' title='bbox 554 1707 725 1748; x_wconf 79' lang='lat' dir='ltr'>docendi</span> <span class='ocrx_word' id='word_1_223' title='bbox 751 1709 879 1746; x_wconf 58' lang='lat' dir='ltr'>cazas-(5</span> <span class='ocrx_word' id='word_1_224' title='bbox 907 1721 994 1747; x_wconf 92' lang='lat' dir='ltr'>rem</span> <span class='ocrx_word' id='word_1_225' title='bbox 1025 1707 1285 1747; x_wconf 84' lang='lat' dir='ltr'>conlinxisse</span> <span class='ocrx_word' id='word_1_226' title='bbox 1308 1706 1387 1758; x_wconf 89' lang='lat' dir='ltr'>iis,</span> <span class='ocrx_word' id='word_1_227' title='bbox 1418 1705 1493 1760; x_wconf 90' lang='lat' dir='ltr'>qui</span> <span class='ocrx_word' id='word_1_228' title='bbox 1514 1705 1581 1745; x_wconf 93' lang='lat' dir='ltr'>in-</span> 
     </span>
     <span class='ocr_line' id='line_1_28' title="bbox 125 1763 1581 1819; baseline -0.003 -13"><span class='ocrx_word' id='word_1_229' title='bbox 125 1765 301 1806; x_wconf 73' lang='lat' dir='ltr'>sitionis</span> <span class='ocrx_word' id='word_1_230' title='bbox 321 1765 532 1805; x_wconf 88' lang='lat' dir='ltr'>rationem</span> <span class='ocrx_word' id='word_1_231' title='bbox 555 1777 634 1803; x_wconf 89' lang='lat' dir='ltr'>non</span> <span class='ocrx_word' id='word_1_232' title='bbox 655 1764 830 1819; x_wconf 84' lang='lat' dir='ltr'>penitus</span> <span class='ocrx_word' id='word_1_233' title='bbox 853 1763 1114 1818; x_wconf 76' lang='lat' dir='ltr'>perscrutati</span> <span class='ocrx_word' id='word_1_234' title='bbox 1135 1763 1322 1814; x_wconf 78' lang='lat' dir='ltr'>fuerint,</span> <span class='ocrx_word' id='word_1_235' title='bbox 1351 1763 1461 1803; x_wconf 85' lang='lat' dir='ltr'>satis</span> <span class='ocrx_word' id='word_1_236' title='bbox 1480 1774 1581 1815; x_wconf 84' lang='lat' dir='ltr'>pro·</span> 
     </span>
     <span class='ocr_line' id='line_1_29' title="bbox 123 1817 1582 1875; baseline -0.003 -13"><span class='ocrx_word' id='word_1_237' title='bbox 123 1819 310 1862; x_wconf 84' lang='lat' dir='ltr'>habilem</span> <span class='ocrx_word' id='word_1_238' title='bbox 340 1820 490 1875; x_wconf 89' lang='lat' dir='ltr'>reique</span> <span class='ocrx_word' id='word_1_239' title='bbox 522 1833 632 1873; x_wconf 78' lang='lat' dir='ltr'>quae</span> <span class='ocrx_word' id='word_1_240' title='bbox 660 1821 788 1874; x_wconf 86' lang='lat' dir='ltr'>plana</span> <span class='ocrx_word' id='word_1_241' title='bbox 820 1818 1016 1859; x_wconf 81' lang='lat' dir='ltr'>facienda</span> <span class='ocrx_word' id='word_1_242' title='bbox 1047 1824 1144 1859; x_wconf 88' lang='lat' dir='ltr'>erat</span> <span class='ocrx_word' id='word_1_243' title='bbox 1173 1819 1296 1860; x_wconf 89' lang='lat' dir='ltr'>unice</span> <span class='ocrx_word' id='word_1_244' title='bbox 1325 1817 1582 1858; x_wconf 84' lang='lat' dir='ltr'>convenien-</span> 
     </span>
     <span class='ocr_line' id='line_1_30' title="bbox 123 1875 1580 1931; baseline -0.002 -14"><span class='ocrx_word' id='word_1_245' title='bbox 123 1883 228 1920; x_wconf 88' lang='lat' dir='ltr'>tem.</span> <span class='ocrx_word' id='word_1_246' title='bbox 285 1876 506 1920; x_wconf 86' lang='lat' dir='ltr'>Arborem</span> <span class='ocrx_word' id='word_1_247' title='bbox 529 1876 732 1916; x_wconf 73' lang='lat' dir='ltr'>insitio-iis</span> <span class='ocrx_word' id='word_1_248' title='bbox 757 1876 938 1916; x_wconf 87' lang='lat' dir='ltr'>ramulis</span> <span class='ocrx_word' id='word_1_249' title='bbox 959 1890 1129 1916; x_wconf 87' lang='lat' dir='ltr'>succum</span> <span class='ocrx_word' id='word_1_250' title='bbox 1160 1875 1387 1931; x_wconf 84' lang='lat' dir='ltr'>impertire</span> <span class='ocrx_word' id='word_1_251' title='bbox 1415 1875 1478 1914; x_wconf 92' lang='lat' dir='ltr'>rei</span> <span class='ocrx_word' id='word_1_252' title='bbox 1507 1888 1580 1914; x_wconf 91' lang='lat' dir='ltr'>rn-</span> 
     </span>
     <span class='ocr_line' id='line_1_31' title="bbox 123 1930 1581 1989; baseline -0.003 -15"><span class='ocrx_word' id='word_1_253' title='bbox 123 1934 261 1974; x_wconf 86' lang='lat' dir='ltr'>sticae</span> <span class='ocrx_word' id='word_1_254' title='bbox 284 1932 415 1974; x_wconf 89' lang='lat' dir='ltr'>rudes</span> <span class='ocrx_word' id='word_1_255' title='bbox 436 1940 481 1974; x_wconf 89' lang='lat' dir='ltr'>et</span> <span class='ocrx_word' id='word_1_256' title='bbox 499 1933 692 1988; x_wconf 84' lang='lat' dir='ltr'>imperiti</span> <span class='ocrx_word' id='word_1_257' title='bbox 713 1932 841 1972; x_wconf 80' lang='lat' dir='ltr'>facile</span> <span class='ocrx_word' id='word_1_258' title='bbox 863 1932 1061 1974; x_wconf 88' lang='lat' dir='ltr'>credunt.</span> <span class='ocrx_word' id='word_1_259' title='bbox 1135 1930 1195 1973; x_wconf 89' lang='lat' dir='ltr'>Ut</span> <span class='ocrx_word' id='word_1_260' title='bbox 1220 1932 1408 1987; x_wconf 90' lang='lat' dir='ltr'>populus</span> <span class='ocrx_word' id='word_1_261' title='bbox 1432 1930 1581 1989; x_wconf 86' lang='lat' dir='ltr'>jndai-</span> 
     </span>
     <span class='ocr_line' id='line_1_32' title="bbox 124 1988 1582 2041; baseline -0.003 -10"><span class='ocrx_word' id='word_1_262' title='bbox 124 2004 200 2031; x_wconf 90' lang='lat' dir='ltr'>cus</span> <span class='ocrx_word' id='word_1_263' title='bbox 233 2004 327 2031; x_wconf 87' lang='lat' dir='ltr'>cum</span> <span class='ocrx_word' id='word_1_264' title='bbox 357 1990 478 2041; x_wconf 69' lang='lat' dir='ltr'>olea,</span> <span class='ocrx_word' id='word_1_265' title='bbox 515 1988 740 2041; x_wconf 82' lang='lat' dir='ltr'>gentilium</span> <span class='ocrx_word' id='word_1_266' title='bbox 771 1989 934 2029; x_wconf 77' lang='lat' dir='ltr'>familia</span> <span class='ocrx_word' id='word_1_267' title='bbox 964 2003 1057 2029; x_wconf 88' lang='lat' dir='ltr'>cum</span> <span class='ocrx_word' id='word_1_268' title='bbox 1087 1988 1278 2029; x_wconf 84' lang='lat' dir='ltr'>oleastro</span> <span class='ocrx_word' id='word_1_269' title='bbox 1307 1988 1582 2028; x_wconf 77' lang='lat' dir='ltr'>conferretur</span> 
     </span>
     <span class='ocr_line' id='line_1_33' title="bbox 123 2043 1581 2099; baseline -0.003 -11"><span class='ocrx_word' id='word_1_270' title='bbox 123 2060 194 2088; x_wconf 81' lang='lat' dir='ltr'>res</span> <span class='ocrx_word' id='word_1_271' title='bbox 214 2044 443 2099; x_wconf 77' lang='lat' dir='ltr'>flagitavit.</span> <span class='ocrx_word' id='word_1_272' title='bbox 508 2044 594 2087; x_wconf 90' lang='lat' dir='ltr'>Ille</span> <span class='ocrx_word' id='word_1_273' title='bbox 624 2046 736 2086; x_wconf 89' lang='lat' dir='ltr'>enim</span> <span class='ocrx_word' id='word_1_274' title='bbox 769 2046 931 2086; x_wconf 89' lang='lat' dir='ltr'>nobilis</span> <span class='ocrx_word' id='word_1_275' title='bbox 961 2050 1080 2094; x_wconf 87' lang='lat' dir='ltr'>erat,</span> <span class='ocrx_word' id='word_1_276' title='bbox 1120 2045 1224 2085; x_wconf 81' lang='lat' dir='ltr'>haec</span> <span class='ocrx_word' id='word_1_277' title='bbox 1248 2044 1384 2085; x_wconf 87' lang='lat' dir='ltr'>multo</span> <span class='ocrx_word' id='word_1_278' title='bbox 1409 2043 1581 2096; x_wconf 82' lang='lat' dir='ltr'>ignobi-</span> 
     </span>
     <span class='ocr_line' id='line_1_34' title="bbox 125 2100 1580 2157; baseline -0.002 -14"><span class='ocrx_word' id='word_1_279' title='bbox 125 2102 236 2145; x_wconf 91' lang='lat' dir='ltr'>lior:</span> <span class='ocrx_word' id='word_1_280' title='bbox 286 2104 391 2144; x_wconf 88' lang='lat' dir='ltr'>haec</span> <span class='ocrx_word' id='word_1_281' title='bbox 420 2100 530 2142; x_wconf 90' lang='lat' dir='ltr'>nuda</span> <span class='ocrx_word' id='word_1_282' title='bbox 564 2109 606 2142; x_wconf 89' lang='lat' dir='ltr'>et</span> <span class='ocrx_word' id='word_1_283' title='bbox 638 2101 761 2156; x_wconf 87' lang='lat' dir='ltr'>inops</span> <span class='ocrx_word' id='word_1_284' title='bbox 794 2107 913 2153; x_wconf 78' lang='lat' dir='ltr'>erat,</span> <span class='ocrx_word' id='word_1_285' title='bbox 954 2102 1030 2142; x_wconf 90' lang='lat' dir='ltr'>ille</span> <span class='ocrx_word' id='word_1_286' title='bbox 1058 2100 1328 2157; x_wconf 85' lang='lat' dir='ltr'>amplissima</span> <span class='ocrx_word' id='word_1_287' title='bbox 1360 2100 1446 2141; x_wconf 89' lang='lat' dir='ltr'>Dei</span> <span class='ocrx_word' id='word_1_288' title='bbox 1477 2112 1580 2156; x_wconf 88' lang='lat' dir='ltr'>pro-</span> 
     </span>
     <span class='ocr_line' id='line_1_35' title="bbox 124 2155 1580 2215; baseline -0.001 -16"><span class='ocrx_word' id='word_1_289' title='bbox 124 2159 256 2199; x_wconf 86' lang='lat' dir='ltr'>missa</span> <span class='ocrx_word' id='word_1_290' title='bbox 278 2158 531 2215; x_wconf 83' lang='lat' dir='ltr'>possidebat</span> <span class='ocrx_word' id='word_1_291' title='bbox 551 2159 732 2213; x_wconf 75' lang='lat' dir='ltr'>paganis</span> <span class='ocrx_word' id='word_1_292' title='bbox 755 2159 838 2197; x_wconf 76' lang='lat' dir='ltr'>nisi</span> <span class='ocrx_word' id='word_1_293' title='bbox 862 2159 901 2198; x_wconf 92' lang='lat' dir='ltr'>in</span> <span class='ocrx_word' id='word_1_294' title='bbox 915 2157 1132 2214; x_wconf 85' lang='lat' dir='ltr'>judaicam</span> <span class='ocrx_word' id='word_1_295' title='bbox 1153 2158 1370 2198; x_wconf 78' lang='lat' dir='ltr'>civitatem</span> <span class='ocrx_word' id='word_1_296' title='bbox 1391 2155 1580 2211; x_wconf 83' lang='lat' dir='ltr'>receptis</span> 
     </span>
     <span class='ocr_line' id='line_1_36' title="bbox 126 2213 1580 2270; baseline -0.002 -15"><span class='ocrx_word' id='word_1_297' title='bbox 126 2216 302 2256; x_wconf 87' lang='lat' dir='ltr'>minime</span> <span class='ocrx_word' id='word_1_298' title='bbox 330 2214 579 2256; x_wconf 87' lang='lat' dir='ltr'>obtinenda.</span> <span class='ocrx_word' id='word_1_299' title='bbox 639 2216 754 2255; x_wconf 79' lang='lat' dir='ltr'>Sane</span> <span class='ocrx_word' id='word_1_300' title='bbox 783 2215 918 2265; x_wconf 72' lang='lat' dir='ltr'>igitur</span> <span class='ocrx_word' id='word_1_301' title='bbox 948 2229 1025 2270; x_wconf 90' lang='lat' dir='ltr'>per</span> <span class='ocrx_word' id='word_1_302' title='bbox 1053 2213 1179 2254; x_wconf 86' lang='lat' dir='ltr'>fidem</span> <span class='ocrx_word' id='word_1_303' title='bbox 1208 2213 1364 2254; x_wconf 81' lang='lat' dir='ltr'>beandi</span> <span class='ocrx_word' id='word_1_304' title='bbox 1392 2213 1580 2268; x_wconf 84' lang='lat' dir='ltr'>gentiles</span> 
     </span>
     <span class='ocr_line' id='line_1_37' title="bbox 125 2266 1579 2327; baseline -0.003 -15"><span class='ocrx_word' id='word_1_305' title='bbox 125 2272 307 2312; x_wconf 85' lang='lat' dir='ltr'>oleastri</span> <span class='ocrx_word' id='word_1_306' title='bbox 338 2272 527 2312; x_wconf 86' lang='lat' dir='ltr'>surculis</span> <span class='ocrx_word' id='word_1_307' title='bbox 558 2271 696 2311; x_wconf 78' lang='lat' dir='ltr'>olivae</span> <span class='ocrx_word' id='word_1_308' title='bbox 728 2272 873 2311; x_wconf 76' lang='lat' dir='ltr'>insitis</span> <span class='ocrx_word' id='word_1_309' title='bbox 902 2269 1216 2327; x_wconf 87' lang='lat' dir='ltr'>aequiparandi</span> <span class='ocrx_word' id='word_1_310' title='bbox 1244 2273 1384 2312; x_wconf 87' lang='lat' dir='ltr'>erant.</span> <span class='ocrx_word' id='word_1_311' title='bbox 1442 2266 1579 2311; x_wconf 83' lang='lat' dir='ltr'>Natio</span> 
     </span>
     <span class='ocr_line' id='line_1_38' title="bbox 121 2324 1581 2384; baseline -0.002 -16"><span class='ocrx_word' id='word_1_312' title='bbox 121 2326 297 2384; x_wconf 84' lang='lat' dir='ltr'>judaica</span> <span class='ocrx_word' id='word_1_313' title='bbox 332 2342 425 2368; x_wconf 90' lang='lat' dir='ltr'>cum</span> <span class='ocrx_word' id='word_1_314' title='bbox 462 2327 674 2375; x_wconf 83' lang='lat' dir='ltr'>oleastro,</span> <span class='ocrx_word' id='word_1_315' title='bbox 723 2341 986 2382; x_wconf 72' lang='lat' dir='ltr'>paganorum</span> <span class='ocrx_word' id='word_1_316' title='bbox 1019 2341 1156 2381; x_wconf 87' lang='lat' dir='ltr'>genus</span> <span class='ocrx_word' id='word_1_317' title='bbox 1187 2341 1280 2367; x_wconf 88' lang='lat' dir='ltr'>cum</span> <span class='ocrx_word' id='word_1_318' title='bbox 1313 2327 1406 2370; x_wconf 66' lang='lat' dir='ltr'>olea</span> <span class='ocrx_word' id='word_1_319' title='bbox 1442 2329 1485 2365; x_wconf 84' lang='lat' dir='ltr'>et</span> <span class='ocrx_word' id='word_1_320' title='bbox 1515 2324 1581 2381; x_wconf 87' lang='lat' dir='ltr'>pii</span> 
     </span>
     <span class='ocr_line' id='line_1_39' title="bbox 127 2383 1589 2438; baseline -0.002 -13"><span class='ocrx_word' id='word_1_321' title='bbox 127 2384 314 2438; x_wconf 88' lang='lat' dir='ltr'>gentiles</span> <span class='ocrx_word' id='word_1_322' title='bbox 335 2398 428 2425; x_wconf 89' lang='lat' dir='ltr'>cum</span> <span class='ocrx_word' id='word_1_323' title='bbox 454 2383 694 2435; x_wconf 77' lang='lat' dir='ltr'>oleagineis</span> <span class='ocrx_word' id='word_1_324' title='bbox 715 2384 895 2423; x_wconf 83' lang='lat' dir='ltr'>ramulis</span> <span class='ocrx_word' id='word_1_325' title='bbox 917 2384 1106 2424; x_wconf 77' lang='lat' dir='ltr'>oleastro</span> <span class='ocrx_word' id='word_1_326' title='bbox 1130 2383 1276 2424; x_wconf 82' lang='lat' dir='ltr'>insitis</span> <span class='ocrx_word' id='word_1_327' title='bbox 1301 2396 1353 2423; x_wconf 88' lang='lat' dir='ltr'>ne</span> <span class='ocrx_word' id='word_1_328' title='bbox 1375 2384 1589 2438; x_wconf 83' lang='lat' dir='ltr'>poterant-</span> 
     </span>
     <span class='ocr_line' id='line_1_40' title="bbox 128 2436 1580 2495; baseline 0 -15"><span class='ocrx_word' id='word_1_329' title='bbox 128 2440 300 2495; x_wconf 86' lang='lat' dir='ltr'>quidem</span> <span class='ocrx_word' id='word_1_330' title='bbox 329 2454 352 2481; x_wconf 89' lang='lat' dir='ltr'>a</span> <span class='ocrx_word' id='word_1_331' title='bbox 387 2439 434 2482; x_wconf 84' lang='lat' dir='ltr'>P.</span> <span class='ocrx_word' id='word_1_332' title='bbox 462 2440 667 2483; x_wconf 76' lang='lat' dir='ltr'>conferri.</span> <span class='ocrx_word' id='word_1_333' title='bbox 728 2440 948 2482; x_wconf 75' lang='lat' dir='ltr'>Contende</span> <span class='ocrx_word' id='word_1_334' title='bbox 971 2441 1216 2495; x_wconf 71' lang='lat' dir='ltr'>Oi&#39;iqetzem:</span> <span class='ocrx_word' id='word_1_335' title='bbox 1252 2437 1363 2492; x_wconf 88' lang='lat' dir='ltr'>„llli</span> <span class='ocrx_word' id='word_1_336' title='bbox 1385 2436 1580 2494; x_wconf 84' lang='lat' dir='ltr'>(agrico-</span> 
     </span>
    </p>
   </div>
   <div class='ocr_carea' id='block_1_5' title="bbox 216 2563 1579 2887">
    <p class='ocr_par' dir='ltr' id='par_1_5' title="bbox 216 2563 1579 2887">
     <span class='ocr_line' id='line_1_41' title="bbox 218 2563 1579 2613; baseline -0.001 -11"><span class='ocrx_word' id='word_1_337' title='bbox 218 2568 382 2602; x_wconf 70' lang='lat' dir='ltr'>arborem</span> <span class='ocrx_word' id='word_1_338' title='bbox 396 2593 404 2607; x_wconf 78' lang='grc'>,</span> <span class='ocrx_word' id='word_1_339' title='bbox 438 2568 520 2610; x_wconf 82' lang='lat' dir='ltr'>quia</span> <span class='ocrx_word' id='word_1_340' title='bbox 539 2575 570 2602; x_wconf 79' lang='lat' dir='ltr'>et</span> <span class='ocrx_word' id='word_1_341' title='bbox 583 2570 714 2611; x_wconf 77' lang='lat' dir='ltr'>pulcra</span> <span class='ocrx_word' id='word_1_342' title='bbox 734 2574 782 2601; x_wconf 82' lang='lat' dir='ltr'>est</span> <span class='ocrx_word' id='word_1_343' title='bbox 802 2573 835 2601; x_wconf 81' lang='lat' dir='ltr'>et</span> <span class='ocrx_word' id='word_1_344' title='bbox 845 2568 1050 2613; x_wconf 79' lang='lat' dir='ltr'>fructifera</span> <span class='ocrx_word' id='word_1_345' title='bbox 1069 2568 1125 2602; x_wconf 81' lang='lat' dir='ltr'>Ps.</span> <span class='ocrx_word' id='word_1_346' title='bbox 1144 2567 1200 2613; x_wconf 68' lang='lat'>59,</span> <span class='ocrx_word' id='word_1_347' title='bbox 1220 2568 1275 2601; x_wconf 92' lang='grc'>10.</span> <span class='ocrx_word' id='word_1_348' title='bbox 1298 2563 1399 2607; x_wconf 84' lang='lat' dir='ltr'>[haec</span> <span class='ocrx_word' id='word_1_349' title='bbox 1416 2565 1579 2613; x_wconf 80' lang='lat' dir='ltr'>probavit</span> 
     </span>
     <span class='ocr_line' id='line_1_42' title="bbox 217 2612 1578 2657; baseline -0.001 -10"><span class='ocrx_word' id='word_1_350' title='bbox 217 2614 444 2656; x_wconf 71' lang='lat' dir='ltr'>Tholuccms]</span> <span class='ocrx_word' id='word_1_351' title='bbox 464 2620 498 2646; x_wconf 80' lang='lat' dir='ltr'>et</span> <span class='ocrx_word' id='word_1_352' title='bbox 517 2626 565 2646; x_wconf 77' lang='lat' dir='ltr'>ex</span> <span class='ocrx_word' id='word_1_353' title='bbox 585 2616 629 2646; x_wconf 67' lang='lat' dir='ltr'>mi</span> <span class='ocrx_word' id='word_1_354' title='bbox 648 2621 836 2656; x_wconf 63' lang='lat' dir='ltr'>unguntur</span> <span class='ocrx_word' id='word_1_355' title='bbox 856 2627 960 2657; x_wconf 67' lang='lat' dir='ltr'>regnes</span> <span class='ocrx_word' id='word_1_356' title='bbox 979 2621 1013 2646; x_wconf 80' lang='grc' dir='ltr'><em>ιί</em></span> <span class='ocrx_word' id='word_1_357' title='bbox 1030 2612 1285 2648; x_wconf 75' lang='lat' dir='ltr'>sacerdotes.&#39;&#39;</span> <span class='ocrx_word' id='word_1_358' title='bbox 1307 2613 1329 2653; x_wconf 73' lang='lat' dir='ltr'>(l</span> <span class='ocrx_word' id='word_1_359' title='bbox 1342 2612 1366 2654; x_wconf 80' lang='lat' dir='ltr'>l)</span> <span class='ocrx_word' id='word_1_360' title='bbox 1416 2612 1578 2645; x_wconf 75' lang='lat' dir='ltr'>Otslzau-</span> 
     </span>
     <span class='ocr_line' id='line_1_43' title="bbox 217 2657 1577 2703; baseline -0.002 -10"><span class='ocrx_word' id='word_1_361' title='bbox 217 2671 327 2693; x_wconf 82' lang='lat' dir='ltr'>senus</span> <span class='ocrx_word' id='word_1_362' title='bbox 346 2667 461 2691; x_wconf 71' lang='lat' dir='ltr'>auu-m</span> <span class='ocrx_word' id='word_1_363' title='bbox 487 2659 634 2692; x_wconf 68' lang='lat' dir='ltr'>Paulum</span> <span class='ocrx_word' id='word_1_364' title='bbox 658 2660 754 2692; x_wconf 67' lang='lat' dir='ltr'>oleae</span> <span class='ocrx_word' id='word_1_365' title='bbox 774 2659 1005 2693; x_wconf 75' lang='lat' dir='ltr'>similitudine</span> <span class='ocrx_word' id='word_1_366' title='bbox 1025 2660 1104 2693; x_wconf 84' lang='lat' dir='ltr'>ideo</span> <span class='ocrx_word' id='word_1_367' title='bbox 1124 2672 1226 2693; x_wconf 82' lang='lat' dir='ltr'>usum</span> <span class='ocrx_word' id='word_1_368' title='bbox 1246 2670 1318 2692; x_wconf 86' lang='lat' dir='ltr'>esse</span> <span class='ocrx_word' id='word_1_369' title='bbox 1339 2664 1457 2703; x_wconf 83' lang='lat' dir='ltr'>putat,</span> <span class='ocrx_word' id='word_1_370' title='bbox 1480 2657 1577 2701; x_wconf 82' lang='lat' dir='ltr'>quod</span> 
     </span>
     <span class='ocr_line' id='line_1_44' title="bbox 218 2702 1578 2749; baseline -0.002 -12"><span class='ocrx_word' id='word_1_371' title='bbox 218 2706 315 2739; x_wconf 79' lang='lat' dir='ltr'>oleae</span> <span class='ocrx_word' id='word_1_372' title='bbox 334 2705 511 2748; x_wconf 62' lang='lat' dir='ltr'>pinguedo</span> <span class='ocrx_word' id='word_1_373' title='bbox 532 2705 642 2749; x_wconf 83' lang='lat' dir='ltr'>largas</span> <span class='ocrx_word' id='word_1_374' title='bbox 659 2705 769 2738; x_wconf 68' lang='lat' dir='ltr'>divini</span> <span class='ocrx_word' id='word_1_375' title='bbox 790 2706 931 2749; x_wconf 79' lang='lat' dir='ltr'>spiritus</span> <span class='ocrx_word' id='word_1_376' title='bbox 951 2706 1049 2738; x_wconf 52' lang='lat' dir='ltr'>dates</span> <span class='ocrx_word' id='word_1_377' title='bbox 1069 2718 1129 2749; x_wconf 79' lang='lat' dir='ltr'>pei·</span> <span class='ocrx_word' id='word_1_378' title='bbox 1148 2712 1371 2738; x_wconf 81' lang='lat' dir='ltr'>transennam</span> <span class='ocrx_word' id='word_1_379' title='bbox 1391 2702 1578 2748; x_wconf 81' lang='lat' dir='ltr'>significet,</span> 
     </span>
     <span class='ocr_line' id='line_1_45' title="bbox 219 2750 1578 2794; baseline -0.001 -13"><span class='ocrx_word' id='word_1_380' title='bbox 219 2763 306 2794; x_wconf 83' lang='lat' dir='ltr'>quae</span> <span class='ocrx_word' id='word_1_381' title='bbox 335 2751 496 2784; x_wconf 72' lang='lat' dir='ltr'>lsraeli¹is</span> <span class='ocrx_word' id='word_1_382' title='bbox 524 2751 693 2784; x_wconf 54' lang='lat' dir='ltr'>dioniius</span> <span class='ocrx_word' id='word_1_383' title='bbox 721 2752 910 2784; x_wconf 78' lang='lat' dir='ltr'>destinatae</span> <span class='ocrx_word' id='word_1_384' title='bbox 934 2750 1081 2783; x_wconf 72' lang='lat' dir='ltr'>sue-int.</span> <span class='ocrx_word' id='word_1_385' title='bbox 1130 2750 1221 2783; x_wconf 85' lang='lat' dir='ltr'>Hinc</span> <span class='ocrx_word' id='word_1_386' title='bbox 1245 2760 1384 2783; x_wconf 80' lang='lat' dir='ltr'>sacrum</span> <span class='ocrx_word' id='word_1_387' title='bbox 1412 2760 1578 2793; x_wconf 80' lang='lat' dir='ltr'>unguen-</span> 
     </span>
     <span class='ocr_line' id='line_1_46' title="bbox 218 2793 1577 2842; baseline 0 -14"><span class='ocrx_word' id='word_1_388' title='bbox 218 2802 291 2828; x_wconf 76' lang='lat' dir='ltr'>tun·</span> <span class='ocrx_word' id='word_1_389' title='bbox 313 2795 423 2830; x_wconf 75' lang='lat' dir='ltr'>Emd.</span> <span class='ocrx_word' id='word_1_390' title='bbox 441 2797 495 2838; x_wconf 67' lang='lat'>25,</span> <span class='ocrx_word' id='word_1_391' title='bbox 513 2796 545 2828; x_wconf 75' lang='grc'>6.</span> <span class='ocrx_word' id='word_1_392' title='bbox 571 2796 626 2836; x_wconf 75' lang='grc'>30,</span> <span class='ocrx_word' id='word_1_393' title='bbox 644 2796 697 2830; x_wconf 78' lang='grc'>51.</span> <span class='ocrx_word' id='word_1_394' title='bbox 722 2797 779 2838; x_wconf 75' lang='lat'>37,</span> <span class='ocrx_word' id='word_1_395' title='bbox 800 2796 856 2829; x_wconf 72' lang='lat'>29.</span> <span class='ocrx_word' id='word_1_396' title='bbox 878 2797 1008 2840; x_wconf 80' lang='lat' dir='ltr'>largam</span> <span class='ocrx_word' id='word_1_397' title='bbox 1029 2797 1135 2830; x_wconf 83' lang='lat' dir='ltr'>divini</span> <span class='ocrx_word' id='word_1_398' title='bbox 1154 2795 1297 2842; x_wconf 80' lang='lat' dir='ltr'>spiritus</span> <span class='ocrx_word' id='word_1_399' title='bbox 1317 2793 1577 2840; x_wconf 70' lang='lat' dir='ltr'>suppeditatio-</span> 
     </span>
     <span class='ocr_line' id='line_1_47' title="bbox 216 2840 1095 2887; baseline 0 -13"><span class='ocrx_word' id='word_1_400' title='bbox 216 2853 299 2874; x_wconf 77' lang='lat' dir='ltr'>nem</span> <span class='ocrx_word' id='word_1_401' title='bbox 319 2840 382 2882; x_wconf 75' lang='lat' dir='ltr'>[ef.</span> <span class='ocrx_word' id='word_1_402' title='bbox 403 2843 481 2876; x_wconf 72' lang='lat' dir='ltr'>Act.</span> <span class='ocrx_word' id='word_1_403' title='bbox 505 2842 557 2885; x_wconf 82' lang='lat'>10,</span> <span class='ocrx_word' id='word_1_404' title='bbox 577 2840 648 2882; x_wconf 81' lang='lat'><strong>38.]</strong></span> <span class='ocrx_word' id='word_1_405' title='bbox 667 2841 810 2887; x_wconf 82' lang='lat' dir='ltr'>oblique</span> <span class='ocrx_word' id='word_1_406' title='bbox 828 2841 986 2876; x_wconf 82' lang='lat' dir='ltr'>indicare</span> <span class='ocrx_word' id='word_1_407' title='bbox 1007 2844 1095 2886; x_wconf 58' lang='lat' dir='ltr'>(Mt).</span> 
     </span>
    </p>
   </div>
  </div>
 </body>
</html>
