1715 3115
153 201 240 245 418
438 197 822 243 EPISTOLA
851 199 951 243 AD
982 198 1347 244 ROMANOS

155 315 231 358 γος
250 298 390 343 αἰτῶν
410 304 654 352 verterent,
695 298 794 356 2'2'7?
824 313 904 356 pro
934 309 1007 356 :232
1038 299 1080 340 in
1104 298 1264 343 Codice
1291 314 1370 342 suo
1398 300 1618 345 invenisse

154 358 343 412 (Grot.),
374 362 449 398 aut
468 358 512 398 in
537 358 634 413 ipso
653 360 774 397 textu
797 355 999 397 hebraico
1021 356 1119 411 εζητ
1138 371 1217 413 pro
1242 368 1316 415 :32
1341 357 1618 400 scribendum

155 428 254 456 esse
284 407 387 454 olim
420 412 700 470 conjecerunt
729 417 790 466 (r.
826 412 992 468 Waltz).
1053 413 1282 466 Significat
1313 414 1568 467 vocabulum
1595 411 1619 456 ὅ

156 470 303 517 τόνος,
336 483 358 508 a
384 484 426 513 v.
450 469 578 511 τείνω
599 469 863 522 derivatum,
893 483 981 510 rem
1003 470 1235 522 intentam,
1263 469 1411 526 semem
1431 469 1491 522 (J.
1513 469 1618 526 Pol-7

155 527 231 567 lux
253 526 373 577 10,7.
393 523 614 581 σπάρτον,
654 522 803 572 τόνον,
843 523 1009 576 κειρίαν
1039 524 1205 568 Herod.
1234 527 1276 577 9,
1294 526 1392 569 118.
1424 524 1466 568 οὶ
1492 523 1619 570 τόνοι

153 583 240 623 τῶν
256 581 481 633 κλινέων),
520 588 611 623 tum
643 581 751 623 vocis
781 581 1075 633 intentionem,
1116 586 1303 631 ionum,
1325 595 1485 624 sonum.
1543 581 1618 624 Si-

155 637 322 679 militer
340 651 406 698 213,
438 638 553 694 quod
576 638 749 679 ducitur
770 652 792 677 a
813 651 853 680 v.
875 651 955 697 :7333
983 638 1216 693 (tendere),
1249 637 1423 694 sienem,
1459 637 1617 680 deinde

155 694 382 747 chordam,
411 709 606 747 nervum,
639 699 860 750 postremo
883 708 1028 734 sonum
1062 693 1273 736 declarat.
1333 694 1429 736 Hoc
1454 709 1505 736 eo
1537 695 1618 738 mi-

155 765 237 791 nus
259 751 413 791 mirum
435 757 528 803 est,
559 749 674 807 quod
701 750 985 791 instrumenta
1018 750 1179 791 musica
1210 765 1294 792 non
1325 751 1470 792 nervis
1499 765 1523 793 e
1551 753 1616 794 la-

154 807 297 849 ctibus
317 807 552 858 conlectis,
585 808 660 848 sed
682 806 858 847 funibus
879 812 922 847 et
942 806 1029 847 lilis
1050 806 1296 861 antiquitus
1321 807 1489 848 intenta
1513 813 1617 849 sunt

155 866 217 915 (v.
240 864 412 905 omnino
433 864 652 905 Ewaldum
681 867 724 903 et
743 862 1033 905 Kralzmerum
1060 862 1114 903 ad
1139 861 1212 906 ΡΒ.
1245 864 1401 919 19,5.).
1462 863 1616 906 Verba

156 918 179 961 ὃ
203 917 405 974 φθόγγος
428 917 569 961 αὐτῶν
599 920 642 960 in
676 919 845 976 psalmo
873 932 1020 960 sonum
1045 923 1370 976 concentumque
1394 917 1615 963 coelorum

154 975 243 1017 Dei
264 975 533 1033 majestatem
557 975 867 1018 celebrantium
891 975 1095 1016 musicum
1116 975 1193 1031 (cf.
1221 974 1367 1018 Wetst.
1387 975 1442 1017 ad
1467 978 1487 1017 l
1511 976 1615 1021 Cor.

156 1032 301 1085 14‚7.)
324 1033 578 1087 designant,
610 1031 749 1074 Paulo
769 1031 1078 1085 magistrorum
1102 1046 1174 1074 res
1203 1032 1445 1075 messianas
1471 1031 1617 1075 divul-

155 1089 352 1143 gantium
374 1103 510 1131 vocem
532 1089 774 1130 declarant.
832 1087 981 1128 Verba
1002 1085 1067 1137 εἷς
1086 1089 1269 1130 πᾶσαν
1294 1086 1371 1144 τὴν
1389 1089 1468 1145 γῆν
1487 1090 1532 1131 et
1551 1086 1616 1140 εἷς

156 1143 220 1185 τὰ
257 1142 474 1200 πέρατα
512 1146 590 1201 τῆς
624 1143 902 1199 οἰκουμένης,
950 1159 972 1186 e
1003 1144 1161 1200 quibus
1192 1144 1433 1187 doctrinam
1460 1145 1615 1189 christ.

155 1201 370 1257 Apostoli
391 1201 662 1258 temporibus
681 1201 734 1242 ad
761 1200 995 1252 Sinenses‚
1028 1200 1162 1241 ludos
1182 1215 1348 1257 eosque
1366 1202 1441 1258 qui
1462 1201 1614 1244 Brasi-

156 1257 260 1298 liam
285 1258 526 1299 incolerent
583 1258 765 1299 erlatam
795 1271 891 1298 esse
923 1257 1120 1298 nonnulli
1150 1265 1312 1299 temere
1344 1259 1615 1313 collegerunt

157 1317 219 1368 (v.
244 1313 478 1356 Cornelium
499 1329 525 1356 α
545 1273 759 1369 Rapido),
790 1314 994 1370 populari
1011 1314 1178 1355 trutina
1199 1314 1447 1356 examinata
1468 1313 1520 1359 P.
1548 1314 1613 1357 sie

157 1370 297 1427 cepit:
318 1370 435 1426 Ionqe
453 1370 620 1427 lateque
642 1370 883 1412 doctrinam
902 1370 1054 1412 christ.
1074 1371 1128 1411 ab
1147 1370 1361 1427 apostolis
1380 1370 1495 1413 inter
1507 1385 1613 1426 gen-

155 1427 260 1468 tiles
280 1426 606 1468 disseminatam
628 1441 726 1468 esse
750 1428 828 1481 (cf.
850 1426 942 1479 l,8.
972 1425 1069 1469 Col.
1094 1427 1185 1479 1‚6.
1207 1426 1278 1469 23.
1307 1425 1551 1472 Herodian.
1570 1429 1613 1481 2,

159 1485 282 1535 11,7.
302 1508 356 1514 —-
379 1479 485 1525 οὐδὲ
516 1499 558 1524 τι
592 1478 641 1538 ἣν
667 1483 743 1540 γῆς
769 1482 905 1539 μέρος
935 1477 962 1537 ἢ
990 1480 1124 1535 κλίμα
1153 1482 1366 1537 οὐρανοῦ,
1407 1481 1610 1541 ὅπου·,ιιῆ

148 1537 358 1591 Ῥωμαῖοι
376 1539 601 1594 [quamdiu
626 1539 872 1594 respublica
894 1540 1051 1593 staret]
1081 1537 1158 1594 τὴν
1185 1536 1319 1594 ἀρχὴν
1347 1536 1613 1594 {gers-wau).

156 1603 426 1646 Ostenderat
449 1604 540 1659 Ap.
564 1595 725 1643 πάντα
742 1602 818 1645 τὸν
837 1605 1101 1645 πιστεύοντα
1124 1604 1265 1647 salute
1284 1606 1501 1649 messian&
1532 1621 1611 1664 po-

156 1661 233 1702 tiri
252 1665 313 1716 (ν.
336 1662 404 1704 11.
427 1685 479 1691 -
502 1660 570 1703 13.
600 1661 655 1703 cf.
679 1675 719 1704 v,
739 1659 827 1712 4.)‚
859 1659 974 1714 quod
995 1664 1136 1701 autem
1160 1675 1243 1702 non
1274 1676 1423 1704 omnes
1453 1663 1612 1720 pagani

156 1716 283 1758 fidem
312 1716 592 1768 habuissent,
631 1731 716 1757 non
747 1716 835 1757 Dei
863 1716 989 1772 culpa
1021 1718 1180 1757 sactum
1210 1731 1332 1770 esse,
1372 1718 1446 1774 qui
1475 1720 1611 1774 magi-

158 1780 277 1816 stros
297 1773 350 1813 ad
375 1773 477 1814 illos
500 1773 718 1825 misisset,
749 1771 826 1814 sed
847 1786 994 1813 eorum
1013 1772 1118 1813 vitio
1141 1773 1395 1827 gentilium,
1425 1775 1500 1830 qui
1520 1789 1610 1820 mar

155 1830 311 1884 gistris
331 1828 457 1870 Iidem
480 1828 771 1882 denegassent
800 1843 839 1872 v.
870 1828 938 1872 14.
958 1851 1013 1859 —
1033 1828 1119 1872 18..
1187 1827 1291 1872 Jam-
1313 1830 1392 1881 iis,
1431 1831 1507 1887 qui
1533 1833 1610 1888 pe-

156 1886 252 1942 puli
287 1885 520 1928 israelitici
552 1900 702 1926 nomen
732 1885 1075 1941 dignitatemque
1106 1885 1244 1939 (9‚4.)
1275 1885 1611 1941 admirarentur,

156 1941 311 1984 durum
334 1948 378 1983 et
397 1942 593 1998 iniquum
613 1942 753 1984 videri
771 1941 1019 1992 debuisset,
1049 1942 1087 1983 si
1111 1941 1235 1983 Deus
1257 1943 1517 1984 messianam
1539 1942 1609 1985 sass

155 1998 290 2040 lutem
314 1999 374 2039 ita
395 2013 488 2039 cum
511 1999 697 2040 ethnicis
715 1997 1047 2055 participasset,
1075 2002 1125 2038 ut
1143 1997 1188 2039 id
1210 2012 1257 2040 se
1277 1999 1488 2041 facturum
1509 2013 1609 2042 esse

155 2053 390 2097 Israelitas
412 2055 614 2109 ignorare
634 2060 887 2111 pateretur,
917 2057 1014 2110 qui,
1039 2068 1174 2151 guum
1197 2068 1220 2096 a
1244 2054 1342 2097 Deo
1361 2069 1467 2112 prae
1493 2061 1609 2099 cete-

155 2111 219 2152 ris
241 2114 515 2162 foverentur,
546 2126 678 2168 super
698 2111 821 2153 tanta
839 2125 887 2152 re
908 2125 990 2151 non
1012 2124 1034 2151 a
1071 2110 1221 2152 moniti
1249 2109 1459 2153 divinitus
1489 2113 1609 2168 salu-5

156 2172 243 2209 tem
265 2182 344 2223 per
364 2168 571 2209 Messiam
592 2173 761 2224 partam
781 2182 864 2209 non
882 2167 1132 2224 potuissent
1161 2181 1246 2208 non
1276 2167 1363 2209 sibi
1391 2167 1502 2210 solis
1532 2168 1608 2210 de-

156 2224 340 2267 stinare.
381 2222 538 2280 ltaque
559 2224 870 2279 objectionem,
893 2238 1003 2279 quae
1022 2237 1127 2265 suae
1147 2224 1390 2267 sententiae
1409 2224 1607 2276 (πάντα

154 2279 230 2321 τὸν
254 2280 518 2321 πιστεύοντα
539 2272 764 2331 σώζεσθαι
793 2295 834 2322 v.
854 2282 922 2322 11.
942 2305 994 2310 —
1018 2280 1107 2332 18.)
1136 2278 1314 2322 obtendi
1341 2283 1516 2337 poterat
1540 2284 1607 2334 (at

153 2334 377 2377 Israelitis
399 2350 482 2377 non
503 2335 614 2377 dixit
635 2336 786 2388 Deus,
825 2350 873 2377 se
901 2349 1110 2377 summam
1139 2337 1323 2377 salutem
1352 2350 1446 2377 cum
1473 2350 1607 2393 paga-

155 2392 225 2434 nis
244 2392 658 2434 communicaturum
679 2394 820 2447 esse),
851 2392 1035 2433 invitatu
1055 2406 1120 2434 VS.
1145 2390 1287 2442 18.2P.
1309 2391 1396 2433 sibi
1412 2391 1509 2448 ipse
1540 2393 1606 2434 fa-

155 2448 215 2489 cit
235 2462 275 2490 v.
297 2449 380 2499 19„
403 2455 450 2490 ut
466 2463 558 2490 eam
573 2448 710 2490 Musis
732 2454 776 2489 et
788 2447 962 2505 Jesajae
984 2447 1173 2490 oraculis
1193 2447 1370 2491 refellat
1382 2447 1604 2505 v.20.sq.'.

266 2503 326 2546 V.·
346 2503 420 2548 10.
477 2503 537 2558 μὴ
556 2502 635 2545 οὐκ
652 2501 762 2558 ἔγνω
773 2501 947 2560 Ἰσραήλ
957 2507 985 2556 5]
1012 2502 1071 2560 μὴ
1088 2501 1260 2559 Ἰσραήλ
1279 2501 1356 2545 οὐκ
1374 2500 1482 2557 ἔγνω
1493 2524 1508 2560 ‚·
1539 2507 1603 2550 A.

154 2557 204 2602 C.
226 2558 288 2601 D.
310 2559 361 2602 E.
381 2560 432 2602 F.
455 2561 510 2604 G.
534 2560 606 2602 47.
625 2561 695 2603 57.
715 2560 786 2603 73.
806 2561 879 2603 74.
917 2560 999 2602 Mt.
1032 2560 1063 2602 f.
1091 2574 1134 2616 q.
1159 2559 1311 2615 capt„
1339 2560 1499 2614 Arm.,
1530 2556 1603 2614 If„

154 2614 315 2669 Vulg.,
341 2614 500 2671 Chrys.
522 2617 671 2672 (etiam
690 2616 734 2657 in
756 2615 835 2658 Mt.
857 2618 900 2660 3.
917 2616 1006 2670 8.),
1046 2614 1274 2667 Damaso„
1302 2614 1475 2669 Hilar.,
1503 2618 1603 2670 Auff.

151 2672 340 2725 gustiu.‚
372 2671 524 2714 Sedul.
549 2680 593 2713 et
621 2673 700 2714 alii
720 2670 813 2716 PP.
840 2673 937 2715 lat..
995 2670 1129 2713 Recte
1160 2672 1265 2713 haec
1294 2671 1450 2724 lectio,
1488 2667 1602 2729 quae

151 2728 229 2769 sua
261 2728 422 2769 virtute
463 2727 690 2782 splendet,
747 2742 771 2770 a
808 2727 977 2780 Mimo,
1034 2725 1329 2781 Grie‘sbaclzio,
1384 2729 1602 2784 Knappz'o,

151 2782 429 2826 Lachmarmo
465 2784 653 2839 aliisque
691 2783 742 2840 5¹¹0
772 2783 969 2826 'ordinem
1008 2787 1185 2839 ¹recepta
1212 2789 1296 2826 est.
1362 2783 1476 2826 Nam
1507 2785 1602 2826 voci

146 2836 340 2895 Ἰσραήλ,
370 2839 415 2882 in
437 2839 523 2895 qua
542 2837 757 2896 primaria
776 2840 843 2883 vis
872 2839 962 2894 sita
983 2835 1082 2882 esse
1110 2838 1238 2891 debet
1264 2841 1386 2895 (num
1416 2837 1598 2884 Israeli-
