1715 3115
179 213 266 257 ⁴04
461 213 837 258 EPISTOLA
873 214 975 257 AD
1006 213 1375 260 ROMANOS

298 321 355 364 V.
382 321 448 366 13.
509 321 678 364 Firmat
699 323 790 379 Ap.
814 334 855 364 v.
884 334 924 363 v.
949 319 1019 364 12.
1046 321 1248 364 πλουτῶν
1266 321 1332 373 εἷς
1350 319 1519 375 πάντας
1537 339 1642 376 τοις

185 376 558 433 ἕπικαλοιὶμένους
579 373 710 419 αὐτόν
734 391 833 421 voce
855 377 979 419 sacra
1000 376 1140 421 Joelis
1168 377 1264 432 3,⁵.
1293 378 1469 434 Lxx„
1509 396 1637 438 quam

185 442 231 478 ut
256 432 445 479 nobilem
475 434 728 490 neminique
756 434 951 488 ignotam
982 432 1043 475 ita
1073 434 1225 486 affert,
1261 442 1309 478 ut
1328 435 1389 482 V.
1407 436 1468 482 T.
1493 438 1638 480 locum

182 494 237 535 ab
259 507 306 534 se
328 491 458 538 citari
479 492 711 534 ohservare
739 489 1049 548 supersedeat,
1088 494 1137 532 ut
1166 491 1261 544 9,7.
1293 493 1462 546 10,18..
1519 493 1641 538 Male

181 550 322 606 igitur
351 563 406 589 ex
433 562 510 601 eo,
549 545 666 604 quod
696 545 750 590 Ρ.
781 560 865 588 non
904 546 1086 604 scripsit
1124 544 1149 601 ἡ
1187 545 1270 605 γὰρ
1307 548 1454 607 γραφὴ
1495 550 1638 606 λέγει·

182 608 272 656 πᾶς
301 600 410 655 nvi„
458 609 535 648 aut
563 617 659 647 eum
690 617 770 645 sua
800 604 992 659 cogitata
1022 602 1164 646 Joelis
1195 603 1340 648 verbis
1381 607 1639 650 enuntiasse

180 663 381 720 (Flam),
428 666 505 704 aut
533 662 668 703 allata
699 659 840 703 Joelis
869 659 1002 702 verba
1031 659 1076 701 in
1106 659 1383 717 proverbium
1413 662 1579 706 abiisse
1610 677 1638 706 a

180 719 335 763 multis
359 717 626 760 celebratum
653 715 806 773 (dW.)
834 714 1088 760 concludas.
1153 714 1296 760 Joelis
1323 718 1418 760 loco
1446 733 1533 763 non
1563 734 1639 763 so-

180 777 272 820 lum
294 775 449 818 ultima
471 789 510 820 v.
530 775 598 818 12.
619 771 776 826 verba,
805 772 881 815 sed
901 772 1031 814 etiam
1051 786 1170 817 voce.
1199 786 1241 819 v.
1271 775 1342 818 10.
1373 773 1560 827 στόματι
1587 776 1638 819 δὲ

183 828 557 886 ὁμολογεῖται
591 829 658 891 sig
695 827 918 885 σωτηρίαν
953 828 1115 871 muniri
1145 828 1342 884 (Cha-ys„
1390 830 1637 885 Theophyl„

181 890 388 943 DIeyerus
424 887 510 942 al.)
545 900 629 930 non
667 899 818 930 verum
858 890 944 931 est.
1011 884 1326 942 Praeterquam
1366 886 1482 929 enim
1521 888 1638 944 quod

179 962 220 991 v.
238 946 309 990 13.
326 943 415 986 nisi
431 943 488 986 ad
507 944 634 985 finem
657 957 699 986 v.
718 942 788 985 12.
807 941 968 984 referri
987 955 1040 984 ne
1075 941 1166 995 uit,
1203 943 1340 986 multo
1366 941 1501 985 latius
1527 957 1638 997 pro-

177 1002 333 1060 fessio,
362 1015 491 1056 quam
512 1000 718 1042 invocatio
745 1003 890 1056 patet,
927 957 1278 1055 quandoquidem
1298 999 1527 1044 Christum
1551 1014 1637 1042 non

178 1059 320 1103 solum
338 1054 602 1109 invocando,
631 1069 780 1099 verum
798 1055 931 1097 etiam
959 1061 1003 1097 te
1030 1055 1126 1113 ejus
1151 1053 1416 1113 discipulum
1444 1070 1542 1100 esse
1569 1057 1639 1098 in-

177 1113 349 1172 trepide
377 1112 632 1155 affirmando
665 1111 854 1168 aliisque
880 1112 1012 1154 rebus
1042 1105 1312 1170 profitearis.
1387 1111 1505 1156 Joeli
1535 1109 1635 1155 κύ-

177 1185 301 1229 ριος
319 1169 503 1212 ΙεΙιουαΙι
521 1174 591 1210 est
611 1171 655 1210 et
675 1164 902 1219 σώζεσθαι
927 1166 1041 1209 cladi
1058 1200 1070 1220 ‚
1105 1182 1232 1224 quam
1263 1172 1387 1223 2:3‘7223
1414 1168 1637 1226 accepturi

177 1229 293 1279 sint,
326 1225 459 1281 eripi.
514 1224 717 1268 Ceterum
745 1223 846 1267 Joel
871 1222 924 1265 de
951 1224 1128 1265 Judaeis
1154 1224 1451 1266 tantummodo
1481 1224 1636 1282 dispu-
1712 1226 1713 1229 ’

178 1288 246 1326 tat
270 1284 317 1327 in
343 1280 502 1328 Zionis
529 1285 672 1323 monte
700 1284 744 1323 et
771 1278 1183 1334 Hierosolymorum
1213 1280 1346 1332 urbe,
1383 1281 1459 1323 ubi
1490 1285 1633 1324 tutum

177 1341 236 1383 iis
256 1337 505 1397 perfugium
533 1341 734 1404 paratum
764 1336 846 1387 sit,
885 1336 1130 1380 servandis,
1196 1335 1285 1380 Sed
1312 1335 1367 1381 P.
1397 1332 1549 1391 κύριον
1578 1338 1635 1379 ad

178 1395 420 1448 Christum,
467 1390 695 1446 σώςεσθαι
723 1390 778 1434 ad
809 1392 921 1435 vitae
945 1396 1147 1435 aeternae
1175 1392 1424 1436 beatitatem
1453 1398 1498 1435 et
1526 1395 1636 1444 πᾶς

177 1448 238 1503 ὃς
263 1448 324 1493 ἂν
354 1449 675 1505 ἐπικαλέσηται
699 1447 750 1490 τὸ
782 1443 921 1500 ὄνομα
947 1446 1102 1504 κυρίου
1127 1452 1217 1490 tum
1244 1447 1301 1490 ad
1319 1448 1510 1492 Judaeos
1539 1455 1632 1492 tum

176 1509 233 1552 ad
260 1522 453 1566 paganos
484 1506 659 1549 rettulit
683 1505 729 1548 h.
749 1518 829 1549 m.:
856 1504 969 1547 dives
987 1509 1051 1548 est
1070 1503 1283 1557 Christus,
1311 1509 1359 1547 ut
1376 1505 1548 1548 omnib
1562 1521 1632 1555 us,
1687 1508 1701 1525 ·

178 1566 251 1622 qui
270 1579 363 1606 cam
389 1565 398 1572 ”
417 1568 598 1613 ιυοοενιί,
627 1575 710 1603 non
726 1560 1044 1603 solumJudaeis
1061 1560 1135 1602 sed
1150 1561 1282 1602 etium
1293 1562 1501 1616 payanis,
1530 1563 1632 1618 (do-

177 1621 323 1664 nanda
345 1634 408 1662 aet
425 1622 521 1661 mn?
539 1618 772 1674 felicitate)
790 1630 888 1670 opes
905 1629 1006 1658 suas
1023 1616 1242 1670 impertire
1266 1618 1400 1669 possit
1427 1619 1491 1673 (v.
1525 1618 1632 1672 12.).

177 1678 294 1720 Nam
324 1675 414 1741 qui
443 1688 646 1730 unque,
690 1676 738 1715 ut
771 1672 816 1714 in
846 1670 988 1715 Joelis
1019 1668 1194 1714 oraculo
1228 1674 1519 1730 perscriptum
1551 1681 1634 1726 est,

179 1733 335 1777 christe
363 1745 512 1774 nomen
538 1728 817 1781 invocaverit,
855 1741 938 1769 non
966 1728 1106 1769 solum
1136 1727 1164 1771 J
1168 1727 1355 1782 udaeus,
1394 1729 1472 1773 sed
1499 1730 1631 1772 etiam

178 1788 387 1846 gentilis,
416 1791 636 1829 aeternam
679 1784 910 1826 elicitatem
928 1787 1211 1839 consequetur.

288 1844 349 1887 V.
372 1842 570 1885 14—16.
666 1840 804 1883 exus:
843 1838 1072 1881 Neminem
1099 1854 1208 1894 non,
1237 1841 1481 1898 quicunque
1506 1841 1634 1886 Chri-

176 1903 236 1945 sti
257 1914 408 1943 nomen
433 1898 723 1949 invocaverit,
758 1910 841 1938 non
864 1897 1003 1938 solum
1025 1895 1238 1939 Judaeum
1259 1899 1335 1940 sed
1351 1899 1480 1940 etiam
1495 1913 1630 1954 paya-

174 1973 299 2009 mcm,
331 1962 551 1998 aeternam
574 1954 827 1996 felicitatem
851 1959 1219 2008 consequuturum
1242 1967 1339 1995 esse
1356 1954 1455 1998 Joel
1479 1955 1628 1997 vatici-

174 2020 304 2056 natus
332 2017 400 2054 est
425 2014 486 2066 (v.
513 2012 621 2065 13.).
677 2009 823 2065 Quum
843 2010 980 2063 igitur
999 2016 1046 2050 ut
1068 2010 1333 2066 sempiterno
1357 2012 1508 2053 beatus
1530 2026 1629 2054 eva-

174 2072 255 2113 das
277 2069 445 2113 Christi
465 2083 615 2109 nomen
638 2067 718 2109 tibi
741 2066 1020 2107 invocandum
1042 2067 1124 2118 sit,
1163 2068 1372 2108 neminem
1395 2067 1629 2123 implorare

173 2128 365 2183 aliquem
388 2139 517 2182 posse
536 2124 623 2165 nisi
642 2122 842 2178 magistri
860 2122 1073 2164 divinitus
1091 2123 1216 2164 missi
1234 2123 1421 2175 fuerint,
1452 2125 1526 2179 qui
1550 2124 1630 2166 im-'

173 2182 376 2242 plorandi
397 2181 669 2238 majestatem
689 2179 996 2236 exposuerint,
1023 2178 1065 2219 in
1086 2182 1259 2235 promtu
1278 2183 1361 2222 est.
1419 2178 1626 2234 (Etenim,

174 2241 214 2282 si
243 2241 305 2282 rei
332 2237 526 2280 ordinem
555 2238 762 2294 persequi
789 2235 1030 2294 placuerit,
1068 2249 1164 2276 eum
1189 2236 1422 2292 implorare
1445 2250 1527 2277 non
1550 2251 1625 2293 po-
1668 2258 1671 2265 ·

173 2302 259 2348 tes,
286 2296 354 2338 cui
372 2294 497 2336 sidem
522 2308 605 2335 non
625 2292 903 2350 adjunxeris:
931 2305 1061 2347 porro
1083 2291 1209 2333 fidem
1231 2293 1271 2333 ei
1291 2291 1528 2350 adjungere
1548 2308 1624 2334 ne-

175 2353 301 2411 quis,
339 2350 391 2393 de
418 2364 502 2408 quo
530 2363 613 2391 non
641 2348 858 2390 audieris:
896 2353 985 2388 tum
1006 2347 1160 2389 audire
1181 2357 1262 2389 non
1286 2354 1411 2404 potes
1433 2349 1526 2390 sine
1549 2348 1624 2389 do-

174 2418 318 2451 ctore:
356 2412 576 2465 postremo
606 2405 715 2460 [Dei
741 2404 966 2458 mandatu]
997 2403 1152 2445 docere
1185 2403 1359 2460 nequis,
1399 2405 1485 2446 nisi
1514 2405 1624 2445 divi-

172 2466 293 2506 nitus
323 2465 494 2518 legatus
523 2463 697 2513 fueris.)
735 2474 776 2504 v.
797 2460 866 2504 14.
899 2462 984 2503 15..
1057 2459 1144 2501 Sed
1173 2474 1253 2502 non
1280 2475 1420 2501 omnes
1446 2461 1623 2515 yent‘ilcns·

172 2521 395 2575 evangelio
428 2534 451 2561 a
489 2518 714 2571 magistris
749 2516 959 2558 divinitus
999 2516 1147 2557 missis
1183 2515 1345 2557 tradito
1383 2525 1622 2573 paruerunt

172 2592 212 2621 ν.
236 2579 320 2620 16..
379 2574 536 2632 Itaque
566 2574 679 2630 quod
709 2587 789 2614 non
817 2586 959 2614 omnes
989 2573 1175 2624 gentiles
1203 2577 1404 2613 aeternae
1435 2574 1616 2614 felicita-

169 2634 231 2675 tis
252 2648 327 2689 spe
353 2633 478 2687 potiti
497 2635 623 2682 sunt,
654 2643 783 2686 quum
807 2627 905 2671 Jocl
929 2642 967 2671 v.
990 2630 1059 2672 13.
1080 2627 1238 2670 nemini
1254 2642 1359 2681 uon,
1397 2630 1472 2685 qui
1494 2629 1619 2671 Chri-

170 2690 229 2731 sti
249 2702 399 2731 nomen
423 2688 690 2738 invocasset,
729 2684 901 2725 etiamsi
923 2691 1041 2725 esset
1059 2698 1276 2740 paganus,
1317 2689 1533 2727 aeternam
1558 2684 1626 2725 vi-'

169 2753 255 2787 tam
279 2744 495 2785 ominatus
519 2746 662 2793 esset,
692 2755 775 2782 non
801 2740 886 2782 Dei
909 2740 1033 2797 culpa
1056 2742 1211 2781 factum
1238 2746 1330 2792 est,
1369 2742 1442 2797 qui
1472 2741 1618 2782 missis

167 2802 327 2856 legatis
346 2799 536 2850 curavit,
565 2805 613 2839 ut
634 2797 793 2854 pagani
815 2801 858 2838 et
875 2795 1001 2837 fidem
1022 2796 1198 2838 Christo
1222 2796 1379 2838 habere
1403 2803 1443 2838 et
1464 2797 1617 2853 implo-

170 2871 269 2899 rare
298 2870 392 2898 eum
421 2860 626 2912 possent,
663 2866 702 2897 v.
728 2854 794 2899 14.
827 2854 919 2905 15„
958 2851 1035 2894 sed
1063 2866 1209 2894 eorum
1242 2853 1346 2897 vitio
1373 2854 1613 2909 gentilium,
