1715 3115
160 169 219 209 90
444 164 816 209 EPlSTOLA
853 164 1341 210 ADROMANOS

158 289 241 326 μον
267 276 348 313 τοῦ
379 267 626 324 πνεύματος
655 284 738 311 non
768 269 944 310 dill'erre
969 284 993 312 a
1028 270 1089 326 τῷ
1119 271 1236 326 νόμῳ
1268 278 1350 313 τοῦ
1371 274 1471 322 νοός
1487 274 1527 324 7,
1546 275 1617 317 23.

158 330 386 372 existimat
409 328 451 370 h.
472 343 532 370 r.:
563 328 632 368 lex
657 327 814 367 mentis
835 328 1019 368 salutem
1039 329 1242 380 gignens,
1272 344 1379 383 qaue
1395 330 1438 370 in
1461 330 1619 372 cleris-u·

157 387 329 429 cie-itate
350 384 480 426 ἀπίου·
499 388 552 437 (i.
576 398 619 438 q.
641 383 709 424 cui
731 383 936 426 Christus
959 384 1091 424 robur
1112 385 1302 435 addidit)
1328 386 1531 427 liberavit
1550 401 1616 427 me

156 457 180 483 a
202 442 242 482 vi
269 439 476 481 Peccatus
507 447 550 481 et
574 440 748 482 Mortis.
800 438 1112 495 Praeterquam
1136 441 1248 495 quod
1275 442 1329 484 V.
1351 442 1409 483 l).
1434 456 1547 485 vocc.
1572 440 1617 484 ἓν

163 501 241 552 λ’ρ.
256 495 298 537 Ἰ.
319 510 414 537 cum
435 510 475 539 v.
496 495 516 537 ὃ
538 494 666 548 νόμος
685 496 964 548 consociavit,
994 498 1106 550 quod
1131 506 1245 537 recte
1270 499 1353 540 inl.
1373 499 1467 538 lieri
1488 512 1614 552 nego,

154 567 295 609 neque
327 553 484 594 mentis
514 553 684 595 Christi
718 553 926 593 benelieio
953 554 1260 594 corroboratae
1282 556 1400 595 notio
1420 555 1484 595 sic
1505 555 1616 595 satis

154 609 384 667 perspicue
415 610 644 650 enunciata
674 605 779 661 ests
803 609 858 649 ob
884 624 1057 650 causam
1090 624 1221 665 supra
1254 618 1533 651 memoratam
1563 609 1611 652 τὰ

154 668 325 718 πνεῦμα
345 670 423 720 τῆς
445 666 558 721 ζωῆς
577 666 780 722 spiritum
801 680 863 718 S.‚
894 667 1006 706 vitae
1028 668 1362 721 (sempiternae)
1395 667 1614 723 praebito-

154 738 245 764 rem
277 722 501 763 declarare
533 722 662 763 debet
688 726 750 777 (v.
776 722 821 765 4.
847 726 953 777 sq.).
1024 722 1248 763 Vocalmla
1282 722 1325 764 ἐν
1348 721 1492 779 λ’ρ.Ί.
1516 737 1612 764 cum

153 780 285 821 verbo
310 774 590 833 ἠλευθέρωσε
619 779 918 837 conjungenda
950 785 1066 821 sunt.
1134 778 1230 820 Hoc
1258 778 1396 835 primo
1419 780 1615 835 postulat

151 836 381 877 verborum
403 835 696 885 concinnitas,
735 837 803 876 cui
832 833 883 877 P.
907 849 1168 891 magnopere
1200 835 1363 878 studet.
1433 836 1544 877 Nam
1572 836 1612 877 si

151 891 196 935 ἐν
213 895 300 946 Χρ.
315 890 355 932 ²1.
378 906 472 932 cum
499 892 629 933 verbo
651 889 930 947 ἠλευθέρωσε
950 893 1192 947 copularis,
1221 891 1244 932 ὁ
1264 887 1398 944 νόμος
1426 893 1504 948 τῆς
1518 891 1612 945 Ἁμ.

151 965 189 990 κ.
209 964 245 989 τ.
275 949 325 989 Θ.
348 948 555 989 concinne
587 947 641 989 ad
668 946 745 990 τὸν
774 945 908 1000 νόμον
938 964 973 988 τ.
998 963 1067 989 πν.
1098 963 1134 990 τ.
1161 947 1184 999 ζ
1215 949 1430 999 refertnr3
1474 949 1544 990 sin
1566 945 1612 990 ἐν

150 1007 238 1061 Χρ.
256 1002 300 1046 ’1.
320 1019 415 1045 cum
437 1004 791 1046 antecedentibus
820 1019 861 1046 v.
881 1003 1102 1060 junxeri3‚
1141 1004 1183 1045 in
1206 1005 1376 1047 ultimis
1398 1020 1438 1049 V.
1458 1003 1549 1048 ἅπό
1569 1019 1610 1048 τ.

148 1077 184 1103 ν.
202 1077 236 1103 τ.
254 1061 346 1114 ‘Aga
369 1078 406 1104 κ.
428 1076 468 1104 τ.
494 1063 542 1101 Θ.
557 1061 780 1103 vocabulis
799 1060 842 1102 ἐν
861 1059 998 1115 Χρ.’[,
1016 1061 1126 1102 nihil
1145 1061 1398 1117 respondet.
1440 1060 1612 1103 Deinde

148 1125 396 1160 structurae
424 1118 614 1160 facilitas
642 1118 761 1159 illam
778 1117 1028 1175 juncturam
1058 1117 1345 1162 commendat.
1388 1117 1550 1161 Contra
1571 1117 1610 1158 si

149 1175 203 1215 ad
232 1173 534 1232 praecedentia
565 1189 606 1218 v.
638 1171 843 1225 ἓι’Χρ.Ἰ.
873 1173 1112 1215 revocanda
1145 1174 1348 1225 duxeris,
1387 1179 1609 1216 structura

148 1246 232 1273 non
248 1232 386 1274 solum
405 1245 426 1271 a
451 1232 602 1281 regula
628 1230 805 1282 recedit,
835 1244 982 1272 verum
1004 1231 1134 1272 etiam
1156 1231 1357 1284 ambigna
1377 1237 1462 1275 est.
1494 1229 1607 1272 Nam

149 1295 293 1329 utrum
324 1285 371 1329 ἐν
390 1290 473 1342 Χρ.
496 1286 539 1327 ³J.
562 1288 708 1344 potius
730 1286 783 1326 ad
811 1285 834 1325 ὃ
857 1286 1013 1339 νόμης,
1044 1302 1098 1328 an
1120 1287 1173 1328 ad
1201 1293 1280 1342 τῆς
1302 1287 1436 1343 ζωῆς,
1466 1287 1607 1344 perti-

147 1351 248 1386 neat
268 1344 461 1385 dubitari
483 1350 643 1400 potest.
702 1342 791 1397 Qui
814 1357 853 1385 v.
876 1341 921 1384 ἐν
939 1340 1078 1397 λ’ρ.Ἰ.
1099 1358 1250 1399 parum
1272 1350 1372 1399 apte
1390 1350 1489 1385 ante
1512 1357 1608 1385 ver-

147 1402 248 1442 bum
279 1397 561 1454 ἠλευθέρωσε
591 1400 801 1442 collocata
824 1414 921 1440 esse
944 1400 1258 1442 contenderunt
1277 1399 1479 1455 (Rueck,
1508 1400 1607 1443 dW.

145 1459 252 1513 aL),
281 1471 418 1512 neque
446 1457 644 1512 potuisse
675 1456 768 1497 illis
805 1456 950 1496 verbis
973 1457 1117 1496 ‘alium
1147 1458 1290 1498 locum
1315 1456 1435 1508 dari,
1474 1470 1605 1511 quum

145 1528 262 1556 voce.
296 1511 576 1568 ἠλευθέρωσε
603 1527 657 1564 με
683 1509 773 1553 dm)
812 1517 894 1552 τοῦ
926 1513 1128 1553 manicon
1168 1513 1413 1553 arctissime
1444 1514 1607 1553 cohae-

144 1574 296 1622 reant,
326 1575 370 1610 et
391 1569 664 1624 aptissimum
696 1582 742 1610 ea
770 1568 910 1608 locum
936 1582 1171 1623 occupare,
1211 1569 1414 1623 quoniam
1436 1569 1606 1624 praeci-

144 1641 277 1683 puum
310 1625 481 1682 pondus
512 1624 723 1676 habeant,
765 1638 847 1664 non
888 1625 1288 1666 consideraverunt.
1355 1623 1452 1667 Jam
1492 1624 1608 1677 Oce..

145 1684 345 1734 Eramn„
382 1682 596 1733 Piscator,
635 1680 802 1734 Kopp..
840 1679 977 1723 n'inz.
1011 1696 1052 1737 p.
1077 1682 1169 1732 11.,
1215 1681 1325 1722 usin.
1347 1695 1414 1734 gr.
1441 1695 1483 1736 p.
1507 1682 1605 1724 129.

143 1741 203 1782 al.
224 1765 277 1770 —
293 1753 370 1793 per
392 1738 615 1780 Christum
637 1736 679 1779 J.
700 1750 766 1777 me
792 1736 995 1777 liberavit
1020 1762 1072 1767 —
1091 1741 1316 1780 enarrant.
1378 1737 1606 1778 Sententia

142 1796 306 1852 optime
334 1799 584 1850 comparata
617 1799 699 1835 est.
760 1791 938 1835 Christo
971 1794 1083 1833 enim
1124 1794 1318 1834 homines
1346 1794 1503 1837 christ.
1533 1807 1605 1834 ac-

141 1859 312 1909 ceptum
337 1853 533 1892 referunt
551 1850 638 1892 div.
658 1849 888 1905 spiritum,
918 1863 1044 1903 quem
1067 1850 1152 1890 nisi
1173 1851 1249 1891 ille
1271 1851 1323 1890 de
1343 1851 1463 1891 coelo
1484 1851 1605 1904 lega-

143 1915 216 1951 tus
244 1909 437 1950 venisset
467 1921 607 1963 neque
639 1907 852 1946 haberent
882 1919 958 1945 nec
990 1905 1139 1947 (lucem
1170 1907 1295 1962 sequi
1323 1911 1506 1962 possent
1530 1910 1604 1961 (v-

143 1967 186 2009 3.
207 1966 251 2007 4.
284 1966 385 2007 Gal.
404 1964 446 2016 3,
466 1964 508 2006 2.
535 1963 578 2013 4,
600 1963 780 2013 4—(5.).
840 1961 927 2003 Sed
952 1962 1141 2003 fortasse
1167 1962 1214 2004 Ρ.
1239 1962 1283 2004 ἐν
1302 1965 1386 2017 Χρ.
1404 1959 1447 2003 Ἰ.
1470 1961 1603 2018 ἠλευ-

141 2020 320 2075 ι’]’ἑρωσεζ
338 2036 391 2072 με
411 2019 464 2060 ad
490 2023 577 2068 ιηῖς
598 2018 641 2059 ἐν
665 2021 745 2073 λ’ρ.
761 2016 803 2059 Ἰ.
827 2033 865 2061 v·
890 2020 926 2060 l.
950 2025 1074 2059 acute
1098 2020 1273 2060 rettulit
1294 2020 1335 2061 h.
1359 2033 1440 2062 m.:
1479 2018 1603 2059 nulla

143 2079 282 2132 igitur
311 2091 421 2118 nunc
451 2075 672 2117 damnatio
701 2073 776 2129 (ad
807 2078 1009 2130 mortem)
1040 2075 1083 2116 in
1115 2076 1271 2116 Christi
1297 2075 1511 2116 civitatem
1534 2089 1602 2116 re-

141 2135 275 2190 ceptis
297 2132 532 2190 impendet.
590 2130 704 2173 Nam
729 2132 795 2171 lex
816 2131 1001 2187 spiritus
1022 2131 1169 2172 vitalis
1192 2132 1234 2172 in
1256 2129 1412 2172 Christi
1430 2130 1602 2172 civitate

141 2206 208 2234 me
228 2191 421 2232 liberarit
443 2195 524 2231 etc.
546 2191 607 2242 (v,
629 2192 718 2230 not.
737 2187 791 2227 ad
814 2203 853 2230 v.
879 2190 955 2237 1.).
997 2188 1261 2230 Consociant
1278 2184 1322 2227 ἑν
1339 2188 1427 2238 λ’ρ.
1442 2182 1484 2227 ’1.
1504 2200 1599 2228 cum

141 2248 235 2290 tota
256 2246 466 2297 formula,
498 2259 606 2300 quac
629 2243 865 2299 praecedit,
895 2245 985 2285 sive
1008 2244 1152 2298 potius
1170 2257 1265 2283 cum
1289 2243 1461 2283 nomine
1483 2239 1506 2283 ὃ
1529 2239 1601 2284 νό-

140 2318 246 2357 μος,
278 2303 392 2360 quod
412 2316 565 2356 agmen
587 2300 728 2350 ducit,
759 2299 901 2352 Motu,
936 2301 1092 2350 Fluit„
1122 2299 1268 2340 Reich.
1288 2299 1372 2350 al.‚
1404 2312 1500 2340 cum
1521 2303 1603 2354 τῆς

146 2361 277 2415 ζωῆς,
309 2361 465 2411 Syrus,
507 2359 652 2407 Grai„
680 2358 707 2398 d
719 2357 777 2399 W.
799 2357 882 2405 al..
914 2370 1007 2395 cum
1030 2370 1090 2395 το
1106 2355 1129 2395 ῦ
1160 2352 1483 2407 πνεύματος
1500 2371 1537 2396 τ.
1563 2354 1598 2406 ζ.

140 2417 289 2468 Beza,
315 2416 495 2465 Henna,
525 2413 680 2455 Rueck.
701 2414 776 2455 al..
834 2411 1061 2453 Postrema
1086 2411 1197 2452 ratio
1218 2412 1309 2466 (lex
1332 2410 1517 2467 spiritus
1535 2411 1600 2453 vi-

139 2473 243 2514 talis
258 2503 270 2524 ‚
302 2472 377 2527 qui
406 2472 450 2511 in
471 2470 640 2513 Christi
660 2469 835 2510 civitate
855 2469 990 2519 viget)
1010 2468 1115 2508 ferri
1139 2483 1220 2509 non
1244 2473 1404 2523 potest.
1452 2467 1602 2509 Debe-

141 2529 217 2570 bat
246 2530 385 2578 enim,
424 2533 472 2567 ut
494 2526 702 2581 Apostoli
731 2539 851 2565 mens
877 2531 1238 2577 cognosceretur,
1266 2523 1502 2567 Articulus
1528 2538 1599 2566 re-

142 2585 394 2642 peti—2115
417 2598 484 2623 πν.
508 2597 546 2624 τ.
568 2582 590 2631 ζ
620 2598 633 2620 'l
653 2582 712 2622 οὗ
743 2579 786 2621 ἐν
810 2582 890 2635 λ’ρ.
910 2579 968 2622 Ἰ..
1038 2580 1279 2622 Consilium
1310 2578 1423 2637 quod
1456 2581 1597 2637 primo

143 2646 189 2683 et
208 2640 396 2682 secundo
420 2640 512 2679 loco
533 2637 862 2677 memoravimus
883 2638 1104 2678 nonnullis
1123 2638 1233 2678 locis
1255 2635 1429 2678 delendi
1451 2638 1598 2692 potest

143 2701 209 2752 (v.
230 2695 480 2748 Bernhardy
509 2695 718 2745 witham).
743 2695 872 2746 &nnn
908 2708 947 2747 p.
967 2694 1067 2735 322.
1098 2708 1164 2749 sq.
1210 2692 1324 2735 Phil.
1346 2694 1385 2744 1,
1419 2694 1489 2736 26.
1521 2691 1597 2733 διὰ

145 2753 221 2809 τῆς
256 2751 362 2806 ἕμζς
393 2748 641 2804 παρουσίας
675 2749 808 2790 πάλιν
837 2749 952 2801 πρὸς
984 2746 1100 2800 ὑμᾶς
1131 2749 1239 2805 Eph.
1268 2750 1430 2801 2,ll.).
1507 2747 1597 2790 Sed

145 2809 356 2851 credibile
377 2813 468 2860 est,
499 2806 788 2862 Apostolum,
821 2806 887 2847 vel
909 2810 952 2846 ut
971 2806 1280 2863 amphiboliam
1313 2805 1498 2849 evitaret
1527 2818 1594 2846 re-
