1715 3115
130 199 216 243 238
278 238 284 250 ,
417 194 792 240 EPISTOLA
828 196 931 240 AD
961 195 1332 243 ROMANOS

127 306 370 350 stianorum
410 303 604 348 ,Iudaeos
635 302 936 360 spernentium
973 303 1134 346 fastum
1166 304 1453 361 comprimere
1481 304 1598 347 haud

127 362 261 406 dubie
290 360 458 405 studuit
490 362 559 414 11,
579 361 648 404 17.
668 358 848 416 sqq..*)

172 538 208 580 θ)
234 534 328 570 ΝοΙο
353 533 389 568 in
417 544 562 570 eorum,
586 529 647 577 qui
674 529 715 564 de
734 529 981 576 disputationis
1000 529 1184 565 Paullinae
1204 531 1359 566 consilio
1381 532 1483 568 aliter
1501 532 1596 579 judi-

222 587 369 623 carunt,
405 577 634 625 opinionibus
670 576 873 610 refellendis
905 576 1040 610 multus
1068 589 1156 610 esse.
1213 576 1379 624 Plerique
1405 591 1449 614 eo
1475 592 1599 625 peeca-

218 634 323 664 runt,
358 624 455 670 quod
481 621 689 668 theologicis
714 622 843 666 partim
870 622 1096 667 praejudiciis
1121 623 1235 668 capti,
1272 622 1424 659 Paulum
1450 625 1486 659 h.
1512 625 1534 659 Ι.
1561 624 1597 658 id

219 674 325 706 unice
357 676 545 715 sequutum
587 681 661 703 esse
703 667 950 711 crediderunt,
991 667 1089 713 quod
1122 667 1306 702 nonnullis
1338 668 1598 704 dissertationis

216 718 400 753 Paullinae
418 715 589 758 versibus,
613 726 686 747 non
707 711 779 747 10ιᾶ
799 712 900 747 Pauli
921 712 1170 760 disputatione,
1195 713 1410 749 continetur.
1437 717 1599 751 Fuerunt

214 765 342 806 etiam,
383 760 443 808 qui
475 773 520 794 ne
553 767 688 806 partem
715 759 858 804 quidem
887 759 997 793 trium
1032 760 1188 804 capitum
1215 760 1372 795 9.-11.
1396 755 1597 808 argumenti

217 812 299 845 satis
332 807 565 854 perciperent.
618 803 686 839 Sed
720 805 932 850 peculiarem
967 811 1086 838 tamen
1120 804 1158 839 S.
1194 804 1239 840 V.
1273 805 1417 850 Bam-i,
1463 806 1598 854 egregii

216 854 394 898 Theologi
427 851 659 889 sententiam,
700 862 805 895 quam
840 850 946 885 docte
980 857 1013 884 et
1046 850 1231 896 ingeniose
1263 851 1301 885 in
1327 851 1375 886 l.:
1423 852 1600 897 ssiibinget

220 901 401 943 Bcltfsbt‘ifl'
441 899 496 940 fiit
530 897 712 941 ssbcolotjt'e
755 895 852 930 1836.
896 895 985 931 fasc.
1015 897 1078 940 Ill,
1111 910 1146 942 p.
1175 897 1291 931 59.—
1312 897 1387 933 178.
1427 899 1599 943 exposuit,

218 948 394 992 stringere
425 943 553 989 placet.
610 942 671 977 Sic
703 941 812 987 igitur
843 940 889 977 V.
926 941 975 976 D.
1004 942 1216 988 disputavit:
1251 942 1391 988 Scripta
1416 949 1469 978 est
1496 942 1600 978 Pauli

217 995 261 1030 ad
288 992 471 1026 Romanos
491 987 640 1034 epistola
669 988 705 1021 in
726 986 900 1028 judaicae
922 989 1050 1031 stirpis
1075 987 1316 1036 Christianos,
1349 990 1429 1036 qui,
1461 1002 1506 1024 ne
1527 989 1600 1023 Ju-

219 1039 294 1075 daei
324 1041 536 1071 ornamento
563 1033 733 1068 divinitus
758 1034 838 1067 dato
863 1033 1135 1074 fraudarentur,
1163 1034 1312 1079 gentiles
1338 1049 1412 1070 non
1437 1036 1536 1082 prius
1560 1034 1599 1069 in

218 1082 349 1121 Christi
374 1080 578 1117 societatem
602 1079 826 1125 recipiendos
851 1091 939 1125 esse,
963 1092 1071 1124 quum
1096 1085 1151 1113 tot
1173 1079 1306 1114 Judaei
1325 1080 1468 1116 Christo
1489 1081 1598 1115 fidem

217 1130 443 1169 habuissent,
478 1133 516 1159 ut
539 1127 720 1169 populum
746 1126 938 1170 judaicum
964 1125 1006 1158 ad
1033 1124 1162 1159 Christi
1187 1137 1287 1160 sacra
1310 1127 1476 1162 transisse
1501 1131 1599 1161 recte

219 1177 378 1219 diceres,
421 1184 571 1219 aequum
608 1182 682 1204 esse
719 1170 875 1214 opinati,
914 1170 1028 1204 Paulo
1059 1178 1329 1212 succenserent,
1363 1173 1423 1218 qui
1448 1173 1598 1206 salutem

219 1223 428 1256 messianam
462 1217 596 1251 nemini
623 1229 705 1249 non
731 1216 791 1262 qui
827 1215 865 1249 in
891 1215 1034 1250 Christo
1051 1217 1174 1261 fidem
1198 1218 1390 1260 posuisset,
1421 1217 1497 1253 sive
1527 1217 1598 1250 Ju-

218 1269 349 1300 duaeus
384 1270 471 1298 esset
503 1262 574 1296 sive
606 1272 784 1305 paganuS,
825 1273 842 1293 a
876 1261 956 1295 Deo
989 1260 1196 1295 destinatam
1231 1274 1306 1296 esse
1330 1263 1520 1297 arbitratus
1545 1268 1600 1296 tot

208 1310 368 1359 *gentiles
393 1310 435 1343 ad
462 1306 591 1343 Christi
617 1305 840 1350 disciplinam
867 1305 1077 1347 adduxisset,
1103 1313 1141 1340 ut
1163 1306 1288 1341 Judaei
1313 1320 1331 1341 e
1357 1308 1439 1342 loco
1465 1306 1598 1343 divini·

218 1365 274 1392 tus
301 1358 382 1391 dato
413 1354 582 1388 summoti
616 1352 824 1386 viderentur
849 1353 896 1393 (v.
924 1351 949 1386 l.
970 1351 994 1384 l.
1023 1365 1056 1397 p.
1073 1353 1129 1385 72.
1151 1352 1206 1385 77.
1227 1352 1283 1387 79.
1304 1355 1380 1389 100.
1396 1353 1506 1396 114.).
1554 1352 1597 1387 Id

217 1404 324 1449 igitur
356 1399 571 1446 Apostolum
612 1398 680 1432 hee
714 1397 859 1440 epistola
893 1398 1023 1443 egisse,
1064 1404 1103 1431 ut
1134 1410 1170 1431 se
1202 1405 1298 1432 recte
1335 1407 1368 1434 et
1392 1398 1539 1433 sensisse
1563 1404 1598 1432 et

217 1449 362 1490 fecisse,
400 1458 511 1492 quum
538 1443 669 1479 Christi
695 1442 895 1477 doctrinam
922 1444 1064 1488 paganis
1088 1443 1308 1488 tradidisset,
1331 1456 1452 1479 errare
1475 1444 1597 1489 judai—

222 1508 283 1530 cae
307 1494 424 1538 stirpis
450 1492 650 1533 Romanos,
687 1489 746 1531 qui
774 1488 923 1533 gentiles
955 1487 993 1521 in
1022 1488 1194 1523 beatitatis
1227 1489 1419 1524 messianae
1444 1490 1598 1524 societa-

220 1549 291 1575 tem
324 1539 443 1572 venire
477 1536 633 1576 nollent,
680 1535 951 1568 demonstraret.
1008 1534 1051 1567 Et
1084 1546 1159 1568 rem
1184 1534 1320 1580 ipsam,
1357 1547 1446 1580 quae
1470 1535 1598 1580 Paulo,

219 1593 260 1620 ut
292 1597 372 1619 suas
405 1588 438 1617 et
473 1582 664 1615 sententias
695 1586 729 1613 et
761 1581 917 1613 instituta
953 1579 1180 1621 defenderet,
1224 1579 1450 1624 potissimum
1484 1591 1597 1625 expo-

220 1631 336 1666 nenda
361 1634 470 1670 esset,
505 1639 536 1662 c.
555 1627 589 1660 9.
607 1645 654 1651 —
673 1627 726 1660 11.
759 1626 958 1669 contineri,
999 1635 1074 1668 cap.
1096 1625 1226 1659 1.-8,
1252 1639 1325 1660 non
1351 1627 1415 1660 nisi
1437 1627 1595 1670 praefa-

219 1677 332 1712 tionis
367 1674 436 1708 vim
465 1673 593 1707 habere
625 1671 672 1706 V.
697 1672 744 1705 D.
777 1671 898 1704 statuit
922 1683 959 1716 p.
987 1670 1054 1704 87..
1102 1670 1179 1704 lllic
1203 1670 1332 1715 igitur,
1365 1684 1409 1706 ne
1435 1672 1598 1717 judaicae

219 1722 339 1767 stirpis
366 1721 546 1754 Romanos
574 1723 765 1763 pungeret,
797 1716 892 1761 quod
919 1715 1066 1761 gentiles
1090 1715 1127 1748 in
1153 1716 1276 1760 populi
1305 1717 1454 1761 judaici,
1490 1730 1597 1763 quem

218 1769 316 1803 Deus
341 1767 378 1800 in
404 1766 547 1799 summa
573 1763 716 1797 caritate
741 1762 834 1806 apud
859 1774 896 1795 se
922 1774 994 1795 esse
1020 1761 1205 1805 voluisset,
1239 1763 1358 1797 locum
1384 1763 1597 1798 successisse

220 1814 451 1857 viderentur,
479 1810 564 1844 haec
589 1809 802 1854 Apostolum
839 1806 1022 1841 docuisse:
1062 1807 1086 1840 1.
1115 1805 1184 1840 Dei
1210 1806 1303 1843 filius
1327 1808 1455 1853 aliquis
1479 1809 1596 1843 reddi-

219 1867 277 1895 tur
304 1871 378 1892 non
405 1870 468 1894 eo,
502 1855 597 1901 quod
630 1855 672 1887 ab
702 1852 904 1887 Abrahamo
942 1853 1113 1897 originem
1140 1853 1256 1894 ducit,
1293 1855 1355 1888 sed
1379 1854 1467 1899 hoc,
1498 1854 1596 1899 quod

219 1910 342 1940 mente
366 1900 435 1937 D'ei
461 1902 552 1936 filius
577 1906 628 1933 est
653 1899 741 1940 [hoc
761 1899 798 1931 P.
819 1911 893 1932 non
911 1898 996 1931 dixit
1026 1911 1056 1935 c.
1067 1899 1097 1937 9,
1115 1898 1286 1940 6.—13.]
1313 1912 1466 1946 eumque
1483 1900 1595 1934 filium

218 1964 293 1986 csse
328 1951 426 1984 Deus
450 1946 626 1982 benevole
651 1945 768 1991 jussit:
816 1956 925 1989 quare
951 1957 1068 1990 neque
1093 1943 1237 1988 adoptio
1262 1946 1298 1979 in
1324 1944 1418 1980 filios
1441 1946 1606 1984 Judaeis.

216 1995 410 2033 Abrahami
450 1993 627 2039 posteris,
665 1991 857 2025 debebatur
896 1997 930 2023 et
970 1989 1098 2023 licebat
1131 1991 1210 2023 Deo
1275 1990 1401 2024 entiles
1435 1991 1470 2025 in
1503 1988 1597 2025 filios

217 2043 373 2086 benigne
391 2039 559 2084 adoptare
569 2039 602 2076 9,
617 2037 792 2072 6.—29.:
821 2035 863 2068 ll.
883 2036 977 2080 quod
1004 2035 1174 2079 permulti
1193 2003 1320 2070 ,Iudaei
1346 2036 1503 2071 filiorum
1524 2035 1596 2071 Dei

215 2086 409 2133 privilegiis
438 2097 511 2119 non
538 2083 638 2130 potiti
663 2089 766 2125 sunt,
798 2082 957 2125 ipsorum
985 2080 1089 2126 culpti
1111 2080 1244 2116 factum
1271 2087 1342 2114 est:
1365 2093 1482 2127 neque
1500 2082 1595 2116 enim

219 2133 357 2168 divinae
383 2130 566 2165 doctrinae
590 2129 674 2173 ipsis
699 2128 845 2162 traditae
859 2127 981 2171 fidem
1009 2127 1265 2172 adjunxerunt,
1304 2129 1377 2172 qua
1403 2125 1473 2160 una
1500 2139 1594 2161 mes-

216 2181 313 2215 siana
338 2176 490 2212 felicitas
517 2183 661 2221 paratur
686 2187 718 2209 c.
737 2174 768 2214 9,
787 2173 844 2208 30.
861 2173 1055 2213 —1o‚21.:
1101 2172 1166 2206 111.
1189 2171 1418 2206 nihilominus
1439 2171 1526 2206 nihil
1552 2173 1596 2207 de

216 2226 439 2260 Judaeorum
482 2221 557 2265 jure
599 2220 825 2254 deminutum
870 2225 939 2262 est,
976 2217 1268 2264 quandoquidem
1301 2216 1496 2252 nonnullos
1526 2218 1594 2252 sibi

218 2272 316 2305 Deus
339 2268 497 2303 Judaeos
521 2267 687 2309 secrevit,
714 2265 773 2311 qui
799 2264 905 2298 fldem
931 2266 967 2297 in
994 2264 1133 2298 Christo
1160 2262 1397 2304 collocarent,
1431 2263 1595 2307 permul-

217 2324 431 2362 torumque,
470 2312 529 2358 qui
562 2312 714 2346 Messiae
746 2310 852 2344 fidem
878 2310 1116 2354 derogarunt,
1153 2306 1352 2353 pervicacia
1376 2309 1594 2354 temporaria

218 2363 304 2402 erit,
338 2360 514 2405 sapienter
538 2370 576 2391 ea
603 2358 746 2402 quidem
773 2369 790 2390 a
814 2357 895 2390 Deo
919 2355 1094 2396 immissa,
1124 2361 1163 2388 ut
1196 2365 1321 2387 omnes
1347 2353 1501 2397 denique
1525 2354 1594 2389 ho-

219 2411 332 2442 mines
358 2404 488 2441 Christi
515 2404 688 2437 beneficio
713 2403 904 2436 bearentur
929 2413 963 2434 c·
989 2402 1042 2435 11.
1070 2403 1119 2444 (p.
1135 2400 1192 2433 70.
1212 2402 1294 2444 sq.).
1341 2397 1409 2433 Hic
1427 2399 1578 2434 Paulum

220 2461 258 2487 ut
285 2452 530 2487 refellerentur
554 2455 587 2482 et
611 2449 693 2494 qui,
726 2460 771 2481 ne
800 2447 884 2492 quid
909 2446 1052 2480 Judaeis
1078 2445 1339 2488 detraheretur,
1376 2445 1523 2489 gentiles
1547 2425 1593 2480 ad

219 2499 349 2534 Christi
382 2508 481 2531 sacra
513 2494 754 2530 admittendos
786 2506 859 2526 esse
887 2498 1054 2537 negarent
1089 2497 1123 2525 et
1146 2491 1207 2536 qui
1236 2489 1314 2535 plus
1339 2488 1425 2534 juris
1449 2492 1592 2537 paganis

220 2556 326 2590 quam
352 2541 495 2576 Judaeis
520 2541 603 2574 dare
628 2539 855 2583 viderentur,
879 2537 965 2572 haec
990 2536 1187 2582 praefatum
1214 2548 1287 2569 esse
1306 2535 1353 2570 V.
1370 2536 1417 2570 D.
1437 2535 1594 2571 censuitt

221 2588 354 2624 neutris
379 2594 430 2622 est
455 2585 683 2631 praecipuum
711 2584 786 2628 jus,
825 2596 936 2629 quum
962 2582 1103 2628 utrique
1128 2580 1282 2625 peccatis
1309 2593 1346 2615 se
1369 2582 1591 2616 contamina·

219 2634 337 2672 verint
369 2640 402 2667 et
435 2631 617 2678 integritas
650 2631 729 2664 Deo
762 2630 926 2673 probata,
962 2640 1051 2673 quae
1085 2626 1288 2662 felicitatem
1324 2632 1503 2661 aeternam
1537 2628 1598 2673 gio

246 2686 325 2721 nat,
368 2690 484 2722 neque
508 2677 679 2721 obsequio
706 2675 773 2720 legi
800 2687 891 2711 mos.
916 2673 1083 2718 praestito
1117 2684 1231 2717 neque
1263 2670 1332 2705 alia
1365 2685 1404 2705 re
1429 2673 1592 2718 nisifide

252 2724 350 2760 hristi
375 2723 490 2757 habita
529 2727 718 2767 quaeratur
741 2733 773 2756 c.
794 2720 924 2753 1.—8.
943 2719 993 2763 (p.
1011 2718 1066 2753 78.
1087 2719 1172 2763 sq.).
1225 2716 1317 2750 Tum
1344 2716 1520 2762 Paulum,
1553 2725 1593 2753 ut

217 2770 359 2807 Judaeis
385 2768 594 2803 concederet
619 2767 715 2812 quod
739 2772 835 2800 recte
861 2765 902 2799 iis
928 2763 1077 2798 concedi
1104 2768 1241 2808 posset,
1275 2763 1398 2798 Jesum
1433 2770 1467 2798 et
1490 2765 1589 2808 Apo-

220 2816 330 2853 stolos
351 2816 453 2856 prius
476 2812 616 2846 Judaeis
641 2824 747 2857 quam
774 2810 963 2856 gentilibus
987 2808 1135 2843 salutern
1162 2808 1343 2851 obtulisse,
1366 2808 1472 2843 Rom.
1493 2810 1521 2850 1,
1542 2809 1593 2844 16.

219 2864 256 2909 2,
269 2861 303 2897 9.
331 2862 386 2896 10.
419 2858 544 2894 dixisse
565 2858 624 2902 ;(Ρ.
651 2858 707 2892 91.
732 2858 800 2903 sq.)
833 2863 867 2891 et
895 2855 1073 2891 Actorum
1104 2854 1338 2898 scriptorem,
1378 2860 1417 2888 ut
1439 2853 1592 2890 Paulum
