1715 3115
174 171 263 214 30⁴
446 166 827 214 EPISTOLA
863 169 966 212 AD
999 168 1370 215 ROMANOS

174 277 317 322 Paulo
345 275 490 334 judice
517 275 777 317 messianum
812 274 1068 330 felicitatem
1113 291 1211 319 esse
1250 278 1451 321 divinitus
1479 279 1520 320 ei
1543 293 1643 336 pro·

172 336 347 377 missam
376 337 524 374 censet
553 334 609 375 cl.
639 334 762 375 Rom.
782 331 824 383 4,
852 334 918 376 13.
951 334 972 373 1
991 332 1091 376 Cor,
1113 336 1155 386 6,
1175 335 1235 377 2„
1305 334 1562 388 Crederem,
1602 337 1643 379 εἰ

171 393 298 434 Dens
312 391 472 433 Genes.
494 387 750 431 c.1.Jn00bo
775 389 920 429 mnndi
944 389 1174 444 imperium
1189 391 1452 446 simpliciter
1467 401 1643 448 porten-

171 449 326 491 disset.
392 448 458 487 At
491 445 583 486 fore
623 450 671 486 ut
696 444 885 488 Iacobus
923 446 1136 487 messiano
1171 447 1379 488 beatitate
1407 449 1642 504 potiretur,

169 505 340 547 Esavus
361 503 412 543 ea
431 502 675 551 excideret,
713 501 856 542 verbis
877 495 899 541 ὃ
920 500 1081 554 μείζων
1105 500 1332 544 δουλεύσει
1351 502 1414 559 τῷ
1435 502 1642 547 ἐλάσσονι,

169 569 257 603 tam
286 561 470 602 obscure
501 558 771 599 enuntiatum
800 564 938 608 esset,
971 566 1017 598 ut
1043 572 1165 599 nemo
1189 573 1239 600 ex
1261 559 1316 601 iis
1339 560 1447 602 hanc
1467 567 1641 604 senten-

169 619 274 660 tiam
307 617 434 657 facile
465 616 759 670 exsculperet.
827 613 988 672 Adjice
1020 614 1134 670 quod
1165 615 1224 656 ita
1256 630 1303 657 se
1338 615 1397 660 V.
1418 615 1477 662 Τ.
1508 619 1641 659 verba

168 676 502 730 interpretatum
535 685 634 712 esse
663 685 714 711 ne
743 670 863 726 apice
889 670 1060 727 quidem
1093 670 1142 714 P.
1164 673 1443 725 significavit.
1502 672 1642 715 Deni-

168 745 254 788 que
276 735 323 771 ut
343 730 402 771 ita
423 729 689 784 Apostolum
711 728 763 769 de
784 727 838 770 V.
856 728 914 772 T.
935 728 1028 768 loco
1044 727 1267 783 judicasse
1289 735 1514 786 putemuS,
1542 729 1640 788 ejus

166 786 488 842 argumentatio
515 785 688 826 minime
720 784 875 840 poscit.
937 783 1111 840 Quippe
1134 785 1273 826 Deum
1300 781 1519 827 aeternam
1541 787 1640 828 leli-

163 846 341 888 citatem
379 842 436 883 iis
473 841 652 893 largiri,
703 841 861 896 quibus
898 855 991 881 eam
1034 842 1138 881 dare
1169 841 1366 895 voluerit,
1414 856 1466 884 eo
1488 841 1546 886 V'.
1577 843 1638 888 T.

163 901 364 951 oraculo,
413 912 497 954 quo
527 898 653 939 Deus
687 895 830 938 Isaaci
859 897 1047 938 liliorum
1079 898 1249 939 delectu
1283 898 1396 940 sacto
1425 897 1636 942 Iacobum

163 958 407 1006 dominum,
437 953 624 996 Esau-um
656 968 824 995 servum
847 954 1147 1006 constituerit,
1181 969 1257 1010 per
1284 956 1488 1010 ambages
1509 956 1636 998 nobis

163 1014 414 1069 significare
458 1012 550 1066 Ap.
599 1010 826 1064 ulleyorica
870 1010 1007 1051 divini
1055 1011 1221 1052 oraculi
1270 1011 1636 1068 interpretatione

161 1072 274 1114 inita
312 1068 593 1111 existimavit.
664 1067 716 1107 V.
750 1068 815 1109 13.
857 1065 1033 1109 Naxus:
1085 1067 1224 1109 tis-avo
1254 1068 1445 1110 servitus
1473 1082 1498 1110 a
1535 1068 1633 1110 Deo

161 1127 327 1171 indicta
349 1132 430 1178 est,
461 1124 624 1168 Jacobo
644 1123 874 1179 imperium
900 1128 959 1176 (v.
977 1123 1079 1176 12),
1110 1138 1261 1180 nempe
1283 1124 1485 1180 quoniam
1505 1123 1634 1168 Jaco-

161 1185 264 1227 bum
288 1185 412 1225 Deus
431 1185 622 1231 amaret,
662 1178 848 1221 Esau-um
873 1180 1060 1231 odisset,
1102 1181 1143 1221 id
1169 1181 1281 1236 quod
1303 1181 1458 1223 literae
1481 1196 1632 1222 sacrae

160 1245 382 1285 testantur
411 1241 472 1294 (v,
499 1238 602 1293 13.).
661 1237 828 1280 Amore
855 1236 992 1288 igitur
1021 1242 1064 1278 et
1091 1236 1189 1278 odio
1208 1237 1419 1279 adductus
1441 1239 1630 1280 alterum

159 1298 407 1347 dominum,
441 1296 627 1336 alterum
656 1308 827 1335 servum
866 1294 984 1337 fecit.
1045 1293 1161 1335 Male
1188 1293 1341 1337 Rueck.
1365 1309 1534 1336 versum
1560 1295 1630 1339 13.

162 1370 187 1397 a
211 1354 261 1398 P.
282 1352 661 1409 argumentatione
692 1349 928 1391 abhorrere
949 1351 1189 1393 contendit.
1236 1350 1499 1406 γέγραπται]
1522 1351 1629 1396 Mal.

162 1415 205 1465 l,
226 1412 270 1457 2.
288 1411 350 1455 3..
410 1407 658 1465 Prophetae
680 1422 718 1449 v.
741 1406 793 1448 de
816 1406 980 1450 Jacobo
1008 1414 1051 1448 et
1070 1408 1227 1459 Esavo‚
1258 1422 1341 1448 non
1365 1407 1419 1449 de
1441 1403 1630 1450 nationi-

159 1469 266 1522 bus,
304 1481 414 1523 quas
440 1465 753 1514 condiderunt,
800 1464 912 1505 dicta
943 1471 1059 1508 sunt.
1129 1463 1195 1505 lta
1226 1464 1356 1505 etiam
1377 1479 1400 1504 a
1427 1463 1475 1508 P.
1500 1465 1628 1506 intel-

155 1527 270 1568 lecta
309 1530 436 1575 sunt,
484 1522 568 1562 nisi
608 1521 721 1576 qnod
764 1521 802 1561 is
831 1516 1038 1576 ἠγάπησα
1071 1527 1116 1562 et
1148 1518 1339 1575 ἐμίσησα
1368 1520 1421 1561 ad
1455 1527 1627 1579 tempus

157 1582 359 1633 rettulit,
420 1593 505 1634 quo
554 1579 723 1619 Esavns
772 1584 815 1618 et
860 1576 1051 1619 ,Iacobus
1095 1576 1281 1618 nondum
1334 1578 1425 1619 nati
1479 1585 1628 1620 essent

156 1639 378 1694 (Boelem.,
406 1634 580 1685 Reich„
612 1633 816 1685 Meyerus
835 1633 930 1689 aL).
992 1633 1134 1674 Docet
1154 1633 1364 1689 Apostoli
1394 1648 1624 1688 argumen-

153 1696 264 1738 tatio
284 1709 325 1738 v.
348 1694 415 1735 11.
437 1717 492 1724 —-
519 1691 601 1733 13..
663 1689 894 1746 Perperam
925 1690 1124 1746 plerique
1148 1689 1493 1746 interpretantur
1519 1688 1624 1746 ἠγά-

156 1767 280 1808 πησα
300 1748 580 1793 vehementius
601 1747 763 1798 amari,
790 1746 1039 1800 praeposui,
1069 1752 1112 1787 et
1133 1744 1322 1801 ἐμίσησα
1343 1748 1481 1789 nabau&
1501 1762 1623 1789 mmc-

153 1810 218 1861 υἱ,
254 1805 470 1862 postposui
504 1811 728 1845 enarrant.
801 1802 910 1843 Nam
951 1802 1059 1843 hanc
1089 1803 1172 1843 vim
1213 1801 1340 1843 verba
1374 1800 1548 1860 ἀγαπᾷν
1578 1809 1624 1845 et

151 1866 298 1919 μισεῖν
330 1860 490 1904 habere
521 1860 587 1902 vel
617 1874 692 1916 per
721 1873 767 1899 se
789 1859 980 1916 ineptum
1005 1866 1072 1900 est
1091 1859 1345 1900 existimare
1365 1864 1425 1913 (v.
1444 1859 1622 1913 Rueck.)

152 1922 353 1977 maleque
389 1917 607 1975 opinionis
650 1915 821 1957 vanitas
873 1916 1070 1971 specioso
1108 1917 1186 1971 ’τῆς
1219 1911 1448 1967 μειώσεως
1488 1915 1620 1957 titulo

149 1978 316 2033 tegitur
350 1979 411 2030 (v.
442 1972 667 2016 Bretsclm.
697 1972 840 2025 Lex.).
913 1971 1076 2028 Nempe
1108 1972 1269 2015 Gentes.
1297 1973 1367 2023 29,
1387 1971 1459 2016 31.
1481 1973 1557 2026 (el.
1580 1986 1619 2014 v.

150 2036 268 2088 30.),
308 2032 442 2075 Deut.
461 2031 531 2079 21,
553 2030 620 2072 15.
646 2044 714 2085 sq.
746 2028 852 2071 Luc.
878 2028 945 2079 14,
965 2032 1034 2070 26.
1065 2027 1167 2071 Joh.
1192 2029 1256 2079 12,
1276 2028 1346 2070 23.
1379 2034 1422 2069 et
1451 2028 1621 2070 similes

149 2091 251 2143 loci,
283 2089 441 2145 quibus
463 2088 583 2128 illius
605 2085 822 2141 opinionis
844 2091 1191 2140 propugnatores
1216 2085 1394 2125 maxime
1416 2083 1486 2125 fisi
1502 2091 1619 2137 sunt,

149 2163 246 2191 eum
267 2161 351 2188 non
383 2144 690 2193 morabuntur,
731 2141 805 2197 qui
838 2141 1034 2182 homines
1076 2141 1313 2182 orientales
1347 2153 1424 2197 pro
1455 2140 1618 2196 majore

149 2206 227 2247 sua
257 2202 390 2244 animi
424 2200 712 2242 concitatione
744 2198 802 2238 ibi
829 2199 893 2239 rei
922 2211 1109 2239 amorem
1139 2202 1213 2239 unt
1232 2197 1367 2238 odium
1389 2200 1432 2237 et
1453 2197 1617 2238 sentire

148 2269 192 2304 et
222 2258 473 2309 enuntiare,
515 2255 586 2297 ubi
619 2270 723 2305 uos,
764 2253 836 2309 qni
865 2268 1014 2294 sumus
1047 2254 1087 2294 in
1112 2252 1451 2294 occidentalibus
1501 2253 1616 2306 lagia

146 2317 303 2360 natura
324 2315 465 2356 minus
487 2311 741 2361 irritabiles,
773 2310 881 2351 nihil
908 2310 990 2350 nisi
1011 2309 1076 2351 rei
1090 2309 1276 2351 studium
1293 2312 1367 2349 aut
1386 2322 1462 2363 neq
1481 2310 1615 2352 ectio-

146 2389 241 2415 nem
262 2377 302 2414 et
325 2371 533 2412 incuriam
567 2369 779 2410 sentimus
800 2372 842 2407 et
864 2366 1135 2421 eloquimur,
1176 2364 1463 2407 meminerint.
1521 2363 1616 2407 lta-

146 2445 229 2486 que
260 2425 591 2469 occidentalium
636 2423 852 2465 hominum
893 2423 1058 2475 frigore
1088 2420 1364 2463 orientalium
1395 2420 1613 2464 hominum

143 2485 342 2527 ardorem
375 2481 774 2534 vehementiamque
803 2479 844 2519 in
867 2476 1093 2519 sentiendo
1117 2476 1420 2532 loquendoque
1447 2478 1611 2519 exstin-

143 2545 304 2596 guunt,
352 2539 426 2594 qui
462 2536 675 2595 ejusmodi
711 2535 753 2576 in
798 2535 830 2577 l.
868 2530 1044 2590 ἀγαπᾷν
1083 2533 1364 2575 vehementius
1394 2547 1543 2576 amare
1568 2539 1612 2576 et

140 2601 284 2650 μισεῖν
307 2596 443 2636 minus
472 2608 620 2636 anun-e
651 2592 884 2647 explicant.
944 2589 1076 2631 Adde
1099 2588 1211 2644 quod
1234 2588 1357 2630 Deus
1380 2587 1609 2631 israelitas

143 2654 303 2694 amavit
344 2650 475 2691 Dent.
505 2652 546 2701 7,
577 2649 620 2692 8.
652 2651 673 2690 1
706 2648 814 2701 Reg.
850 2647 913 2696 10,
942 2647 1007 2697 9.‚
1056 2645 1279 2686 Edomitas
1318 2644 1418 2686 odio
1456 2646 1609 2688 habuit

141 2708 248 2752 Mal.
272 2710 309 2758 1,
329 2707 388 2750 4..
448 2705 700 2746 Tanchuma
727 2719 767 2758 p.
794 2703 861 2752 32,
882 2703 924 2743 2.
955 2701 1026 2742 Tu
1045 2701 1263 2752 invenies,
1294 2715 1443 2743 omnes
1464 2710 1607 2744 trans-

140 2765 417 2820 gressiones,
467 2776 575 2815 quas
613 2762 697 2802 vdit
740 2759 860 2800 Deus
904 2757 952 2800 S.
987 2758 1064 2809 B.,
1111 2757 1249 2798 fuisse
1283 2757 1327 2798 in
1362 2757 1501 2799 Esavo
1528 2761 1607 2811 1(v.

148 2821 298 2865 Wetst.
322 2817 387 2871 ll,
410 2819 548 2871 4384.
607 2817 667 2858 121
682 2829 751 2857 um
780 2820 960 2856 naturas
988 2820 1239 2870 procreatas
1270 2812 1480 2868 diligere,
1521 2828 1607 2912 tzion

1562 2883 1607 2912 ρ-
