1715 3115
491 141 651 188 GAP.
672 141 802 187 Vll.
831 142 922 187 Vs.
950 145 993 188 9.
1024 148 1075 185 ct
1107 143 1194 189 10..
1521 147 1579 188 39

107 255 251 295 autem
282 250 436 306 parata
466 252 740 306 peecatorum
763 248 885 291 venia
916 248 1037 290 illam
1066 254 1248 291 mortem
1277 250 1320 292 in
1342 251 1572 308 sempiter-

105 307 346 350 nam-itam
369 307 639 348 convertisse
654 304 704 349 P.
725 309 976 348 constanter
996 305 1119 348 docet
1137 306 1179 358 5,
1193 307 1260 349 12.
1279 309 1321 358 6,
1331 306 1403 350 23.
1432 312 1451 350 l
1466 308 1570 350 Cor.

107 365 175 416 15,
197 365 268 406 56.
287 378 356 419 sq.
385 363 414 404 2
431 363 551 405 Tim.
577 364 616 414 1,
638 363 722 405 10..
780 360 878 405 Jaiu
914 378 1045 414 (μιιιιιι
1075 363 1143 405 lex
1171 377 1281 407 mos.
1301 364 1400 406 Deo
1423 364 1570 406 mode-

103 428 231 463 rante
252 435 303 461 eo
328 420 540 471 valuerit,
583 423 629 460 ut
659 426 832 474 peccata
868 420 1021 460 mirum
1044 421 1086 461 in
1111 418 1282 462 modum
1303 426 1572 473 augerentur

102 477 145 530 5,
166 478 239 520 20.
264 476 365 519 Gai.
381 477 422 528 3,
444 478 511 518 19.
529 490 621 532 sq.,
653 475 748 516 tieri
769 489 850 516 non
875 477 1041 531 potuit,
1072 476 1174 532 quin
1231 491 1280 518 er
1299 477 1418 519 illam
1439 476 1569 519 Ditis

103 548 284 587 regnum
308 533 664 588 frequentaretur
692 532 720 573 2
740 531 843 575 Cor.
866 534 908 583 3,
928 535 969 575 6.
1004 535 1023 573 l
1047 532 1148 576 Cor.
1170 534 1190 574 l
1225 566 1238 586 ‚
1257 533 1329 576 54.
1348 548 1418 589 sq.
1448 539 1511 588 (v,
1529 533 1567 586 Ι,

101 591 200 634 293.
220 595 264 632 et
287 590 446 631 &terii
465 589 645 635 entwicf.
677 603 720 645 p.
739 589 849 643 49.).
907 588 1094 631 Easdem
1115 590 1359 633 sententias
1381 590 1565 633 Paulum

102 647 146 690 h.
164 647 197 690 l.
219 646 448 688 enuntiare
472 646 514 687 in
537 646 768 702 propatulo
789 650 880 694 est3
914 660 1008 689 nv.
1031 648 1097 689 13.
1116 647 1188 690 24.
1216 648 1258 699 8,
1283 648 1379 691 1.2.
1402 648 1471 691 10.
1497 649 1564 690 11.

102 705 173 747 13.
205 718 292 760 sq..
352 701 483 757 Quod
513 702 641 743 multi
671 701 784 744 haud
815 701 945 743 dubie
975 703 1209 754 vidissent,
1251 703 1337 746 nisi
1365 703 1564 761 ineptum

99 774 199 804 esse
219 764 474 816 putassent,
510 759 676 801 referre
700 759 775 815 qui
796 759 980 814 loquens
1003 759 1225 801 inducitur
1250 760 1386 815 ipsum
1409 761 1565 803 mortis

97 831 226 873 quam
237 815 474 859 occubuerit
490 815 686 858 rationes
709 816 931 860 v.9—11.
947 816 1014 859 13.
1035 820 1094 871 (ν.
1108 816 1246 860 Winz.
1268 831 1312 875 p.
1326 817 1434 872 12.).
1463 817 1564 860 Ah-

99 887 252 915 sonum
283 872 362 914 hoc
388 878 532 925 esset,
572 873 611 914 si
635 871 684 916 Ρ.
707 872 750 916 h.
771 872 802 915 1.
831 886 910 914 sun
938 873 1025 914 fata
1059 879 1276 916 narraret.
1335 876 1404 916 At
1429 888 1563 929 yenus

97 931 354 980 humanum,
392 928 517 986 cujus
546 943 777 985 personam
804 927 853 971 P.
882 929 1103 985 suscepit,
1142 929 1212 971 hic
1239 930 1451 986 loquitur.
1507 929 1563 972 ld

99 1000 210 1042 quae
232 985 428 1026 efficiunt
457 985 676 1027 hominum
704 991 872 1027 aetates
894 1000 999 1028 sane
1022 986 1268 1037 intereunt,
1307 988 1443 1041 ipsum
1475 1001 1562 1029 non

96 1041 299 1086 moritur.
359 1040 512 1084 Potest
533 1042 670 1096 igitur
690 1056 828 1095 genus
841 1042 1073 1084 humanum
1094 1042 1225 1084 simul
1246 1043 1463 1084 hominum
1485 1044 1563 1100 qui

95 1104 237 1142 morte
262 1097 455 1141 absumti
483 1099 574 1140 sint
603 1098 773 1140 ratione
804 1098 953 1140 habita
976 1114 1096 1141 suam
1119 1105 1298 1141 mortem
1328 1100 1560 1157 deplorare

95 1169 138 1201 v.
158 1155 355 1207 9—13.,
391 1154 522 1196 simul
545 1156 588 1196 in
615 1155 812 1197 homines
831 1155 906 1211 qui
937 1170 1048 1197 nunc
1071 1156 1217 1197 vivant
1239 1156 1442 1198 intuitum
1465 1157 1559 1214 eju-

93 1213 213 1266 lare,
245 1212 346 1267 quia
370 1211 457 1253 sibi
480 1211 750 1253 moriendum
775 1212 857 1255 sit:
886 1214 948 1265 (ν.
963 1213 1056 1265 24.)
1083 1213 1177 1253 sine
1200 1213 1288 1253 ulla
1311 1228 1559 1269 repugnan-

93 1271 174 1313 tia.
240 1268 443 1312 ceterum
474 1269 549 1325 qui
579 1269 654 1310 illa
688 1284 728 1312 v.
763 1270 979 1310 translato
1007 1283 1136 1311 sensu
1170 1269 1477 1311 intellexerunt
1507 1285 1558 1312 ea

91 1324 386 1368 diversimode
408 1332 725 1382 exposuerunt:
761 1325 889 1380 ἔζων]
913 1325 1026 1381 felix
1053 1340 1173 1367 eram
1197 1324 1444 1382 ἀπέθανον]
1477 1328 1557 1368 mi-

92 1398 163 1425 ser
193 1397 287 1424 sum
319 1382 512 1424 redditus
540 1381 684 1436 Kopp.
713 1382 905 1424 Bacch-el.
939 1383 998 1425 ai.
1034 1383 1040 1435 Ι
1075 1381 1202 1438 ἔζων]
1244 1382 1393 1424 beatus
1421 1399 1556 1435 erum,

92 1453 218 1494 quocm
238 1440 483 1480 innocenter
499 1443 539 1480 et
562 1444 678 1480 caste
697 1439 874 1480 viz-erem
894 1436 1141 1493 ἀπέθανον]
1175 1470 1202 1490 ,,
1216 1440 1393 1480 mortem
1415 1454 1556 1481 mora-

91 1498 173 1537 lem
200 1494 402 1551 oppetii”
433 1493 564 1536 Seml.
592 1493 749 1538 Rueck.
771 1495 830 1538 al.
858 1495 864 1549 Ι
899 1493 1025 1550 ἔζων]
1056 1494 1202 1537 vivere
1234 1496 1339 1537 mihi
1366 1496 1555 1540 videbar.

89 1548 338 1605 ἀπέθανον]
373 1555 587 1590 mortuum
619 1564 684 1591 me
715 1564 813 1592 esse
843 1552 1010 1605 coynovi
1039 1552 1083 1603 (l
1115 1552 1216 1594 Cor.
1242 1552 1285 1603 4,
1315 1552 1378 1605 8.)
1407 1552 1555 1606 Anqu-

88 1607 219 1659 siin„
245 1606 394 1655 Beza,
424 1605 584 1659 Carpz.
606 1607 665 1647 al.
691 1605 804 1661 quod
830 1612 874 1647 et
895 1607 1036 1662 ipsum
1058 1607 1113 1648 ab
1140 1607 1242 1649 aliis
1261 1609 1393 1649 aliter
1415 1622 1554 1664 expo-

90 1663 228 1705 nitur.
290 1658 512 1717 dve‘g‘tgoev]
552 1663 749 1713 „reverit
776 1663 891 1704 sicut
923 1663 1114 1715 vixerat,
1158 1679 1288 1720 quum
1320 1679 1398 1722 per
1426 1664 1553 1708 Ada-

91 1733 205 1760 mum
236 1718 448 1759 intrasset
476 1717 519 1759 in
549 1717 787 1760 mundum‘'
814 1720 876 1773 (5,
905 1720 994 1772 12.)
1022 1720 1175 1774 Beny..
1235 1722 1301 1765 At
1331 1722 1552 1763 enimvero

91 1772 252 1828 ἆναζῆν
273 1775 314 1817 h.
335 1775 366 1816 1.
388 1775 533 1815 valere
554 1775 707 1830 nequit
735 1776 1003 1827 reviviscere,
1034 1791 1163 1831 quum
1189 1779 1281 1833 Ap.
1302 1777 1552 1833 τῆνἍμαρ-

87 1828 188 1870 τίαν
206 1830 365 1870 nullum
381 1830 584 1886 impetum
607 1838 649 1871 et
661 1832 792 1873 vitam
813 1832 974 1873 nullum
994 1833 1090 1886 lege
1110 1848 1218 1877 mos.
1241 1834 1426 1876 nondum
1450 1849 1551 1890 pro-

91 1886 283 1937 mulgata
305 1885 511 1927 imbuisse
531 1901 570 1930 v·
590 1888 633 1930 8.
654 1888 883 1944 perspicue
903 1887 1176 1932 indicaverit.
1239 1890 1329 1932 imo
1355 1889 1550 1946 ἀναζῆν,

91 1949 138 1983 ut
171 1942 443 1982 vernaculum
473 1943 560 1989 oui
588 1946 692 1987 {eben
723 1946 865 1985 nivere
902 1945 1085 1999 incipere
1116 1946 1309 1989 denotat.
1380 1947 1548 2004 Nempe

89 1995 170 2039 ἀνά
194 1997 340 2038 verbis
369 1998 690 2054 praepositum,
728 2009 774 2040 ut
803 2008 996 2041 nostrum
1021 2004 1141 2053 ouh,
1172 2017 1221 2043 eo
1247 2002 1360 2058 quod
1386 2012 1546 2045 motum

88 2069 141 2096 ex
166 2054 363 2095 inferiori
389 2054 482 2095 loco
503 2055 544 2095 in
567 2055 836 2110 superiorem
866 2056 1003 2096 locum
1029 2057 1120 2098 fiori
1146 2057 1337 2100 deciarat
1357 2058 1547 2115 (ἀναπη-

88 2107 207 2158 δάω,
247 2107 515 2161 ἀνάλλτιμαι,
557 2107 866 2163 ἇναῧιγιιάω),
907 2118 1053 2168 aptum
1087 2122 1176 2164 est,
1214 2117 1327 2170 quod
1359 2117 1546 2159 actionis

86 2167 254 2209 initium
276 2167 494 2222 exprimat
515 2173 588 2207 aut
610 2181 697 2209 rem
724 2168 861 2223 primo
881 2169 1092 2209 exsistere
1116 2171 1293 2214 iudicet.
1353 2174 1421 2216 Cf.
1445 2171 1548 2214 (ἶνα-

85 2223 238 2275 βλέπω
256 2221 411 2274 Joh.!),
431 2225 535 2264 11-
561 2224 652 2275 18.,
683 2221 938 2273 cinaedum,
968 2223 1294 2278 (ἷναβλαστάνω,
1326 2224 1545 2283 ἆναβρῦω,

87 2278 318 2330 amasiorum,
357 2275 573 2333 ἀνατρίζω
601 2281 676 2323 al..
745 2281 889 2335 Quum
918 2282 1055 2333 igitur
1083 2282 1267 2325 Nonnus
1296 2286 1546 2340 ambiguum

86 2350 182 2377 esse
204 2336 388 2376 vidisset
408 2337 582 2376 verbum
608 2333 789 2392 ἀναζζν,
818 2343 864 2377 ut
889 2337 1002 2392 quud
1027 2345 1115 2379 tum
1140 2341 1422 2394 reviviscere,
1452 2349 1544 2385 tum

85 2393 230 2434 vivere
253 2392 444 2448 incipere
464 2399 613 2434 notare
634 2401 782 2449 posset
811 2393 1044 2435 identidem
1073 2391 1197 2444 αἶτις
1217 2395 1376 2455 ἅναζῆν
1395 2400 1545 2441 revivi-

85 2463 202 2490 scere
230 2448 338 2489 dixit
368 2448 409 2488 in
441 2450 652 2503 metaphr.
686 2449 763 2493 Ev.
796 2449 920 2500 Joh.,
960 2466 1001 2507 p.
1027 2452 1100 2502 48,
1134 2454 1229 2497 109.
1271 2456 1340 2498 ed.
1372 2456 1546 2500 Passoc.

87 2504 244 2547 Rueck.
278 2503 460 2546 Paulum
483 2513 526 2546 ut
558 2504 770 2561 ἀνέζησεν
795 2508 949 2548 revixit
979 2509 1192 2550 scriberet
1215 2511 1359 2553 verbis
1384 2527 1423 2555 v.
1445 2511 1488 2554 8.
1507 2528 1544 2564 7.

86 2576 124 2614 y.
147 2557 290 2613 zu‘Aflu.
322 2561 481 2616 νεκρά
508 2560 737 2603 adductum
762 2578 858 2604 esse
882 2565 1100 2620 opinatur.
1159 2565 1258 2608 Non
1282 2583 1410 2625 posse
1429 2556 1545 2609 enim

48 2645 52 2648 -
89 2618 284 2658 homines
323 2626 489 2659 mortua
533 2619 752 2670 cogitare,
800 2620 883 2660 nisi
923 2635 1032 2676 quae
1069 2623 1307 2679 aliquando
1339 2625 1546 2668 vixerint.

87 2672 268 2715 Mortua
295 2675 588 2731 metaphorice
612 2675 697 2716 dici
723 2690 832 2730 quae
855 2677 939 2718 νὶΙα
963 2682 1035 2719 aut
1058 2679 1096 2719 ci
1115 2680 1427 2733 destituantur,
1462 2696 1546 2722 uon

88 2730 228 2770 solum
252 2744 361 2785 quae
382 2747 404 2771 a
427 2731 512 2771 vita
537 2732 803 2788 aliquamdiu
825 2732 1108 2776 discesserint
1129 2742 1202 2777 aut
1222 2737 1304 2778 vim
1326 2753 1447 2779 suam
1465 2738 1548 2779 ali-

89 2785 262 2843 quando
281 2787 507 2832 :uniserint
527 2789 571 2831 in
592 2791 747 2844 vulgus·
777 2794 946 2833 constat
967 2790 1082 2843 (Jac.
1103 2793 1145 2846 2,
1168 2795 1273 2848 17.).
1328 2793 1426 2838 Jam
1451 2808 1547 2851 per-
