1715 3115
457 167 618 212 CAP.
651 167 746 213 xl.
780 167 870 213 vs.
906 169 980 213 17.
1013 173 1067 210 et
1100 168 1194 213 18..
1483 171 1571 215 499

85 276 175 330 lae)
213 274 329 317 enim
369 275 512 328 magis
544 275 703 317 olivam
735 274 930 316 oleastro
964 274 1183 328 inserere,
1231 279 1274 317 et
1306 289 1388 318 non
1421 276 1564 318 olivae

83 334 322 375 oleastrum
352 332 523 375 solent:
567 331 617 376 Ρ.
639 345 741 373 vero
766 331 1003 385 apostolic-t?
1027 332 1379 388 c1uctore'late(.'.')
1407 333 1562 375 ordine

81 394 346 431 commutato
375 402 448 430 res
477 390 616 441 magis
646 388 816 440 causis,
857 401 984 443 quam
1007 402 1164 429 causas
1187 390 1319 431 rebus
1337 391 1523 445 aptavit.
1536 392 1560 408 ''

82 453 126 487 et
146 451 373 502 praeterea
399 446 704 495 Castaliomm,
736 444 951 498 Koppium
966 476 978 495 ‚
1008 444 1231 487 Reiche'um
1251 452 1293 487 et
1312 445 1558 500 meyerum.

82 502 170 544 Sed
193 517 324 559 quum
348 503 531 544 oleastri
553 502 828 544 surculorum
852 500 893 540 iu
916 501 1054 542 oleam
1078 502 1284 544 insitione
1307 503 1384 544 hoc
1411 503 1459 547 Ρ.
1480 503 1556 546 de-

79 560 338 610 claraverit,
378 559 568 613 gentiles
587 563 708 600 extra
732 556 929 599 ordinem
952 573 1165 599 summum
1189 559 1274 600 Dei
1300 559 1553 602 heneficium

79 616 122 657 in
153 615 374 658 civitatem
397 615 617 673 judaicam
649 615 900 670 receptione
928 618 1224 671 consequutos
1253 631 1374 669 esse,
1405 632 1551 659 secum

78 672 251 714 discors
272 687 370 714 esse
390 680 433 714 et
452 671 840 727 civitatijuclaicae
862 671 1061 713 tribuere
1086 672 1202 728 quod
1228 672 1333 726 fidei
1360 674 1549 716 dandum

78 737 198 771 esset
228 729 404 772 Reichio
434 743 479 785 p.
499 730 599 772 391.
631 729 819 771 videtur.
899 728 998 770 Non
1034 731 1270 773 assentior.
1350 732 1472 773 fidei
1504 732 1547 773 in

76 785 258 829 Christo
286 786 505 842 repositae
534 786 631 842 pios
659 785 849 838 gentiles
877 799 1085 826 summam
1108 787 1365 828 felicitatem
1389 788 1548 830 dehere

75 844 170 900 Ap.
199 844 242 887 h.
261 843 294 885 l.
322 843 497 884 minime
523 842 740 884 infitiatus
770 846 860 884 est:
900 842 1011 883 illud
1041 857 1139 885 vere
1168 845 1349 896 statuit,
1380 851 1424 887 et
1446 860 1547 902 pro-

74 900 156 942 hos
187 899 373 954 gentiles
403 913 498 941 cum
528 899 711 940 oleastri
744 899 879 939 ramis
910 899 950 939 in
985 900 1143 941 olivam
1180 901 1393 943 immissis
1427 910 1546 944 reete

73 957 263 998 conferri
301 957 345 1001 h.
374 971 413 998 e.
447 970 522 998 eos
556 962 734 1012 praeter
764 970 908 997 rerum
942 957 1137 998 ordinem
1168 958 1327 999 salutis
1360 958 1545 1002 Indaeis

72 1014 349 1070 potissimum
371 1012 617 1054 destinatae
645 1015 710 1067 (l,
737 1014 824 1064 16.)
857 1014 1096 1069 participes
1118 1016 1256 1055 factos
1275 1030 1372 1057 esse
1398 1018 1543 1070 (nulla

70 1070 186 1112 enim
205 1071 422 1126 promissa
447 1070 570 1111 Deus
591 1070 774 1126 paganis
796 1070 977 1111 dederat
998 1085 1138 1126 neque
1165 1071 1252 1113 nisi
1282 1072 1542 1115 benevelen-

69 1127 133 1169 tia
164 1127 378 1168 adductus
407 1127 660 1168 felicitatem
682 1126 864 1169 Judaeis
895 1129 1199 1183 prommissam
1228 1143 1322 1170 cum
1355 1129 1410 1171 iis
1439 1145 1541 1186 par-

68 1183 293 1241 ticipavit,
331 1184 395 1235 15,
414 1184 456 1235 8,
473 1185 538 1236 9.)
559 1189 602 1224 et
623 1184 843 1224 civitatem
860 1183 1078 1240 judaicam
1099 1200 1356 1238 generosam
1380 1187 1539 1229 olivam

66 1240 237 1292 facere,
288 1255 399 1296 quae
427 1241 577 1282 insitis
607 1241 692 1282 sihi
723 1241 905 1281 oleastri
937 1242 1068 1283 taleis
1099 1256 1274 1283 succum
1306 1244 1539 1298 largiatur,

67 1303 144 1339 aut
171 1298 390 1339 nationem
415 1297 638 1355 judaicam
662 1310 740 1338 sua
760 1304 1013 1339 ornamenta
1035 1313 1129 1339 cnm
1152 1302 1337 1355 paganis
1358 1302 1537 1343 civitate

66 1352 243 1396 donatis
274 1354 608 1398 communicare.
686 1353 1186 1411 Nempe'Abrahanxum
1220 1357 1374 1399 heatae
1407 1359 1539 1399 subn-

64 1411 123 1453 lis
154 1412 481 1468 progenitorem
509 1411 602 1452 fore
623 1409 747 1452 Deus
778 1411 1063 1468 portenderat
1085 1413 1186 1455 Gal.
1205 1414 1247 1466 3,
1265 1414 1326 1457 8..
1387 1415 1537 1470 Quare

64 1467 323 1510 Abrahamo
357 1468 600 1525 promissae
634 1467 859 1509 beatitatis
891 1469 1114 1525 particeps
1147 1470 1246 1511 lieri
1275 1484 1358 1512 non
1389 1473 1536 1527 potuit

63 1524 154 1565 nisi
191 1531 267 1566 aut
306 1525 347 1565 in
381 1524 630 1566 Abrahami
670 1525 836 1565 familia
878 1533 1007 1567 natus
1048 1531 1123 1567 ant
1156 1527 1197 1566 in
1231 1541 1324 1568 eam
1356 1529 1534 1572 insitus.

64 1579 181 1623 Sane
219 1582 327 1623 hanc
357 1582 483 1624 Deus
517 1582 657 1635 legem
700 1582 962 1638 scripserat,
1012 1590 1058 1623 ut
1096 1583 1172 1638 qni
1211 1588 1351 1626 mente
1379 1589 1421 1627 et
1449 1585 1534 1638 sicle.

62 1638 368 1680 Abrahamum
403 1639 612 1680 aemulati
645 1646 794 1679 essent
823 1639 1071 1681 Abrahami
1104 1641 1273 1696 posteri
1305 1656 1532 1683 censeren-

62 1701 137 1736 tur
155 1695 198 1743 4,
223 1697 290 1738 11.
334 1697 435 1738 Gal.
458 1697 498 1747 3,
523 1697 581 1738 9..
640 1694 728 1737 Sed
756 1696 1118 1737 considerandum
1149 1703 1238 1749 est,
1275 1698 1418 1754 primo
1447 1699 1533 1740 fide

64 1752 254 1801 gentiles
277 1752 517 1793 Abralmmi
541 1751 651 1803 filios
679 1752 819 1793 factos
849 1767 968 1798 esse,
1000 1753 1148 1808 quibus
1172 1753 1295 1795 Deus
1317 1770 1530 1796 summam

64 1808 318 1848 felicitatem
351 1809 576 1863 pollicitus
603 1814 742 1859 esset,
781 1809 937 1850 deinde
958 1804 1373 1862 Pa'ulu111Judaeis,
1405 1819 1532 1854 natu·

63 1864 233 1904 ralibus
254 1864 498 1905 Abrahami
521 1864 738 1919 posteris,
776 1865 992 1920 aliquem,
1031 1879 1156 1920 quem
1187 1867 1304 1907 inter
1335 1868 1532 1910 homines

63 1919 148 1962 tide
169 1920 413 1962 Abrahami
441 1935 579 1972 genus
607 1929 903 1976 consequutus
931 1922 1204 1974 obtinerent,
1236 1925 1530 1981 principatum

63 1977 279 2018 detulisse
299 1979 360 2031 (v,
384 1984 474 2019 not.
496 1975 549 2017 ad
574 1978 611 2028 l,
627 1978 731 2029 16.).
800 1976 907 2020 Jure
930 1977 1066 2031 igitur
1090 1981 1391 2023 Abrahamum
1411 1981 1529 2039 ejus-

63 2048 147 2089 que
171 2034 423 2089 progeniem
445 2033 654 2075 familiam
677 2034 818 2076 facere
839 2033 891 2076 P.
911 2036 1105 2088 censuit,
1142 2037 1211 2078 cui
1233 2052 1442 2079 summam
1466 2039 1529 2081 fe-

61 2091 279 2132 licitatem
305 2090 427 2133 Deus
454 2091 513 2131 ita
543 2091 712 2146 privam
741 2091 1068 2144 constituisset,
1108 2098 1156 2134 ut
1186 2095 1348 2136 nemini
1373 2095 1460 2138 nisi
1485 2096 1529 2137 iu

62 2147 184 2189 illam
215 2153 389 2204 recepto
417 2146 513 2188 dari
545 2154 710 2214 posset.
790 2147 1141 2204 ἐνεκεντρίσθης]
1180 2152 1349 2195 Athen.
1375 2153 1528 2205 14‚68.

62 2228 117 2236 --
137 2201 448 2256 ἐπεμβολάδας
478 2201 639 2253 &maog
671 2201 876 2256 ὀνομάζει
899 2205 1215 2260 (Aristoteles)
1238 2207 1316 2256 τὰς
1336 2206 1528 2263 ἐγκεκεν-

62 2261 310 2315 τρισμένας.
370 2260 503 2301 Falso
527 2261 763 2312 Erasmus,
803 2262 924 2304 Grot.
947 2263 1003 2305 al.
1029 2277 1068 2304 v.
1095 2260 1348 2318 gyxevzplgm
1378 2266 1432 2305 ad
1462 2267 1527 2307 in-

61 2317 336 2359 oculationem
373 2317 582 2360 referunt.
661 2316 775 2358 Nam
803 2317 1018 2360 inoculare
1050 2321 1164 2360 valet
1195 2319 1527 2375 ἐνοφθαλμίζω.

62 2372 221 2430 Neque
252 2369 482 2426 ε’μβάλλω,
533 2370 788 2428 ἔμφυτεύω,
841 2372 1095 2429 ἐμφυλλίζω
1131 2383 1174 2417 et
1206 2374 1526 2433 ἑνοφῧαλμίζω

59 2429 175 2472 idem
205 2431 321 2487 quod
351 2425 605 2485 ἐγκεντρίζω
636 2438 788 2472 notare
816 2437 932 2472 recte
962 2433 1241 2475 contenditur
1262 2440 1323 2487 (v.
1343 2435 1528 2490 Slepha-

60 2500 162 2529 num
184 2487 226 2528 in
249 2487 387 2530 Thes.
410 2501 446 2530 S.
468 2501 508 2530 v.
531 2484 821 2541 ἑγκεντρίζω).
883 2487 952 2529 De
981 2490 1060 2530 τοῦ
1089 2487 1462 2544 ἐνοφθαλμισμοῦ
1483 2498 1529 2533 et

60 2543 140 2598 τῆς
167 2541 408 2598 ἐμφυτειάς
435 2543 686 2585 discrimine
717 2545 894 2585 consule
919 2543 1275 2602 Theophrastum
1301 2547 1354 2589 de
1378 2545 1526 2591 causis

62 2599 203 2655 plant.
225 2602 265 2652 l,
283 2602 325 2652 6,
346 2602 407 2645 6..
482 2598 604 2641 Idem
635 2598 958 2655 ὀφθαλμίζειν,
1002 2600 1283 2656 ἕγκεινῐρίζειν
1313 2609 1357 2645 et
1387 2603 1527 2661 ἐμφυ-

60 2657 204 2696 τεὺειν
229 2657 462 2711 distinguit
490 2656 596 2700 ibid.
616 2658 658 2706 2,
679 2656 824 2709 14‚5..
893 2656 988 2699 lmo
1016 2657 1220 2711 ἐμβάλλω
1250 2662 1426 2714 generis
1454 2676 1527 2703 vo-

61 2711 262 2755 cabulum
294 2720 389 2764 est,
430 2711 685 2769 ἑγκεντρίζω
716 2721 860 2755 autem
890 2714 1128 2756 insih‘onem
1150 2716 1368 2770 infissnm?
1390 2724 1433 2759 et
1453 2715 1527 2771 ἒμ-

61 2767 261 2822 φυλλίζω
290 2770 531 2813 insitionem
560 2772 604 2811 in
636 2771 791 2812 cortice
822 2770 1032 2814 declarat.
1109 2769 1442 2829 ἐνεκεντρίσθης
1476 2774 1529 2816 ἐν

61 2822 229 2880 αὐτοῖς]
262 2827 305 2870 h.
329 2841 369 2871 e.
398 2827 512 2871 inter
537 2841 605 2870 ees
633 2826 698 2883 (in
728 2827 843 2870 oliva
874 2832 999 2871 natos
1023 2829 1426 2930 neclpne2defi·actos)
1456 2845 1528 2874 ra·

1121 2901 1133 2927 ι
