1715 3115
503 205 662 252 CAP.
693 205 792 251 xl.
833 204 926 250 Vs.
959 206 1002 249 9.
1035 207 1086 246 et
1117 202 1211 247 10..
1507 196 1596 240 457

119 305 304 407 &quippe
326 318 438 362 quos
457 305 678 348 messinna
701 304 910 347 beatitate
929 301 1309 362 carerejusseris)
1329 313 1504 358 semper
1532 301 1598 342 as-

158 378 251 419 ige‚
282 363 341 405 mi
364 362 507 406 Deus.
568 361 682 404 Nam
706 376 850 404 rerum
875 362 1156 418 asperitates,
1175 372 1396 401 moerores
1416 365 1459 399 et
1476 372 1600 398 acer-

126 421 288 463 bitates
321 420 541 461 bominum
574 419 744 460 animos
773 417 990 470 exedunt,
1033 417 1165 460 dorsa
1194 417 1440 458 incurvant.
1497 413 1602 456 Non

127 483 246 519 recte
275 475 503 529 meyerus:
546 490 696 517 eorum
727 475 859 517 dorsa
891 474 1069 516 incurva
1100 472 1328 516 servitutis
1360 485 1491 513 onere
1520 471 1603 512 im-

127 534 274 591 posito
294 533 326 576 i.
348 548 387 576 e.
409 533 476 573 sac
500 538 548 574 ut
567 546 715 574 eorum
735 536 898 573 menies
929 532 1185 573 servitutem
1215 530 1410 571 serviant
1441 528 1546 584 quip
1581 542 1605 570 e

127 596 405 632 contumaces
422 587 623 630 redditae
645 593 688 630 et
706 588 850 630 errori
880 588 1107 630 obnoxiae.
1166 585 1282 629 Nam
1311 586 1511 643 precario
1547 542 1606 628 ε’.

131 648 193 690 D.
216 661 312 688 cum
339 646 510 699 Grotio,
540 645 800 698 Buce-herto,
837 644 1067 688 Koellnero
1097 648 1141 686 et
1173 645 1275 686 aliis
1310 639 1608 696 συγκάμπτειν

131 703 209 745 τὸν
237 701 376 745 νῶτόν
404 717 524 752 τινος
553 702 616 744 sic
648 701 788 759 cepit:
835 701 1023 760 alicujus
1055 700 1232 743 dorsum
1257 700 1476 743 servitutis
1499 698 1610 755 juyo

133 760 332 815 imposito
349 759 593 802 incurvare.
634 757 824 801 Omnino
844 759 887 800 in
910 759 1064 800 horum
1088 773 1177 801 vss.
1197 757 1477 800 enarratione
1500 756 1612 796 mul-

136 822 181 858 ta
204 822 380 874 peccata
412 816 644 857 commissa
677 823 797 860 sunt.
854 816 1054 870 Koppius
1083 815 1160 870 (cf.
1192 816 1322 857 etiam
1344 813 1614 868 Benyelium,

138 873 341 916 Tleolucc.
360 877 404 914 et
422 871 594 927 Reich.)
615 887 653 916 v,
673 871 717 916 8.
740 872 803 913 sie
823 873 1050 929 exposuit:
1079 904 1106 924 ,‚
1122 872 1239 914 inter
1264 869 1460 913 convivia
1493 870 1614 911 laeta

137 930 365 972 calamitas
385 933 429 970 et
452 929 630 971 miseria
652 929 825 971 eveniat
847 929 983 986 ipsis,
1015 933 1064 970 ut
1086 943 1249 985 poenas
1270 930 1395 970 luant
1421 925 1616 981 injuriae

140 986 248 1028 miln'
267 983 454 1040 inflictae
478 985 722 1040 [Meyer-us:
761 986 863 1028 fidei
892 984 1074 1028 Christo
1108 984 1356 1042 negatae].”
1417 983 1618 1040 Injure‘ae

142 1045 236 1086 Deo
256 1042 408 1084 illatae
429 1046 474 1083 et
496 1042 598 1096 fidei
620 1042 785 1085 Christo
804 1043 1038 1098 deneyatae
1059 1043 1351 1099 cogitationes
1372 1041 1494 1083 nullo
1525 1040 1618 1082 ele-

144 1104 290 1142 mento
311 1113 544 1156 expressae
565 1099 750 1141 licenter
770 1099 946 1141 additae
971 1105 1092 1144 sunt.
1151 1099 1388 1143 Praeterea
1420 1112 1462 1142 v.
1489 1112 1620 1154 γενη-

144 1154 276 1211 θήτω
318 1151 344 1210 ἢ
375 1152 575 1211 τράπεζα
603 1154 747 1199 αὐτῶν
775 1154 841 1206 εἰς
870 1154 1163 1209 ἀνταπόδομα
1188 1154 1339 1205 αὐτοῖς
1362 1153 1444 1209 fiat
1473 1167 1621 1196 eorum

147 1226 297 1255 mensa
320 1212 372 1254 iis
392 1227 552 1254 merces
570 1217 645 1256 aut
662 1227 801 1268 poena
820 1214 865 1256 b.
885 1228 924 1257 e.
948 1227 1107 1267 poenae
1126 1229 1257 1257 causa
1276 1217 1447 1269 (eorum
1471 1225 1623 1252 mensa

149 1283 332 1328 poenam
354 1268 410 1312 iis
433 1269 609 1324 afferat)
631 1270 808 1312 valeant
825 1284 1006 1312 necesse
1030 1276 1114 1316 est.
1170 1270 1330 1315 Rueck.
1357 1276 1402 1311 et
1424 1268 1623 1311 Koelln.:

150 1326 238 1369 cibi
264 1339 375 1381 quos
402 1327 578 1384 capiant
610 1326 791 1368 exitium
825 1326 882 1369 iis
910 1333 1163 1384 apportent.
1221 1328 1396 1370 Grotius
1423 1325 1504 1380 (cf.
1528 1325 1623 1367 Sec-

150 1381 272 1427 renh.
300 1383 333 1425 Ι.
367 1397 407 1427 c.
436 1397 480 1439 p.
504 1384 656 1438 5010:
685 1383 893 1426 convivae
919 1399 1070 1426 eorum
1098 1398 1175 1426 eos
1204 1383 1442 1440 decipiant.
1504 1380 1629 1424 Neu-

152 1445 223 1482 tra
249 1440 486 1495 explicatio
517 1439 691 1483 admitti
719 1445 890 1497 potest,
938 1441 1041 1497 quia
1073 1441 1124 1482 eft
1154 1441 1338 1499 probata
1368 1439 1480 1481 nihil
1514 1453 1555 1482 ν.
1581 1439 1629 1482 9.

154 1495 374 1549 continet,
406 1511 492 1553 quo
524 1497 743 1538 sententia
775 1498 1059 1540 confirmetur
1082 1498 1272 1540 Davidis
1304 1496 1510 1539 vaticinio
1541 1495 1630 1536 ful-

155 1552 311 1596 cienda
330 1550 400 1595 ὅτι
419 1550 461 1595 οἱ
485 1553 642 1596 λοιποὶ
662 1549 747 1596 ὑπὸ
765 1555 846 1596 τοῦ
863 1556 978 1596 θεοῦ
997 1551 1310 1610 ἐπωρώθησαν
1332 1569 1372 1596 v.
1395 1555 1455 1597 7..
1512 1552 1630 1595 Gro-

155 1610 210 1655 tii
227 1611 586 1667 interpretationi
610 1610 741 1652 etiam
762 1625 870 1653 usus
892 1611 1104 1668 loquendi
1126 1612 1288 1654 obstat.
1341 1609 1458 1653 Nam
1479 1602 1505 1664 ἦ
1523 1609 1635 1663 τρά-

159 1663 273 1720 πεζά
295 1681 415 1716 τινος
435 1666 624 1723 alicujus
645 1668 839 1710 convivas
855 1667 1039 1711 Graecis
1057 1683 1141 1711 non
1164 1668 1362 1711 declarat
1385 1667 1447 1719 ²²²¹).
1492 1665 1633 1708 Plano

159 1723 350 1765 absurda
377 1731 521 1764 autem
553 1738 704 1766 eorum
734 1725 884 1781 opinio
912 1729 1008 1777 est,
1049 1726 1125 1782 qui
1145 1725 1361 1768 Davidem
1383 1723 1525 1766 Paulo
1555 1738 1638 1765 au-

161 1787 283 1821 ctore
319 1781 615 1832 calamitates,
655 1781 816 1836 quibus
845 1780 1006 1825 Judaei
1043 1787 1160 1835 tum,
1204 1797 1334 1838 quum
1361 1781 1460 1823 Titi
1501 1780 1639 1822 ductu

163 1836 477 1890 Hierosolyma
500 1843 829 1889 everterentur,
857 1838 1011 1879 afflicti
1033 1844 1136 1879 sunt
1159 1840 1396 1880 ominatum
1418 1851 1516 1879 esse
1549 1837 1640 1880 sibi

164 1898 501 1950 persuaserunt.
556 1893 631 1934 Sic
694 1892 804 1935 ‘'etst.
833 1901 877 1936 et
895 1895 991 1938 Chr.
1015 1895 1089 1939 Fr.
1108 1895 1299 1938 Sclemid.
1329 1909 1502 1938 versum
1520 1893 1563 1937 8.
1593 1895 1641 1940 h.

168 1964 226 1992 m.
258 1952 577 2006 exposuerunt:
625 1949 802 1991 irretiat
832 1964 907 1994 eos
945 1964 1073 1993 coena
1111 1951 1346 2005 paschalis.
1415 1951 1641 1994 Nimirum

168 2007 326 2061 ingens
346 2004 614 2049 Judaeorum
638 2020 845 2049 numerus
865 2007 1015 2064 paullo
1035 2013 1136 2049 ante
1157 2008 1279 2050 urbis
1299 2007 1513 2051 excidium
1530 2007 1641 2051 Hie-

169 2063 393 2128 rosolyma
415 2063 646 2116 confluxit,
675 2067 724 2104 ut
746 2064 969 2120 paschatis
997 2064 1136 2107 ferias
1162 2065 1225 2107 ibi
1254 2071 1421 2120 ageret.
1482 2064 1642 2122 Itaque

172 2134 300 2178 quast
319 2119 362 2161 in
391 2133 607 2162 carcerem
635 2122 841 2162 conclusa
875 2126 967 2163 tota
997 2135 1105 2176 gens
1130 2136 1268 2179 prope
1294 2122 1350 2165 ad
1380 2124 1645 2165 internecio-

172 2191 269 2220 nem
304 2176 448 2218 deleta
479 2182 562 2220 est.
620 2176 747 2233 Quos
776 2177 915 2220 fames
935 2183 980 2220 et
1003 2179 1254 2235 pestilentia
1284 2194 1368 2222 non
1399 2180 1647 2222 abstulerat

172 2234 423 2291 expugnata
464 2233 571 2274 urbe
602 2248 627 2276 a
655 2233 866 2277 Romanis
897 2236 1060 2293 partim
1089 2237 1311 2279 interfecti
1337 2238 1497 2295 partim
1527 2238 1649 2295 capti

175 2295 295 2334 aunt.
354 2290 424 2335 cf.
455 2289 638 2346 Ioseph.
667 2290 721 2335 Β.
750 2290 794 2336 J.
823 2293 969 2347 6,9‚3.
998 2293 1061 2336 4..
1126 2291 1345 2336 Similiter
1378 2294 1563 2337 Grotius
1591 2293 1650 2337 ad

178 2361 220 2391 v.
244 2348 313 2392 9.:
344 2348 567 2403 „mystico
597 2362 730 2390 sensu
762 2362 909 2391 mensa
940 2353 1088 2405 potest
1114 2350 1309 2402 intelligi
1338 2352 1501 2404 altare,
1535 2351 1649 2398 Mal.

180 2405 222 2457 1,
237 2405 280 2448 7.
314 2405 412 2460 [ubi
443 2409 512 2446 est
540 2406 649 2463 .·.‘2.·1]
681 2405 816 2470 ῑηξνρ,
857 2403 1057 2462 τράπεζα
1085 2405 1290 2464 κι)ριόυ.’]
1329 2413 1374 2449 et
1402 2422 1481 2462 per
1507 2409 1650 2452 altare

179 2463 496 2514 συνεκδοχικῶς
528 2463 755 2515 temptum,
807 2476 893 2519 quo
934 2463 1272 2505 incenso'multi
1301 2463 1459 2508 ,Iudaei
1489 2466 1651 2522 partim

182 2518 370 2562 flammis
391 2518 625 2572 interiere,
654 2519 814 2576 partim
833 2519 953 2577 capti
976 2520 1124 2565 sunt.”
1182 2518 1306 2563 Idem
1335 2535 1378 2567 ν.
1412 2523 1481 2565 10.
1511 2537 1553 2567 ν.
1579 2525 1654 2567 καὶ

231 2635 268 2680 “)
294 2635 401 2670 Addo
419 2634 637 2681 profundam
662 2635 814 2670 Vatabli
830 2635 1122 2683 explicationem,
1155 2647 1261 2681 quam
1285 2636 1485 2672 Tholuccffs
1511 2643 1543 2672 et
1567 2638 1655 2673 015-

278 2683 452 2716 hausem's
473 2681 761 2716 commendatam
781 2684 885 2717 volo:
911 2707 934 2727 „
947 2681 1172 2724 scandalum]
1193 2681 1215 2715 i.
1233 2694 1264 2718 e.
1286 2683 1563 2717 offendiculum:
1586 2683 1608 2717 i.
1623 2697 1656 2720 e.

280 2729 431 2760 verbum
459 2729 594 2761 saeuas
619 2730 716 2770 quod
741 2730 812 2762 illa's
835 2740 905 2771 pro
930 2730 1007 2762 cibo
1030 2730 1254 2762 suavissimo
1282 2741 1358 2763 esst:
1385 2731 1539 2763 drocone
1567 2733 1611 2769 (ΕΞ
1638 2723 1657 2774 ἦ

282 2771 438 2815 τράπεζα
456 2773 617 2817 αὐτῶν),
647 2773 714 2806 erit
730 2773 800 2807 illis
817 2775 914 2808 unde
934 2774 1174 2819 illaqueentur
1193 2780 1227 2808 ct
1248 2778 1433 2820 capiantur
1448 2788 1472 2808 a
1498 2784 1657 2809 tre-nanta:

283 2820 429 2853 diabolo
446 2826 480 2854 et
498 2822 547 2852 ab
568 2832 609 2851 cn
628 2821 854 2853 devorentur
873 2821 909 2865 [1
931 2820 1028 2857 Petr.
1047 2820 1165 2865 5‚8.],
1195 2828 1230 2856 et
1259 2821 1295 2856 id
1324 2822 1422 2856 unde
1447 2823 1658 2868 gravissime

284 2864 508 2902 offendantur
527 2865 615 2901 etin
636 2866 831 2912 praemium
856 2865 965 2902 illis.'⁸
