1715 3115
126 201 215 245 236
411 196 784 242 EPISTOLA
821 197 923 241 AD
954 196 1312 242 ROMANOS

126 306 343 349 sollicitos
375 305 535 347 habere
563 302 802 346 debebant:
839 317 948 356 una,
979 304 1092 360 quod
1112 305 1297 360 paqani,
1328 305 1403 361 qui
1428 306 1589 348 nullam

124 365 170 405 in
201 378 252 405 eo
277 376 452 419 operam
479 361 755 419 posuissent,
798 366 846 403 ut
872 361 972 402 Deo
1000 360 1314 417 probarentur,
1360 363 1590 416 integrita-

124 427 209 462 tem
244 419 361 461 nacti
387 425 558 469 essent,
597 415 754 461 Iudaei
783 430 950 459 summo
975 431 1069 459 eam
1102 417 1247 460 studio
1275 419 1513 462 consectati
1539 420 1589 461 eii

126 476 393 517 excidissent
425 477 466 526 9,
485 475 555 518 30.
582 488 676 529 ειμι
725 475 891 525 altera,
940 473 1053 529 quod
1095 474 1218 516 Dens
1258 473 1452 518 Judaeos
1486 476 1590 517 olim

124 533 212 576 sihi
238 532 490 574 carissimos
517 529 774 574 destituisse
808 531 927 580 ll,l.
958 534 1002 571 et
1029 531 1242 587 promissa
1271 531 1329 572 iis
1347 531 1449 573 data
1469 546 1593 577 revo-

123 603 249 631 casse
271 589 422 641 ll,29.
438 587 677 631 videretur.
729 585 872 630 Docet
889 586 1026 641 igitur
1047 588 1139 644 Ap.
1159 587 1345 641 gentiles
1365 588 1453 630 Dei
1472 589 1594 630 savo-

125 661 216 687 rem
244 649 536 701 consequutus
562 658 683 695 esse,
723 643 825 700 quia
852 641 1166 694 credidissent,
1211 641 1402 686 Judaeos
1429 646 1472 686 in
1503 645 1592 688 Dei

123 703 318 744 favorem
339 716 423 742 non
443 701 630 753 venisse,
661 715 674 741 t
693 699 863 742 uoniam
878 698 1002 741 tidem
1024 714 1151 755 quam
1171 700 1330 742 habere
1349 702 1594 758 potuissent

125 759 286 801 habere
325 758 590 800 noluissent.
654 714 802 812 (guare
829 755 1019 800 Judaeos
1055 755 1166 797 nihil
1206 771 1409 798 accusare
1446 772 1594 814 posse,

123 815 211 857 nisi
231 828 356 857 suum
375 828 567 856 errorem
596 818 642 854 et
669 812 956 855 temeritatem
975 813 1017 864 9,
1029 812 1099 855 30.
1120 838 1175 842 -—
1196 812 1360 864 10,21..
1418 813 1592 857 Deinde

124 871 348 931 adjungit,
391 869 507 926 quod
538 870 661 912 Deus
687 867 870 914 Judaeis
899 869 1096 910 nuntium
1125 869 1349 913 remisisse
1377 869 1593 924 videatur,

125 943 275 971 vanam
299 931 486 984 speeiem
509 941 625 970 esse.
683 925 797 969 Nam
820 940 903 968 non
933 924 1209 982 repudiatum
1231 939 1326 967 esse
1347 941 1369 967 a
1396 927 1491 968 Deo
1514 942 1592 985 po-

141 986 273 1027 »ulmn
299 983 525 1042 judaicum
551 998 603 1026 ex
630 997 680 1025 eo
712 984 907 1033 elucere,
950 981 1065 1037 quod
1101 982 1195 1039 ipse
1226 980 1388 1025 Paulus
1426 984 1592 1040 aliique

123 1001 285 1086 {liniaci
313 1042 489 1084 Christo
514 1039 640 1082 fidem
668 1038 948 1097 adjunxerint
974 1041 1095 1090 11,1.
1112 1064 1165 1069 ——
1191 1040 1274 1083 10..
1341 1039 1396 1082 Et
1417 1054 1470 1082 ue
1493 1041 1592 1097 quis

124 1099 333 1155 majorem
363 1097 627 1142 Iudaeorum
654 1104 822 1153 partem
851 1110 876 1137 a
896 1094 994 1137 Deo
1027 1096 1262 1149 neglectam
1284 1110 1380 1138 esse
1406 1098 1590 1139 moleste

122 1158 262 1204 ierat,
302 1155 406 1196 haec
434 1151 750 1195 consideranda
781 1166 903 1195 esse:
943 1150 981 1193 I.
1002 1151 1143 1194 Deum
1179 1165 1257 1193 sua
1280 1151 1484 1195 beneficia
1507 1168 1590 1195 non

124 1211 325 1253 omnihus
354 1211 600 1269 promiscue
632 1207 816 1254 Judaeis
844 1207 921 1250 sed
957 1208 1134 1251 selectis
1164 1207 1344 1252 Iudaeis
1375 1209 1420 1251 in
1448 1209 1507 1254 V.
1531 1210 1591 1254 T.

122 1268 369 1325 pollicitum
400 1281 495 1309 esse
526 1269 567 1319 9,
586 1267 800 1310 6.—13.:
852 1262 916 1309 ΙΙ.
947 1265 1027 1307 hoc
1048 1265 1191 1307 Deum
1221 1265 1311 1307 sine
1338 1265 1591 1322 cujusquam

126 1323 292 1380 injuria
324 1324 467 1366 facere
505 1322 703 1380 potuisse
729 1324 771 1375 9,
796 1322 864 1366 14.
887 1322 1054 1366 --2l.:
1103 1325 1192 1364 tum
1233 1320 1327 1366 ΙΙΙ.
1367 1323 1593 1365 clementer

124 1380 318 1425 judaeos
344 1379 537 1437 abjectos
567 1380 813 1438 accepisse,
842 1380 884 1428 9,
898 1380 964 1418 22.
988 1393 1082 1434 sq.:
1128 1384 1348 1435 postremo
1372 1378 1458 1422 lv.
1488 1393 1589 1421 con-

123 1437 271 1479 silium
311 1452 334 1477 a
377 1437 473 1479 Deo
510 1436 664 1478 initum
702 1443 746 1478 et
784 1434 1143 1491 sapientissimmn
1178 1441 1223 1477 et
1249 1434 1588 1490 ὁωιῐφιίεεῐηηηη

122 1508 235 1535 esse.
296 1492 604 1536 Necessariam
633 1493 749 1534 enim
778 1506 875 1533 esse
907 1491 1211 1546 temporarium
1240 1491 1474 1534 multorum
1507 1491 1584 1536 Ju‹

121 1551 327 1592 daeorum
348 1549 650 1609 rejectionem,
676 1555 724 1590 ut
743 1547 873 1590 etiam
897 1547 1111 1599 gentiles,
1138 1561 1219 1589 non
1249 1548 1388 1590 solum
1411 1547 1588 1602 Judaei,

121 1621 202 1664 per
223 1606 446 1650 Christum
476 1606 676 1648 beentur.
742 1602 889 1657 Negat
909 1602 1042 1657 igitur
1062 1605 1153 1659 Ap.
1168 1603 1266 1661 jud.
1282 1604 1438 1661 stirpis
1459 1604 1587 1648 Chri-

123 1664 314 1705 stianum
333 1663 476 1704 animo
493 1661 646 1703 cadere
659 1665 877 1717 oportere,
909 1673 1037 1714 quum
1051 1658 1243 1702 ,Iudaeos
1263 1665 1377 1703 stato
1393 1664 1587 1719 tempore

122 1720 282 1761 salutis
309 1734 332 1759 a
363 1718 539 1762 Christo
571 1725 722 1776 partae
751 1715 987 1774 participes
1016 1717 1108 1757 sore
1145 1730 1289 1758 seeum
1318 1719 1590 1774 reputaverit

126 1777 195 1828 11,
209 1777 340 1818 11.—-
357 1776 424 1820 15.
441 1775 509 1817 25.
523 1775 678 1819 -36..
719 1773 919 1814 Gentiles
943 1778 1103 1823 autem,
1135 1785 1188 1814 ne
1200 1771 1382 1816 ,ludaeis
1399 1773 1588 1831 superbe

123 1850 144 1874 s
180 1833 288 1874 retis
319 1832 389 1873 sui
417 1837 566 1873 coetus
594 1829 894 1881 Christianos,
934 1829 1008 1884 qui
1037 1835 1161 1869 antea
1195 1828 1353 1872 sudaei
1385 1830 1590 1884 fuissent,

124 1848 346 1931 oflendunt
367 1889 426 1930 ita
452 1887 499 1932 P.
517 1893 658 1928 monet
681 1889 746 1937 ll,
761 1888 827 1929 17.
842 1899 925 1940 sq„
953 1890 1000 1926 ut
1021 1886 1201 1926 multum
1223 1884 1405 1930 ,Iudaeis
1422 1888 1590 1930 tribuat

123 1948 338 2000 longeque
368 1944 573 2003 majorem
602 1943 863 1987 ludaeorum·
894 1955 1019 1996 quam
1046 1956 1309 1997 paganorum
1330 1942 1588 1998 dignitatem

124 2016 222 2044 esse
252 2003 442 2042 fateatur
471 2016 510 2044 v.
533 2002 679 2052 11,17.
701 1999 775 2041 24.
798 2000 869 2042 28.
902 1997 958 2040 cl.
983 1999 1099 2050 15‚3.
1118 2000 1177 2042 9..
1246 2000 1370 2053 Quae
1404 1999 1587 2043 Paulum

124 2074 196 2101 res
227 2058 475 2115 impulerit,
515 2063 561 2098 nt
593 2058 700 2098 hane
730 2054 1067 2113 disputationem
1108 2059 1208 2097 ante
1235 2056 1366 2099 dictis
1392 2055 1589 2110 adderet,

125 2122 244 2156 certo
283 2115 370 2155 dici
421 2113 585 2169 nequit.
667 2111 785 2154 Fieri
824 2118 994 2168 potest,
1032 2117 1079 2153 ut
1116 2109 1167 2155 P.
1200 2126 1271 2153 res
1309 2113 1354 2157 h.
1382 2113 1414 2156 1.
1453 2127 1588 2169 expo-

127 2174 236 2213 sitas
268 2171 427 2212 idcirco
460 2169 668 2212 Romanis
696 2168 950 2224 scripserit,
1002 2167 1117 2223 quod
1146 2182 1220 2209 eas
1252 2167 1460 2211 Romanis
1489 2171 1589 2212 usui

124 2230 298 2269 luturas
328 2240 425 2268 esse
454 2224 720 2280 conjecisset.
787 2223 899 2266 Nam
933 2225 974 2264 in
1007 2230 1129 2266 coetu
1160 2224 1400 2266 christiano
1429 2239 1477 2266 ρκ’
1510 2225 1589 2269 Ju-

125 2284 248 2326 daeis
285 2290 330 2325 et
357 2282 538 2340 paganis
563 2281 787 2323 commisto
819 2280 932 2337 quod
961 2281 1086 2335 pauci
1113 2279 1251 2321 adhuc
1282 2278 1436 2324 Judaei
1462 2280 1588 2324 tidem

125 2342 171 2382 in
206 2341 384 2383 Christo
423 2339 737 2389 collocassent,
784 2335 1139 2393 quemadmodum
1168 2337 1310 2392 ipsum
1336 2351 1467 2403 saepe
1498 2353 1589 2380 mo-

129 2396 386 2448 mordisset,
416 2395 477 2438 ita
500 2393 597 2452 jud.
625 2393 778 2450 stirpis
797 2392 1074 2436 Christianos
1096 2397 1197 2434 cura
1228 2399 1271 2435 et
1291 2394 1588 2436 sollieitudine

128 2454 328 2504 allicere,
366 2466 441 2493 eos
478 2455 620 2492 autem
659 2451 734 2506 qui
763 2463 786 2490 a
824 2463 1089 2506 paganorum
1119 2449 1508 2506 superstitionibus
1534 2451 1590 2492 ad

128 2509 296 2552 Christi
324 2522 446 2549 sacra
477 2506 767 2548 accessissent
797 2504 1010 2563 superbos
1035 2505 1218 2548 reddere
1245 2521 1398 2563 posse,
1436 2514 1483 2550 ut
1512 2507 1592 2552 Ju-

129 2566 290 2616 daeos,
326 2565 369 2605 in
402 2577 583 2617 quorum
610 2563 750 2604 locum
784 2576 831 2603 se
859 2562 1123 2604 successisse
1152 2563 1458 2618 opinarentur,
1488 2579 1591 2606 con-

128 2625 373 2663 temnerent
399 2619 451 2662 P.
482 2619 695 2675 suspicari
725 2618 869 2674 potuit
896 2623 939 2659 et
967 2618 1241 2669 existimare,
1291 2618 1328 2660 si
1359 2618 1505 2661 divina
1536 2620 1590 2661 de

130 2677 312 2722 Judaeis
337 2675 521 2717 consilia
552 2679 829 2726 enarrasset,
865 2686 912 2714 se
941 2673 1140 2731 judaicae
1177 2675 1330 2732 stirpis
1368 2675 1592 2718 Romanos

130 2735 234 2775 cura
285 2739 329 2774 et
372 2738 488 2772 metu
523 2731 834 2781 liberaturum,
884 2729 1103 2772 Romanos
1141 2731 1214 2785 qui
1259 2731 1361 2772 olim
1401 2733 1593 2786 gentiles

132 2791 321 2832 fuissent
347 2802 371 2828 a
399 2785 604 2843 superbia
632 2794 931 2839 avocaturum,
984 2787 1170 2827 onmium
1200 2791 1341 2828 autem
1374 2788 1590 2830 Romano-

133 2861 228 2889 rum
265 2850 310 2887 et
349 2840 621 2886 concordiam
661 2849 883 2884 aucturum
922 2847 966 2884 et
998 2842 1328 2886 admirationem
1368 2844 1591 2887 doctrinae
