1715 3115
502 120 661 168 GAP.
694 120 788 168 XI.
831 121 923 168 Vs-
957 122 1026 167 15.
1059 122 1155 166 16..
1477 121 1563 165 487

98 234 293 286 tempore
320 228 646 270 Bornemamms
677 224 731 267 ad
759 224 865 269 Luc.
891 224 958 278 15,
975 225 1049 269 24.
1077 224 1243 268 attulit.
1302 223 1416 267 Nam
1449 225 1558 267 hanc

96 284 357 329 sententiam
378 284 628 335 continent,
657 284 802 325 vivere
823 283 1002 335 divites,
1035 295 1251 338 pauperos
1271 295 1351 336 pro
1373 283 1558 324 mortuis

96 339 320 384 habendos
357 355 472 385 csse.
549 340 773 382 Timocles
805 339 985 381 Stobaei
1011 340 1083 382 89.
1117 336 1231 393 (ΙΙΙ,
1255 338 1355 381 219.
1390 339 1554 395 Gaisf.)

95 394 335 455 τάργύριόν
372 396 488 439 ἐστιν
523 390 659 449 αἷμα
697 396 769 437 καὶ
810 393 948 450 ψυχὴ
989 397 1189 451 βροτοῖς·
1229 396 1234 449 Ι
1271 392 1392 444 ὅστις
1421 395 1470 438 δὲ
1497 395 1558 451 μὴ

95 452 184 506 ἔχει
213 456 344 496 τοῦτο
370 451 473 508 μηιῩ
496 454 710 507 ἐκτήσατο
737 454 744 508 1
772 445 900 500 οὗτος
927 452 1037 503 μετὰ
1068 449 1236 502 ζώντων
1272 450 1558 506 τεθνηκώς

93 513 347 566 περιπατεῖ.
412 509 644 551 Menandri
681 509 834 550 incert.
865 508 954 551 fab.
978 507 1075 550 188.
1105 510 1170 564 (p.
1192 508 1294 549 249.
1324 506 1560 561 Meinecle.)

83 565 342 621 Ἄνθρωπε,
394 564 555 620 πέρυσι
595 562 812 617 πτωχὸς
848 561 972 618 ἦσθα
1007 565 1080 605 καὶ
1119 560 1340 618 νεκρός,
1389 565 1480 606 νυνὶ
1511 564 1560 607 δὲ

93 622 368 671 πλουτεῖς.
440 621 555 664 Sane
584 621 720 675 igitur
748 621 812 662 sic
838 621 1057 678 explicare
1080 620 1209 663 licet:
1249 618 1454 676 quidnam
1480 620 1559 664 Ju-

93 679 302 721 daeorum
324 679 365 720 in
388 678 475 721 Dei
497 679 686 720 savorem
711 678 907 733 receptio
931 676 1214 732 (gentilibus)
1245 676 1560 729 efl'ecturaest,

92 736 181 778 nisi
211 737 344 778 vitam
372 749 430 776 ea·
457 749 553 777 orco
583 735 627 778 h.
648 748 686 776 e.
711 733 965 791 felicitatem
992 748 1049 776 ex
1075 728 1282 776 miseria?
1341 732 1430 775 Sed
1454 734 1559 775 haee

92 792 316 834 enarratio
359 792 540 833 lectoris
586 791 903 848 exspectationi
949 804 1032 832 non
1076 790 1311 833 satisfacit.
1389 790 1560 833 Certum

93 848 309 906 quoddam
351 851 397 889 et
429 848 651 902 definitum
689 846 844 903 decus,
894 846 1010 904 quod
1039 846 1306 890 Judaoorum
1338 846 1559 889 abdicatio

91 906 276 964 paganis
313 905 638 961 apportmerit,
684 918 786 946 voce
827 904 1102 959 καταλλαγῆς
1137 904 1410 956 continetur3
1460 903 1561 946 hinc

89 966 423 1005 consentaneum
444 967 527 1014 est,
557 963 688 1003 etiam
710 961 857 1004 verbis
880 959 967 1015 ζωὴ
988 958 1035 1001 ἐκ
1054 961 1216 1017 νεκρῶν
1238 965 1398 1003 certum
1421 960 1560 1017 quod·

89 1019 188 1062 dam
219 1026 517 1061 ornamentum
551 1033 603 1060 ex
625 1018 893 1062 Judaeorum
924 1017 968 1060 in
997 1016 1084 1060 div.
1105 1017 1289 1071 gratiam
1310 1018 1560 1074 receptione

89 1077 132 1118 in
164 1076 353 1131 gentiles
382 1074 724 1116 redundaturum
750 1073 932 1117 Paulum
963 1072 1131 1115 dixisse
1160 1078 1203 1115 et
1230 1075 1561 1132 circumscripte

90 1132 359 1190 complexum
389 1147 503 1176 esse.
572 1132 819 1174 Tholucce'as
839 1134 900 1186 (v.
923 1130 1078 1186 Flaa.)
1105 1129 1217 1187 ζωὴν
1237 1129 1284 1173 ἐκ
1303 1132 1466 1186 νεκρῶν
1491 1146 1559 1173 re-

89 1191 226 1231 ditum
252 1202 309 1230 ex
336 1188 488 1244 inseris
517 1189 546 1231 i.
568 1203 607 1231 e.
638 1203 835 1244 maynam
859 1201 1002 1229 reram
1024 1188 1332 1230 conrersz'onem
1353 1188 1559 1245 exposuit

87 1246 291 1289 Arabum
328 1244 535 1300 loquendi
572 1245 929 1286 consuetudinem
970 1249 1234 1288 antestatus.
1311 1244 1378 1286 At
1403 1259 1559 1301 super-

90 1316 219 1359 quam
251 1301 366 1357 quod
396 1303 536 1342 nostri
566 1302 807 1356 scriptores
834 1307 1101 1342 mortuorum
1132 1301 1176 1342 in
1207 1300 1342 1342 vitam
1368 1301 1559 1344 reditum

87 1374 168 1417 pro
199 1359 352 1409 magna
381 1372 523 1398 rerum
556 1358 836 1399 conversione
859 1371 942 1397 non
963 1363 1359 1398 commemorarunt
1380 1359 1422 1399 b.
1446 1360 1475 1401 l.
1495 1358 1562 1399 rei

84 1415 314 1471 yente‘le'bus
350 1415 757 1456 saluberrimae
799 1413 975 1454 notione
1014 1427 1123 1469 opus
1162 1419 1246 1456 est.
1329 1413 1385 1454 Et.
1425 1428 1556 1469 quum

92 1471 289 1514 Thalea-c.
314 1471 465 1523 magna
492 1471 568 1511 sna
594 1485 738 1511 rerum
758 1469 1039 1511 conversione
1059 1473 1321 1510 mortuorum
1352 1470 1395 1510 in
1425 1470 1559 1511 vitam

87 1528 271 1571 reditum
292 1528 469 1582 oblique
489 1526 675 1568 indicari
696 1527 884 1578 diceret,
915 1525 1063 1566 inutili
1085 1539 1132 1565 se
1161 1525 1343 1578 ambage
1375 1526 1440 1567 uti
1471 1539 1558 1567 non

87 1583 314 1640 cogitavit.
373 1583 495 1626 More·
513 1590 557 1625 et
576 1584 777 1626 Beneelfii
796 1585 970 1624 inventa
998 1581 1216 1623 mentione
1235 1581 1412 1636 indigna
1437 1587 1560 1626 sunt.

200 1639 260 1683 V.
283 1642 351 1684 16.
411 1640 598 1681 Etiamsi
622 1645 696 1681 aut
725 1639 983 1694 sperandam
1010 1653 1101 1680 esse
1120 1636 1388 1682 Iudaeorum
1416 1639 1460 1680 in
1493 1639 1560 1680 di-

87 1697 233 1739 vinum
257 1698 446 1739 savorem
470 1697 764 1753 receptionem
787 1711 827 1740 v.
843 1695 910 1738 15.
932 1695 1180 1748 (Turrett.‚
1203 1695 1373 1749 [Meyer.
1388 1729 1398 1749 ,
1420 1695 1560 1751 le.)‚

87 1759 163 1794 aut
179 1753 278 1806 fieri
296 1768 441 1807 posse,
479 1759 527 1795 ut
548 1753 704 1797 judaei
726 1753 813 1794 Dei
842 1753 1029 1805 gratiam
1058 1758 1317 1810 recuperent
1347 1752 1559 1807 (Rueck.)

87 1808 142 1853 P.
163 1810 205 1850 h.
232 1809 263 1851 l.
285 1811 483 1862 doceret,
504 1816 646 1850 tamen
669 1809 717 1851 δέ·
735 1809 845 1850 nihil
866 1808 951 1849 nisi
974 1812 1117 1849 (actem
1138 1809 1325 1855 valeret:
1355 1809 1394 1849 si
1414 1814 1560 1850 centem

87 1866 309 1924 primitiae
349 1866 442 1906 Deo
473 1881 623 1907 sacrae
653 1871 778 1916 sunt,
824 1877 967 1906 massa
996 1878 1168 1922 quoque
1198 1879 1322 1906 sacra
1351 1870 1421 1906 cst
1449 1865 1480 1909 i.
1513 1879 1558 1921 q.

85 1923 235 1965 scitote
255 1927 423 1974 (cutem,
454 1923 493 1963 si
527 1923 745 1979 primitiae
773 1921 868 1963 Deo
898 1934 1049 1961 sacrae
1077 1922 1191 1972 sint,
1229 1935 1417 1963 massam
1450 1936 1557 1978 quo-

89 1994 172 2036 que
192 1993 314 2030 esse,
345 1985 387 2020 et
414 1980 524 2021 male
545 1979 824 2021 [inec-horiani
848 1976 897 2019 ὸέ
925 1978 1046 2033 atqui
1073 1978 1340 2034 explicuisse
1372 1992 1560 2035 appare-

85 2041 171 2078 ret.
232 2036 318 2077 Sed
341 2043 539 2076 neutrum
562 2038 653 2092 Ap.
678 2036 718 2078 Ιι.
741 2036 772 2078 Ι.
794 2034 968 2075 ellicere
991 2033 1145 2076 voluit.
1203 2033 1318 2076 Nam
1342 2035 1560 2091 proximis

87 2107 151 2136 vs.
172 2098 428 2147 argumenta
453 2093 684 2144 refutavit,
708 2092 865 2147 quibus
888 2090 990 2131 freti
1013 2090 1201 2144 gentiles
1223 2090 1434 2144 Judaeos‚
1456 2091 1559 2147 quia

85 2149 279 2191 divinum
303 2151 491 2190 favorem
514 2149 792 2200 amisissent,
834 2151 1112 2189 contemnere
1143 2162 1273 2204 posse
1301 2149 1559 2191 viderentur

87 2221 126 2250 v.
153 2207 218 2249 17.
239 2231 293 2237 —-
312 2207 383 2249 20.
406 2211 447 2246 ct
477 2220 695 2262 paganos,
735 2220 786 2246 ne
817 2203 1142 2246 incredulorum
1171 2204 1437 2248 Judaeorum
1467 2206 1558 2246 sor-

85 2270 234 2306 tunam
260 2263 481 2314 subirent,
518 2262 569 2302 ad
591 2262 692 2303 fidei
723 2261 1011 2302 constantiam
1042 2260 1301 2303 adhortatus
1333 2266 1402 2303 est
1424 2275 1464 2304 v·
1484 2263 1557 2306 20.

84 2344 138 2350 -
158 2319 249 2363 22..
307 2319 421 2360 Tum
443 2319 610 2360 demum
638 2319 850 2361 invitante
873 2317 1189 2375 disputationis
1222 2318 1373 2360 ordine
1403 2316 1455 2359 de
1478 2317 1559 2362 Ju-

85 2374 208 2418 daeis
230 2376 272 2417 in
295 2376 482 2416 divinam
506 2375 690 2428 gratiam
715 2373 978 2431 recipiendis
998 2373 1211 2416 disseruit
1243 2389 1281 2420 v.
1301 2375 1373 2418 23.
1395 2399 1446 2405 —
1467 2374 1558 2418 32..

75 2430 182 2474 ’11ηο
205 2447 334 2488 quum
358 2432 550 2486 gentiles
574 2433 651 2473 hoc
674 2431 758 2472 sibi
784 2430 977 2486 objicere
998 2444 1129 2486 posse
1156 2429 1206 2475 P.
1238 2431 1558 2473 intellexisset:

85 2487 264 2530 m'nn‘um
283 2495 328 2531 ia
345 2490 530 2543 prelium
552 2488 747 2531 statuisti
764 2488 941 2529 Judaeis
961 2487 1032 2542 qui
1052 2501 1163 2528 nanc
1190 2489 1331 2529 vivunt
1353 2491 1415 2539 (ν.
1442 2488 1557 2539 15.)ς

83 2546 458 2598 patrt'arcleae
485 2548 641 2599 ”cayna
671 2545 784 2598 apud
803 2543 943 2585 Deum
973 2543 1160 2584 caritate
1184 2543 1386 2600 suerunt,
1426 2543 1505 2585 ciri
1529 2557 1557 2584 (ι

84 2600 204 2642 nobis
231 2601 302 2656 Jn‘e
332 2601 514 2652 colendi,
561 2601 635 2642 sed
662 2601 820 2641 nullius
845 2598 985 2654 sruye‘s
1021 2613 1163 2640 eoram
1189 2600 1404 2651 posteri
1443 2604 1558 2653 sant,

87 2657 222 2699 nostri
245 2659 468 2713 aequales,
503 2656 600 2698 huic
632 2656 868 2712 objectioni
900 2655 980 2696 hac
1011 2656 1225 2697 sententia
1253 2656 1421 2697 obviam
1454 2669 1559 2695 eun-

87 2711 188 2754 dum
227 2715 421 2769 putauit:
469 2717 719 2755 menwntote
747 2716 916 2762 (adem,
953 2709 992 2750 εἰ
1015 2712 1293 2764 patriarchae
1324 2713 1412 2753 1200
1444 2712 1559 2753 sacri

89 2769 201 2823 sint,
230 2771 360 2813 etiam
387 2784 531 2815 eoram
566 2773 754 2822 posteros
785 2770 877 2811 1)υο
904 2781 1049 2810 sacros
1079 2783 1167 2812 csse
1202 2772 1272 2825 (v.
1305 2770 1370 2812 10.
1388 2770 1419 2822 ).
1483 2766 1556 2810 lta
