1715 3115
401 182 494 227 CA
513 181 563 226 P.
595 179 765 225 Vlll.
799 181 888 226 Vs.
918 183 1000 229 38.
1034 189 1086 227 et
1115 184 1211 229 39..
1466 189 1551 228 227

61 295 222 337 riorem
251 290 437 332 classem
467 303 562 330 cum
595 287 798 331 inferiori
835 288 903 331 bis
935 291 1232 348 composuisse
1266 294 1460 343 statuas,
1499 299 1547 334 nt

60 346 222 406 θρόνοι
263 354 308 390 et
339 344 473 401 ἀρχαί
510 345 722 403 majores,
769 344 1026 403 κυριότητες
1055 355 1099 390 et
1130 347 1326 398 ἐξουσίαι
1354 351 1546 392 minores

60 407 242 459 angelos
272 403 658 460 comprehendant.
725 401 813 445 Sed
847 404 1036 447 Satanas
1067 420 1263 462 qnoque,
1294 420 1377 446 non
1402 407 1543 448 solum

60 463 209 513 Deus,
251 477 373 504 suum
399 459 615 517 quoddam
636 473 815 514 regnum
837 460 968 503 habet
989 462 1147 506 Matth.
1176 463 1243 514 12,
1261 462 1333 504 20.
1394 463 1544 518 Quare

59 520 337 562 tenebrarum
370 532 445 560 rex
481 517 722 570 ministris,
761 517 836 573 qui
858 518 952 574 ejus
982 519 1202 572 ingenium
1222 521 1441 572 referant,
1470 535 1542 561 ca-

59 591 158 620 rere
185 576 336 633 nequit
365 574 524 617 Matth.
545 574 719 626 25‚41..
786 573 956 616 Horum
993 591 1164 633 quoque
1186 575 1357 618 diversa
1379 592 1542 627 genera

60 648 159 676 esse
191 632 240 675 P.
270 632 419 685 docet,
464 645 575 687 quae
603 637 647 672 et
682 631 695 673 i
732 644 778 671 sa
819 633 907 673 τῶν
934 630 1101 687 ἀρχῶν,
1141 632 1227 673 τῶν
1256 632 1466 683 ἐξουσιῶν
1497 640 1541 677 et

59 691 147 733 ’τῶν
177 687 402 741 δυνάμεων
427 688 676 730 nominibus
696 645 933 739 discernit,
971 691 1134 747 quippe
1154 689 1334 732 Diaboli
1360 705 1540 742 regnum

60 754 109 789 ut
131 746 218 788 Dei
239 761 419 799 regnum
441 750 730 801 temperatum
753 759 852 786 esse
873 760 1058 802 aequum
1083 752 1220 790 ratus.
1292 746 1537 790 Plurimum

61 808 249 862 possunt
269 801 313 846 αὶ
336 800 490 856 ἀρχαί,
522 803 666 844 miuus
688 802 857 857 pollent
878 799 921 843 cti
947 801 1169 853 ἐξουσίαι,
1211 804 1369 860 quibus
1393 805 1539 859 digni-

60 866 152 903 tate
171 857 215 901 αἱ
239 856 444 911 δυνάμεις
462 857 619 901 cedunt
641 861 664 901 1
687 859 788 901 Cor.
818 859 982 911 15,24..
1043 859 1259 902 Habitant
1288 866 1432 903 autem
1456 861 1541 904 Sa-

59 923 189 959 tanae
209 917 428 958 satellites
450 916 490 956 in
506 919 623 968 acre,
654 914 765 956 unde
781 915 834 957 iis
855 916 1013 972 opibus
1034 917 1193 972 quibus
1213 918 1387 959 facilins
1409 933 1539 974 quam

61 974 263 1016 humanis
284 973 565 1023 succumbas,
604 987 697 1014 cum
724 972 809 1028 piis
833 972 1103 1015 Christianis
1129 974 1391 1024 belligerant
1424 975 1539 1033 Eph.

59 1033 102 1084 6,
123 1031 190 1073 12.
221 1031 316 1083 2,2.
347 1030 443 1073 Col.
466 1030 507 1080 2,
531 1029 615 1072 15..
673 1029 776 1070 οὐτε
806 1026 1022 1071 ἐνεστῶτα
1053 1024 1155 1072 οὔτε
1183 1030 1419 1087 μέλλοντα]
1462 1047 1538 1074 ne-

62 1102 146 1145 que
174 1093 348 1144 teinpus
378 1101 614 1144 praesens,
648 1099 787 1142 neque
819 1086 1032 1129 futurum.
1102 1087 1300 1144 Tempus
1329 1096 1372 1129 et
1396 1090 1540 1143 jungit

60 1144 280 1186 amicitias
311 1148 355 1185 et
388 1143 613 1185 discindit.
681 1142 892 1184 Homines
921 1142 1108 1197 diligere
1148 1158 1281 1200 saepe
1320 1138 1538 1201 incipiunt

60 1215 172 1258 quos
198 1206 324 1242 antea
356 1199 539 1241 oderant
572 1204 616 1240 et
647 1199 906 1254 quibuscum
940 1213 1050 1240 nunc
1078 1200 1122 1240 in
1153 1201 1293 1251 gratia
1327 1216 1477 1242 sumus
1508 1203 1542 1244 ii

60 1271 141 1299 nos
171 1258 321 1313 paullo
349 1261 450 1312 post
481 1255 631 1311 aliqua
662 1255 900 1296 offensione
930 1255 1195 1311 interposita
1221 1256 1393 1296 inimice
1416 1258 1542 1299 inse-

59 1320 252 1356 ctantur.
308 1314 376 1355 At
398 1313 522 1354 Deus
550 1325 628 1352 nos
648 1318 689 1351 et
709 1325 820 1352 nunc
839 1317 955 1352 amat
976 1316 1019 1352 et
1042 1313 1085 1352 in
1110 1317 1334 1369 posterum
1359 1314 1540 1358 amabit.

60 1370 178 1413 Male
208 1370 353 1422 Grot„
392 1369 530 1424 Kopp.
560 1369 618 1410 al.
652 1373 898 1424 exponunt:
945 1382 1020 1410 nec
1044 1383 1152 1425 qaue
1186 1384 1296 1410 nnnc
1332 1371 1540 1413 sentimus

59 1427 203 1479 mula,
240 1441 317 1468 nec
345 1441 452 1482 qnae
479 1426 598 1467 nobis
627 1425 862 1467 imminent.
929 1424 1031 1466 Non
1066 1425 1181 1466 enim
1213 1424 1265 1466 de
1300 1432 1453 1468 nostro
1493 1428 1538 1469 in

60 1484 205 1526 Deum
237 1497 383 1524 amore
416 1482 458 1525 h.
488 1484 520 1525 l.
549 1480 803 1523 disseritur.
867 1478 1086 1534 Ἐνίστημι
1109 1481 1152 1522 in
1174 1483 1449 1538 temporibus
1471 1483 1540 1524 in-

59 1546 201 1584 trans.
235 1540 277 1582 in
306 1539 538 1595 propinquo
566 1552 656 1580 esse
687 1543 824 1580 notat.
895 1538 1140 1594 Propinqua
1177 1545 1319 1580 autem
1350 1540 1539 1593 cogitari

92 1603 246 1640 ossunt
293 1601 337 1638 et
375 1609 485 1652 quae
535 1595 731 1652 proxime
783 1595 948 1636 instant
986 1599 1029 1634 et
1070 1595 1307 1652 quaejam
1360 1596 1538 1642 adsunt.

59 1613 179 1698 {linc
207 1653 517 1696 Grammaticis
549 1650 572 1694 ὁ
607 1648 791 1699 ἐνεστώς
826 1650 984 1706 χρόνος
1013 1657 1082 1692 est
1110 1657 1282 1705 tempus
1313 1667 1536 1708 praesens.

60 1713 312 1766 Argutatus
342 1717 411 1752 est
441 1710 577 1763 igitur
610 1709 684 1764 qui
713 1707 768 1748 τὰ
800 1705 1017 1749 ἐνεστῶτα
1044 1722 1153 1763 qum?
1179 1707 1279 1762 fieri
1314 1711 1541 1763 incipiunt,

62 1783 145 1810 non
175 1768 421 1820 praesentia
454 1766 600 1806 valere
631 1779 770 1821 nuper
797 1763 1040 1807 contendit.
1105 1760 1205 1807 οὔτε
1237 1764 1407 1818 ὕψωμα
1438 1761 1542 1809 οὔτε

61 1823 226 1878 βάθος]
256 1838 386 1879 neque
406 1823 606 1871 sublime,
644 1836 774 1877 neque
795 1821 1055 1876 profundam
1086 1821 1130 1865 h.
1150 1836 1189 1864 e.
1210 1836 1348 1879 neque
1370 1824 1539 1865 coelum

62 1895 203 1937 neque
227 1884 365 1921 terra.
429 1878 652 1920 Dissuunt
682 1878 903 1919 hominum
929 1877 1146 1919 amicitias
1178 1879 1371 1920 locorum
1405 1879 1544 1922 inter-

62 1939 194 1979 valla.
255 1935 379 1990 Quos
408 1949 486 1976 nos
513 1941 770 1991 praesentes
802 1934 844 1974 in
879 1935 1017 1976 oculis
1048 1935 1255 1985 tulimus,
1283 1951 1431 1977 eorum
1458 1951 1541 1980 nos

62 2008 196 2052 saepe
214 1993 377 2035 sensim
409 1997 659 2047 sensimque
691 1991 852 2031 oblivio
873 1990 991 2045 capit
1021 2005 1205 2046 peregre
1225 1993 1539 2048 profectorum.

61 2051 160 2094 Nos
199 2064 302 2092 vero
345 2049 592 2104 ubicunque
632 2048 824 2088 locorum
875 2047 1014 2087 simus
1062 2047 1187 2088 Deus
1227 2048 1398 2103 diligit,
1447 2051 1541 2093 sive

62 2109 106 2150 in
144 2107 266 2150 coelo
298 2106 465 2150 Christi
506 2104 727 2146 consortio
765 2107 937 2144 utamur
973 2106 1035 2158 (v,
1057 2108 1147 2147 not.
1168 2103 1220 2145 ad
1243 2120 1283 2149 v.
1306 2108 1418 2159 10.)‚
1446 2108 1540 2149 sive

62 2166 108 2207 in
139 2164 258 2207 terra
290 2169 476 2206 aetatem
508 2161 732 2214 degamus.
792 2159 912 2201 Haec
944 2159 1251 2216 interpretatio
1283 2163 1407 2204 unice
1436 2171 1538 2220 apta

61 2228 147 2265 est.
209 2219 412 2263 Proxime
432 2219 545 2260 enim
570 2216 790 2275 praecedit
810 2217 1011 2270 temporis
1035 2219 1211 2260 mentio.
1273 2218 1402 2260 Unde
1424 2222 1541 2261 lovo-

62 2293 158 2321 rum
189 2277 443 2320 distantiam
486 2282 727 2332 temporum
760 2272 1006 2314 intervallis
1037 2287 1059 2313 a
1097 2272 1144 2316 P.
1178 2274 1279 2316 addi
1312 2276 1540 2332 probabile

62 2340 153 2388 est,
185 2342 231 2376 ut
262 2335 340 2376 hoc
370 2333 612 2391 exprimat:
654 2346 732 2372 nos
764 2335 807 2371 et
837 2343 1009 2386 semper
1049 2335 1093 2371 et
1123 2331 1368 2388 ubicunque
1402 2335 1539 2376 simus

62 2392 189 2435 Dens
228 2397 362 2435 amat.
432 2392 547 2432 Sane
584 2393 715 2440 *si-³72,
764 2387 839 2427 ubi
880 2389 1021 2427 locum
1053 2386 1214 2429 editum
1250 2389 1278 2431 i.
1311 2404 1348 2430 e.
1382 2391 1540 2432 coelum

61 2449 280 2498 declarat,
318 2462 472 2500 graece
502 2446 552 2490 τὸ
581 2443 704 2494 ὑίίνός
735 2444 827 2488 Jes.
850 2444 1003 2495 40‚26.
1034 2443 1142 2486 Luc.
1170 2446 1288 2496 1,78.
1317 2447 1471 2496 24‚49.
1496 2453 1540 2489 et

10 2547 13 2550 .
61 2504 116 2547 τὰ
135 2501 293 2560 ὑψηλά
313 2505 406 2548 Jes.
426 2505 550 2553 33,5.
571 2502 712 2545 Hebr.
740 2501 855 2552 1,3.,
888 2514 969 2541 non
1002 2498 1052 2540 τὸ
1086 2502 1254 2555 ὕψωμα
1275 2504 1386 2544 verti
1408 2505 1538 2547 solet.

62 2561 218 2605 Nihilo
249 2562 391 2604 secius
420 2559 590 2614 ὕψωμα
619 2565 736 2600 recte
774 2557 828 2597 ad
860 2557 1019 2598 coelum
1051 2557 1094 2600 b.
1125 2557 1156 2599 l.
1190 2559 1371 2602 reseras.
1434 2560 1537 2603 Sive

63 2619 176 2661 enim
207 2617 257 2660 τὸ
278 2616 446 2673 ὕψωμα
475 2617 584 2673 quod
610 2615 830 2658 sublimem
864 2614 996 2655 Iocum
1028 2614 1227 2668 adeptum
1259 2621 1322 2658 est
1345 2631 1540 2670 enarres,

65 2676 156 2718 sivo.
197 2675 257 2716 ita
299 2674 478 2716 differre
518 2671 568 2715 τὸ
611 2668 779 2725 ’ὒιχνωμα
818 2685 842 2710 a
881 2671 943 2724 τῷ
974 2664 1162 2726 ὑψηλῷ,
1207 2675 1254 2712 ut
1285 2673 1542 2727 sublimitas,

64 2746 144 2773 vox
175 2732 420 2784 abstracta,
460 2745 483 2771 a
511 2729 704 2780 sublimi,
748 2727 956 2769 vocabulo
987 2731 1190 2769 concreto
1222 2727 1344 2782 (Job.
1377 2731 1448 2782 24,
1468 2732 1541 2774 22.

63 2789 213 2832 2Cor.
246 2790 311 2839 lo,
333 2790 422 2843 5.),
461 2786 688 2836 snniseris‚
735 2791 852 2826 recte
882 2783 929 2824 ea
967 2796 1070 2824 voce
1111 2786 1278 2826 coelum
1307 2785 1543 2828 indicatum

63 2853 147 2890 est.
218 2845 444 2888 vocabulo
473 2842 619 2897 βάθος
645 2847 764 2886 terra
791 2840 907 2897 (JeS.
927 2840 1192 2940 7,lr}.2ssph.
1214 2842 1313 2895 ¹²‚8-
1335 2846 1425 2897 9.),
1455 2858 1540 2886 non
