1715 3115
236 202 396 249 CAP.
426 200 556 248 Vll.
586 201 678 247 Vs.
705 203 749 248 7.
778 227 832 234 -—
862 201 1019 248 CAP.
1050 200 1219 249 VIII.
1250 201 1344 249 Vs.
1375 205 1471 249 17..
1527 204 1585 246 27

125 308 1302 367 AugustiniexplicatioabAp.disputationeetmcnte
1316 313 1403 352 tam
1425 309 1583 364 aliena,

124 372 175 409 ut
193 367 289 424 ejus
310 367 436 407 verba
461 381 512 408 ne
535 366 733 424 potuisse
758 367 929 422 quidem
961 367 1085 426 pejus
1114 367 1305 424 perverti
1336 366 1583 410 videantur.

124 422 241 467 Nam
263 437 315 465 ne
336 430 617 476 argumenta,
649 423 808 480 quibus
833 423 1008 465 Patrum
1037 438 1103 478 gr.
1134 424 1478 481 explanationem
1509 438 1582 465 su-

125 494 205 538 pra
246 480 565 532 stabilivimus,
615 481 786 535 singula
819 480 1062 533 Augustini
1100 480 1344 538 opinionem
1385 485 1583 522 evertere

125 551 345 587 moneam,
376 542 582 594 apparet,
614 537 653 578 si
686 551 796 593 quae
827 551 867 579 v.
888 539 915 577 7
935 537 1080 579 —25.
1107 537 1352 595 perscripta
1383 543 1486 579 sunt
1513 537 1584 579 vel

124 593 171 635 in
198 592 246 636 P.
267 594 471 635 caderent
491 594 561 636 vel
591 593 634 635 in
664 594 862 636 homines
891 594 1045 638 christ.
1072 594 1260 637 conferri
1287 600 1487 650 possent,
1530 608 1583 636 ne

123 651 325 707 potuisse
348 650 521 708 quidem
541 650 808 707 Apostolum
867 657 996 692 uanta
1027 656 1145 693 esset
1175 651 1384 692 malarum
1415 650 1584 706 cupidi-

123 713 261 748 tatum
285 708 324 748 in
348 707 596 749 hominibus
615 707 769 752 christ.
792 720 838 750 ve
858 708 1059 749 lementia
1083 715 1126 749 et
1152 707 1459 765 importunitas
1486 708 1583 750 loco

124 765 266 818 magis
304 765 447 806 alieno
488 763 752 809 describere.
819 763 908 820 Qui
949 779 1077 820 quum
1117 764 1171 805 τὰ
1212 763 1462 818 παθήματα
1498 765 1585 806 τῶν

125 816 354 874 ἁμαρτιῶν
378 823 418 862 in
432 821 697 864 Christianis
717 819 1070 878 quannliuMosis
1085 821 1246 862 alumni
1263 819 1445 878 fuissent
1458 835 1585 874 gras-

125 884 221 918 sata
244 892 340 918 esse
362 879 438 919 sed
460 879 555 931 lege
587 893 695 922 mos.
724 879 894 920 solutos
923 878 1090 919 servire
1120 877 1164 919 ἐν
1194 874 1419 933 καινότητι
1446 873 1585 918 πνεύ-

123 948 264 987 ματος
290 934 414 976 modo
439 935 703 977 affirmasset
722 949 763 978 v.
783 935 824 978 5.
845 935 914 988 6.,
948 934 1178 992 aptissime
1208 948 1310 975 sane
1339 947 1459 974 suam
1490 932 1584 975 dis-

123 990 398 1048 putationem
419 991 480 1032 ita
501 991 793 1038 continuavit,
825 996 874 1032 ut
901 998 992 1032 tum
1025 995 1184 1048 quanta
1206 989 1472 1034 Judaeorum
1505 990 1586 1032 mi-

124 1047 241 1088 seria
272 1048 431 1090 fuisset
457 1054 548 1090 tum
580 1053 739 1106 quanta
765 1047 1114 1091 Christianorum
1143 1052 1260 1089 esset
1290 1047 1479 1088 felicitas
1511 1061 1585 1089 ex-

122 1110 310 1162 poneret
333 1109 394 1160 (v,
414 1106 592 1162 supra),
622 1106 697 1148 sed
719 1105 909 1163 pessime
933 1104 1279 1147 crudelissimam
1307 1102 1583 1160 tyrannidem

122 1175 283 1218 pravas
318 1161 581 1220 cupiditates
620 1163 663 1204 in
705 1162 901 1204 homines
931 1162 1084 1205 christ.
1110 1175 1310 1203 exercere
1337 1160 1586 1217 adjecisset,

124 1232 253 1274 quam
281 1219 521 1261 exercuisse
551 1220 654 1262 illas
683 1219 726 1260 in
757 1234 833 1261 eos
858 1233 987 1276 quum
1011 1217 1168 1262 Judaei
1196 1217 1384 1259 fuissent
1409 1223 1587 1260 conten-

123 1276 292 1329 disset,
317 1290 517 1319 exercere
535 1276 576 1318 in
601 1276 880 1321 Christianos
903 1276 1072 1318 ultimis
1096 1289 1134 1316 v.
1157 1280 1360 1326 negasset
1390 1289 1429 1318 ν.
1460 1275 1502 1317 5.
1524 1277 1584 1321 6..

124 1331 212 1374 Sed
235 1347 360 1389 quam
383 1333 466 1374 sibi
489 1334 563 1389 qui
583 1334 767 1391 loquens
788 1333 1009 1376 inducitur
1028 1333 1360 1390 perversitatem
1385 1345 1467 1372 non
1489 1332 1586 1374 siue

123 1389 286 1444 gemitu
311 1391 547 1448 exprobrat
568 1405 604 1435 c.
622 1393 690 1444 7.‚
719 1405 768 1433 ea
791 1405 930 1448 neque
951 1391 994 1432 in
1013 1390 1210 1432 homines
1235 1387 1443 1445 quadrat,
1475 1403 1586 1444 quos

127 1448 249 1488 solos
280 1444 332 1490 P.
354 1447 630 1491 Christianos
661 1448 946 1506 appellandus
978 1461 1076 1490 esse
1099 1446 1337 1505 judicavit,
1376 1459 1514 1501 neque
1541 1445 1585 1487 in

124 1501 179 1547 P.
208 1503 348 1556 cadit,
387 1505 526 1547 virum
560 1505 886 1560 integerrimum
916 1511 960 1546 et
995 1505 1223 1561 optimum.
1298 1501 1477 1544 Scilicet
1506 1502 1583 1558 qui

123 1574 165 1602 v.
184 1562 228 1604 7.
249 1561 422 1603 tristem
444 1576 565 1602 suam
588 1562 878 1604 conditionem
909 1560 1051 1615 dolet,
1089 1559 1203 1617 quod
1230 1557 1413 1601 Peccato
1442 1573 1589 1600 eman-

124 1617 298 1673 cipatus
318 1618 377 1660 sit
400 1619 601 1674 queritur
619 1625 661 1660 et
690 1633 819 1675 quum
852 1619 987 1660 officii
1016 1618 1292 1660 sanctitatem
1325 1621 1415 1657 tum
1446 1622 1587 1658 mente

124 1679 278 1716 cernat
314 1681 405 1716 tum
446 1675 564 1717 intus
596 1681 848 1718 revereatur
872 1682 1013 1717 tamen
1046 1689 1093 1716 se
1123 1673 1361 1730 voluptarii
1388 1673 1587 1730 corporis

125 1730 417 1773 irritamentis
436 1732 688 1774 instinctum
711 1733 857 1774 facere
878 1732 991 1789 quod
1012 1738 1159 1773 contra
1183 1730 1371 1771 officium
1393 1730 1451 1771 sit
1476 1730 1588 1772 tate-

127 1792 200 1827 tur
229 1789 606 1845 certissimamque
635 1795 813 1831 mortem
848 1790 935 1831 sibi
963 1789 1186 1830 imminere
1216 1788 1278 1828 ait
1297 1787 1588 1839 7‚14—-24..

126 1843 359 1886 Enimvero
373 1846 648 1888 Christianos
670 1861 810 1903 neque
831 1846 1010 1900 ignavos
1031 1845 1226 1886 homines
1239 1844 1331 1900 Ap.
1355 1843 1497 1885 animo
1522 1844 1588 1885 in-

126 1899 358 1951 formavit,
388 1902 461 1966 qui
483 1917 612 1958 quum
634 1904 837 1944 vitiorum
866 1902 1090 1944 illecebris
1118 1916 1164 1942 se
1193 1899 1468 1942 dedidissent
1498 1915 1590 1941 ma-

127 1957 268 1997 larum
307 1958 595 2013 cupiditatum
634 1959 818 2013 (veteris
849 1958 1035 2013 Adami)
1074 1957 1450 2014 importunitatem
1490 1971 1587 1999 cum

127 2013 369 2070 ejulatione
391 2021 647 2056 accusarent
667 2030 877 2070 suamque
901 2015 1196 2072 impuritatem
1219 2012 1309 2055 Dei
1340 2013 1585 2069 placatione

126 2084 206 2126 per
227 2069 449 2112 Christum
476 2072 587 2112 sacta
618 2072 977 2123 consolarentur,
1009 2072 1162 2127 quales
1182 2070 1458 2112 Christianos
1488 2086 1587 2113 esse

125 2127 334 2183 pietistae
356 2128 506 2168 volunt
527 2160 536 2178 ,
567 2127 643 2169 sed
667 2129 804 2169 sortes
828 2128 1039 2179 homines,
1073 2127 1148 2183 qui
1171 2126 1371 2183 adjutore
1393 2127 1479 2170 div.
1496 2128 1587 2184 spi-

124 2184 214 2224 ritu
237 2198 332 2224 cum
354 2181 539 2225 I'eccato
560 2185 880 2226 atrocissimum
903 2184 1062 2225 bellum
1089 2189 1316 2236 gererent,
1346 2197 1485 2239 neque
1509 2186 1586 2225 mi-

126 2255 251 2281 seros
282 2255 380 2281 esse
412 2241 562 2293 linxit,
603 2257 713 2297 quos
735 2241 856 2282 Mors
886 2240 1194 2295 praedaretur,
1234 2239 1311 2282 sed
1341 2240 1587 2283 fortunatos

125 2311 224 2338 esse
250 2296 542 2353 praedicavit,
571 2298 686 2353 quod
719 2298 1009 2354 sempiternae
1039 2298 1152 2338 vitae
1182 2296 1417 2353 participes
1445 2297 1584 2340 futuri

124 2362 289 2396 essent.
349 2353 518 2410 Nempe
540 2352 678 2396 Paulo
700 2354 849 2414 judice
879 2355 1003 2394 homo
1036 2354 1189 2394 christ.
1217 2368 1238 2394 e
1269 2353 1357 2394 vita
1384 2353 1589 2398 discessit

123 2411 314 2467 peccatis
335 2409 476 2452 dicata
497 2413 538 2464 6,
551 2412 592 2455 2.
613 2427 703 2468 sq.,
734 2411 895 2467 quippe
919 2411 992 2466 qui
1013 2410 1293 2451 libidinosum
1313 2424 1471 2467 corpus
1492 2426 1588 2454 cum

126 2468 274 2522 pravis
298 2482 406 2523 quos
434 2468 551 2509 fovet
579 2469 807 2510 all'ectibus
840 2476 1043 2523 tauquam
1072 2467 1213 2507 crucis
1241 2467 1457 2523 supplicio
1486 2483 1586 2509 ene-

125 2525 267 2565 cuerit
290 2526 391 2567 (inl.
411 2524 536 2577 5‚24.
569 2526 623 2567 cl.
649 2528 758 2578 6‚6..
819 2522 967 2579 Quare
995 2538 1078 2565 uon
1108 2523 1225 2577 regit
1257 2538 1355 2564 eum
1389 2524 1587 2582 volupta-

125 2581 237 2622 rium
259 2595 444 2637 corpus,
472 2581 548 2622 sed
570 2582 656 2624 div.
677 2582 863 2636 spiritus
884 2581 978 2628 8,2.
1001 2595 1094 2635 sq.,
1123 2581 1196 2635 qui
1217 2579 1320 2621 sede
1342 2580 1421 2621 sua
1450 2581 1492 2622 iu
1530 2597 1580 2624 eo

59 2654 62 2657 ·
126 2637 270 2694 posita
310 2652 406 2679 eum
450 2639 611 2679 lustrat
644 2641 665 2680 l
694 2639 797 2681 Cor.
826 2639 866 2687 3,
884 2639 950 2679 113.
977 2639 1101 2687 6,19.
1132 2637 1257 2678 Rom.
1289 2636 1428 2687 8‚11..
1496 2637 1586 2694 Qui

125 2702 352 2750 postquam
377 2695 418 2736 in
442 2695 608 2737 Christi
636 2710 683 2737 se
704 2694 978 2751 disciplinam
1000 2693 1184 2735 tradidit
1205 2691 1444 2746 affectibus,
1476 2711 1586 2751 quos

126 2765 285 2807 corpus
315 2752 501 2803 excitat,
539 2751 757 2805 indulget,
800 2756 874 2791 aut
897 2747 1105 2806 σαρκικός
1133 2755 1223 2802 est,
1260 2750 1433 2792 nomine
1457 2751 1587 2795 Chri-

127 2808 297 2848 stianus
317 2812 411 2858 est,
454 2822 535 2849 non
567 2823 612 2849 re
641 2814 898 2863 tantumque
929 2822 952 2847 a
985 2807 1278 2863 perfectione,
1318 2822 1427 2862 (pune
1450 2813 1496 2849 ut
1522 2809 1585 2849 sis

127 2864 409 2907 Christianus
436 2866 704 2921 requiritur,
745 2866 890 2917 abest,
929 2870 1135 2921 quantum
1167 2878 1191 2905 a
1222 2863 1305 2905 viri
1334 2865 1585 2908 maturitate
