1715 3115
131 171 188 211 ⁹8
416 160 788 205 EPISTOLA
825 161 922 203 Al)
956 158 1318 203 ROMANOS

137 287 213 316 sua
250 272 411 313 raven-ot
448 281 596 310 eornm
631 279 793 323 poenas
818 265 975 308 luendo
998 265 1099 310 Joh.
1126 266 1270 318 1,29.‚
1303 280 1396 307 cum
1421 264 1600 315 Calo-ini,

139 329 302 374 Grotii,
334 326 476 368 Limb.
506 324 780 379 aliorumque
810 324 1012 380 opinione
1043 323 1232 378 denique
1264 323 1489 376 congruit,
1524 322 1600 376 qui

141 386 320 430 Christo
353 378 556 435 ὁμοίωμα
587 393 748 434 σαρκος
782 376 1018 433 ἁμαρτίας,
1072 380 1171 434 quia
1215 385 1429 421 tractatus
1468 378 1602 419 fuerit

142 439 358 498 quomodo
381 443 584 478 nocentes
616 436 796 477 tractari
833 438 1000 477 soleant
1021 435 1114 479 Jes.
1135 436 1312 488 5:3,12.‚
1341 440 1417 477 aut
1446 439 1601 490 quate-

142 513 224 540 nus
256 495 442 536 debitam
482 493 721 535 sceleribus
753 493 916 535 nostris
950 507 1129 549 poenam
1165 493 1449 542 sustinuerit,
1495 506 1517 531 a
1550 488 1602 533 P.

143 553 277 596 tribui
311 554 480 608 [nitunt.
541 551 607 592 At
636 564 766 606 quum
795 550 940 591 verbis
971 544 994 591 ὅ
1026 549 1134 596 θεὸς
1166 548 1388 602 κατέκρινε
1417 544 1603 602 τιζνἈμ.

145 609 192 654 ἓν
209 625 247 650 τ.
269 623 308 650 σ.
329 607 382 648 de
403 605 610 648 admissis
642 606 907 657 sceleribus,
948 620 1060 660 quae
1083 604 1251 647 Christi
1281 605 1497 661 supplicio
1526 617 1605 644 ex-

145 667 265 724 piata
292 664 397 715 sint,
417 663 592 704 minime
613 669 792 716 agatur,
824 677 874 704 ne
898 669 1045 703 nostra
1068 659 1240 716 quidem
1261 675 1376 704 voce.
1400 660 1452 701 ad
1476 659 1605 702 Chri-

149 723 210 766 sti
231 728 439 772 mortem,
479 721 563 776 qua
591 724 860 776 patratorum
887 719 1099 760 scelerum
1129 717 1322 773 expiatio
1352 717 1504 758 ell'ecta
1530 717 1606 768 sit,

151 779 388 837 pertinent.
417 800 471 806 —
529 777 663 817 Recte
685 775 823 819 Calor.
840 775 1062 827 „Missio‚
1095 774 1261 829 inquit,
1279 796 1332 803 -—
1355 772 1604 828 [Gal.4‚4.]

152 849 283 891 quum
304 850 326 874 e
346 833 465 874 coelo
486 833 604 874 filius
627 832 716 874 Dei
739 831 780 873 in
803 832 1003 872 mundum
1036 831 1196 871 missus
1230 829 1314 880 sit,
1354 833 1397 869 et
1425 842 1606 886 praeex-

151 891 375 934 istentiam
413 897 515 929 ante
556 887 820 943 ἑνσάρκωσιν
850 894 894 929 nt
933 888 1071 945 ipsam
1114 886 1454 927 incarnationem
1490 885 1606 941 ejus-

152 948 248 990 dem
271 972 323 979 —
347 946 528 988 involvit
548 945 644 989 -.”
703 943 815 985 Nam
840 944 1135 1001 Paulojudice
1157 943 1385 991 Christus,
1415 942 1490 997 qui
1512 948 1608 982 tan-

155 1018 283 1061 quam
323 1003 465 1043 minor
496 1003 619 1044 Deus
657 999 836 1055 majoris
866 1000 951 1042 Dei
987 1002 1078 1040 viee
1111 1000 1152 1039 in
1181 999 1301 1040 coelo
1330 998 1402 1039 diu
1431 1000 1608 1039 functus

155 1063 301 1102 fuerat
322 1059 419 1102 Col.
444 1060 564 1110 l,16.
587 1072 682 1113 sq.,
718 1047 806 1100 Dei
833 1057 917 1098 sibi
951 1055 1191 1113 praepositi
1224 1053 1425 1095 mandatu
1455 1053 1610 1105 forma,

158 1118 243 1173 qua
264 1117 303 1156 in
327 1116 578 1156 coelestium
598 1114 783 1155 concilio
804 1114 1086 1154 constitutum
1109 1126 1206 1153 esse
1230 1111 1399 1163 decuit,
1426 1110 1480 1151 ad
1502 1118 1609 1151 tem-

157 1188 240 1230 pus
259 1172 483 1228 deposita,
517 1176 566 1212 ut
590 1170 760 1212 Deicui
794 1173 933 1211 omnia
964 1174 1169 1225 parerent
1196 1167 1378 1209 consilia
1411 1173 1504 1208 rata
1533 1167 1610 1207 fie-

158 1235 281 1282 rent,
310 1230 354 1270 in
377 1234 538 1269 terrain
559 1242 606 1269 se
628 1226 803 1268 demisit
822 1227 1091 1281 humanoque
1112 1224 1187 1265 sed
1221 1223 1334 1280 qnod
1365 1224 1484 1265 nullo
1513 1237 1610 1279 pec-

159 1291 257 1327 cato
282 1285 554 1341 inquinatum
576 1289 693 1325 esset
710 1297 891 1339 corpore
912 1283 1094 1323 amictus
1115 1280 1168 1321 ad
1189 1280 1383 1322 homines
1411 1279 1611 1322 accessit.

160 1340 281 1384 Phil.
300 1342 340 1390 2,
352 1344 393 1383 6.
417 1355 484 1396 sq.
516 1340 616 1382 Gal.
636 1340 733 1391 4‚4.
762 1340 789 1379 2
809 1339 911 1382 Cor.
934 1339 1074 1387 5,21..
1132 1338 1204 1378 καὶ
1229 1337 1333 1390 περὶ
1351 1331 1612 1391 Ἅμαρτιάς]

163 1413 248 1442 om.
269 1397 341 1441 34.
361 1399 432 1439 71.
455 1397 568 1445 saltu
593 1397 705 1438 facto
727 1391 1027 1449 ειὺἍμαρτίας
1047 1393 1192 1451 priore
1211 1393 1264 1434 ad
1280 1390 1517 1447 Ἀμαρτιάς
1536 1406 1614 1448 po-

164 1455 343 1498 sterius.
405 1453 660 1495 Tertulliani
677 1451 730 1494 de
750 1466 915 1494 resurr.
937 1466 1054 1493 earn.
1074 1450 1172 1493 585.
1195 1450 1255 1492 A.
1285 1455 1327 1492 et
1352 1463 1452 1504 per
1479 1448 1614 1490 delin-

164 1511 377 1567 quentiam
411 1515 455 1550 et
485 1510 750 1551 Graecorum
781 1523 852 1564 ap.
874 1506 980 1562 Rus.
1013 1508 1085 1561 [—
1106 1511 1187 1559 „et
1213 1507 1263 1547 de
1292 1510 1492 1558 peccato,
1530 1504 1615 1555 vel,

165 1575 215 1608 ut
239 1566 382 1607 verius
410 1565 592 1606 liabetur
618 1565 731 1621 apud
756 1564 970 1613 Graecos,
1009 1567 1050 1604 et
1079 1576 1173 1616 pro
1198 1566 1370 1615 peccato
1393 1560 1616 1602 damnavit

165 1622 440 1677 peccatum'ssl
466 1629 509 1662 et
530 1621 674 1663 Sedul.
694 1635 788 1675 pro
806 1624 975 1673 peccato
998 1632 1155 1674 pravae
1180 1618 1381 1669 vulgatae
1413 1616 1614 1657 lectionis

167 1679 480 1721 translationes
512 1681 637 1727 sunt,
668 1691 750 1718 non
782 1676 989 1717 lectiones
1018 1674 1332 1731 discrepantes.
1400 1671 1615 1713 Perverse

168 1738 283 1776 enim
303 1734 419 1789 (li-1⁸9.
442 1732 588 1789 [Rufi]
616 1734 718 1787 περὶ
743 1729 957 1784 ἁμαρτίας,-
986 1730 1036 1770 de
1066 1729 1278 1787 piaculari
1306 1729 1521 1770 sacrificio
1546 1743 1616 1769 ce-

168 1792 237 1848 pit
264 1791 307 1834 h.
336 1804 416 1833 m.:
464 1792 536 1830 καὶ
565 1790 669 1843 περὶ
695 1783 910 1842 ἁμαρτίας
940 1787 1055 1841 [scil.
1085 1786 1245 1843 θυσίᾳ]
1278 1784 1502 1839 κατέκρινε
1531 1790 1616 1828 etc.

169 1860 290 1903 „per
308 1872 359 1879 —-
380 1846 561 1887 hostiam
583 1845 726 1886 earnis
747 1859 874 1892 suae,
906 1857 1015 1898 quae
1033 1842 1192 1884 dieitur
1211 1856 1290 1895 pro
1314 1846 1511 1894 peccato,
1541 1840 1618 1882 da-

170 1903 335 1944 mnavit
365 1901 612 1958 [Christus:
662 1907 706 1942 at
734 1896 757 1943 ὁ
786 1897 895 1949 θεός
923 1899 1172 1955 Subjectum
1203 1900 1289 1953 est]
1323 1905 1542 1954 peecatum
1572 1897 1616 1938 in

171 1959 345 2000 carne.”
402 1957 491 1998 Καί
512 1957 585 2013 qui
606 1957 847 1998 omiserunt
867 1970 949 1996 non
971 1956 1221 1997 deleverunt
1243 1954 1344 2010 quia
1362 1967 1402 1995 v.
1419 1954 1493 1994 καὶ
1514 1953 1619 2006 περὶ

170 2012 388 2068 ἁμαρτίας
410 2014 632 2069 κατέκρινε
654 2008 766 2054 τ.Ἅ.
787 2011 819 2055 ἕ.
847 2027 883 2053 τ.
915 2026 954 2053 σ.
980 2011 1202 2069 jungenda
1231 2010 1397 2067 opinati
1427 2009 1617 2064 ineptam

170 2083 317 2112 vocem
332 2070 604 2126 judicassent
625 2069 879 2123 (Thalama).
938 2068 1052 2109 Nam
1071 2073 1115 2109 et
1132 2065 1518 2124 praetermiserunt
1545 2079 1618 2105 vo-

170 2127 311 2170 culam
333 2127 407 2182 qui
427 2127 533 2167 hanc
554 2131 816 2167 structuram
840 2125 1058 2167 iniissent:
1080 2119 1103 2166 ὃ
1124 2121 1233 2172 θεὸς
1250 2121 1324 2164 τὸν
1343 2117 1503 2161 ἑαυτοῦ
1524 2116 1620 2161 υἱὸν

171 2182 359 2236 πέμψας
389 2180 746 2238 περὶἈμαρτιάς
778 2179 821 2223 ἐν
848 2175 920 2233 ὁμ.
952 2195 991 2223 σ.
1015 2175 1106 2231 Ἅμ.
1137 2180 1330 2234 (Syrus),
1369 2190 1508 2231 neque
1541 2176 1620 2232 qui

173 2241 248 2281 καὶ
278 2239 381 2292 περὶ
400 2233 494 2288 (Δια.
524 2252 619 2278 cum
646 2251 684 2279 v.
719 2237 941 2291 κατέκρινε
971 2252 1007 2277 τ.
1028 2232 1122 2287 ‘Apu
1153 2234 1186 2276 ὲ.
1210 2249 1247 2275 τ.
1277 2247 1315 2274 σ,
1358 2232 1620 2289 copularunt:

173 2294 402 2350 quominus
423 2293 467 2334 id
487 2294 679 2336 facerent
698 2307 799 2334 voce
821 2292 893 2333 καί
919 2291 1120 2333 deterriti
1147 2294 1250 2332 sunt
1277 2290 1339 2344 (ν.
1359 2288 1445 2340 It„
1482 2287 1621 2345 Vuly„

173 2350 345 2403 Chrys„
373 2349 509 2402 Oea).
563 2348 655 2390 Imo
677 2346 752 2390 καί
781 2348 920 2405 primo
949 2348 1249 2398 excluserunt,
1286 2350 1335 2386 ut
1363 2357 1621 2401 supervaca-

172 2419 298 2447 neum
314 2437 326 2456 ‚
356 2407 429 2460 qui
451 2405 673 2446 vocabulis
692 2407 798 2456 περὶ
820 2399 1037 2458 ἁμαρτίας
1055 2418 1147 2445 cum
1170 2401 1410 2458 Participio
1433 2398 1622 2454 πέμψας

172 2462 433 2503 consociatis
451 2462 634 2502 liberius
668 2461 780 2502 hune
814 2460 846 2502 1.
866 2463 1192 2510 converterunt,
1224 2466 1271 2500 ut
1288 2458 1436 2511 Syrus.
1494 2454 1621 2497 Hanc

172 2518 401 2559 lectionem
438 2524 590 2572 postea
630 2531 778 2558 eorum
815 2515 1011 2557 nonnulli
1040 2515 1216 2572 sequuti
1242 2520 1369 2564 sunt,
1409 2511 1485 2567 qui
1516 2511 1622 2564 περὶ

161 2569 403 2626 ἶΛμαρτίας
420 2586 512 2612 cum
532 2587 572 2615 v.
594 2571 815 2627 κατέκρινε
837 2570 1175 2629 conjunxerunt,
1205 2576 1253 2612 ut
1271 2582 1381 2626 quae
1401 2581 1505 2608 suae
1525 2567 1620 2623 opi-

173 2629 295 2671 nioni
321 2628 485 2668 faveret
513 2629 586 2682 (cl.
619 2642 659 2672 V.
686 2642 724 2671 c.
751 2627 1153 2680 Ambrosiastrum).
1223 2629 1296 2667 καὶ
1324 2624 1428 2677 περὶ
1448 2620 1623 2676 Ἄμαρ-

173 2683 289 2740 τιάς]
324 2683 443 2725 Haec
465 2697 529 2735 v.‚
562 2697 672 2738 quae
692 2698 715 2724 a
738 2681 978 2739 participio
999 2683 1183 2735 πέμψας
1206 2682 1299 2737 regi
1317 2686 1524 2736 apparet,
1555 2677 1621 2718 ni-

174 2740 238 2782 bil
280 2740 363 2780 nisi
395 2745 438 2780 et
467 2745 641 2793 propter
671 2740 896 2780 Peccatum
936 2739 1078 2779 valent
1112 2740 1153 2782 h.
1185 2752 1246 2781 sa
1287 2735 1495 2778 Peccatus
1525 2734 1621 2775 Deo

174 2811 303 2838 causa
332 2795 468 2838 filium
498 2809 621 2837 suum
653 2794 710 2836 ad
736 2793 931 2836 homines
958 2794 1134 2849 legandi
1161 2793 1262 2840 fuit.
1328 2792 1393 2834 Ex
1419 2805 1470 2833 eo
1504 2789 1621 2832 enim
