1715 3115
121 195 210 239 3⁵8
397 195 779 242 EPISTOLA
811 198 913 241 AD
948 197 1307 243 ROMANOS

124 300 254 357 Quod
286 302 650 357 quumCalvimes
680 304 919 358 sensisset,
955 299 1089 358 νόμον
1126 298 1410 359 δικαιοσύνης
1445 305 1595 359 poste·

124 359 243 400 riore
275 359 304 400 Ι.
335 359 592 400 collocatum
605 359 809 415 justitiae
827 360 1014 418 sormam
1048 365 1122 404 aut
1147 361 1340 415 reqnlam
1362 360 1594 417 explicuit.

126 414 215 456 Sed
244 415 388 455 verbis
422 416 554 467 νόμον
587 414 867 472 δικαιοσύνης
900 418 1134 472 utrobique
1171 417 1319 458 eadem
1352 416 1419 457 vis
1451 417 1596 460 subsit

126 484 304 512 necesse
331 475 414 514 est.
480 471 627 513 Debet
657 473 768 514 enim
807 472 856 518 Ρ.
882 474 989 515 banc
1018 472 1277 514 sententiam
1299 471 1478 516 efferre:
1509 485 1596 514 non

127 535 389 582 assequutus
420 542 517 568 esse
551 527 782 570 israelitas
804 530 916 585 quod
937 529 1115 585 assequi
1135 530 1203 570 vel
1224 529 1407 571 maxime
1429 528 1597 570 voluis-

128 590 241 625 sent.
300 581 363 632 εἰς
391 580 522 636 νόμον
549 582 846 641 δικαιοσύνης]
879 587 1057 629 Absunt
1080 586 1184 626 haec
1205 599 1243 628 v.
1263 586 1317 626 ab
1339 587 1407 629 17.
1429 586 1500 629 61.
1523 586 1598 626 δι-

128 637 364 693 καιοσύνης
383 642 742 697 praetermittunt
762 645 823 685 A.
844 642 897 686 B.
922 643 981 685 D.
1006 642 1054 683 E.
1077 641 1127 684 F.
1151 656 1243 682 cum
1263 641 1407 685 obelo.
1439 641 1497 685 G.
1518 641 1594 685 47.

127 696 258 738 07.ss
278 695 405 752 Copt.
423 695 479 740 It.
503 696 709 740 Damaso.
736 696 920 755 Procop.
943 699 1071 751 Orig.
1093 699 1333 755 interprete
1356 696 1460 741 Rus.
1481 698 1609 747 Am-¹

128 751 371 795 brosiaster
393 752 435 793 in
459 760 687 795 comment.
710 754 773 808 (in
795 761 917 796 textu
942 754 1089 807 habet)
1113 752 1266 797 Sedul.
1290 752 1427 796 Beda.
1480 753 1597 796 Hinc

133 805 416 864 δικαιοσύνης
434 809 606 851 ΙΠὶΙΙὶιιε
629 807 748 853 Prot.
769 812 810 864 §.
837 812 962 857 1286.
989 810 1212 852 damnavit
1240 813 1282 851 et
1301 808 1495 862 Griesb„
1523 823 1598 850 ex-

131 865 287 919 punxit
321 863 517 909 Laclma..
575 868 642 907 At
672 865 708 909 Ι.
731 881 831 909 voce
862 863 1143 922 δικαιοσύνης
1166 878 1313 908 carere
1336 879 1419 906 non
1440 879 1602 921 possu-

131 935 266 962 mus.v
319 920 426 962 Erat
461 921 574 963 enim
607 918 760 974 νόμος,
810 938 935 980 quem
976 922 1208 965 Israelitae
1251 934 1333 963 non
1368 920 1599 979 assequuti

129 982 301 1027 essent,
335 975 471 1019 Paulo
493 987 693 1020 accurate
715 978 1062 1022 constituendus.
1119 979 1175 1021 Et
1197 992 1326 1035 quum
1347 976 1599 1034 Apostolus

130 1030 365 1075 lsrao'itas
389 1035 432 1076 id
453 1035 588 1089 ipsum.
615 1049 696 1076 non
717 1041 1010 1092 consequutus
1030 1050 1126 1077 esse
1158 1033 1272 1091 quod
1292 1039 1598 1076 consectentur

131 1090 177 1131 h.
199 1093 230 1132 1.
252 1090 397 1133 dicere
417 1091 597 1142 debeat,
636 1091 676 1133 ei
696 1098 773 1134 aut
801 1089 865 1142 εἷς
885 1094 1040 1134 τοῦτον
1067 1090 1142 1133 τὸν
1164 1093 1319 1144 νόμον,
1347 1094 1424 1131 aut
1444 1087 1508 1140 εἷς
1526 1086 1599 1133 νό-

130 1160 213 1197 μον
252 1145 531 1203 δικαιοσύνης
569 1148 830 1190 exarandum
878 1150 1017 1190 {uisse
1066 1149 1223 1191 elucet.
1290 1143 1358 1191 Π.
1399 1144 1597 1202 Vulgata

134 1203 354 1259 scriptura
394 1200 460 1252 εἰς
498 1202 630 1255 νόμον
667 1204 1030 1261 δικαιοσύνης
1069 1201 1147 1246 οὐκ
1187 1202 1365 1259 ἔφθασε
1401 1203 1481 1245 sua
1511 1203 1600 1245 vir-

133 1262 226 1300 tute
248 1258 465 1315 splendet.
525 1259 638 1302 Nam
665 1259 846 1303 Paulum
868 1268 1037 1303 acutam
1066 1258 1302 1303 antithesin
1327 1258 1599 1316 quaesivisse

131 1315 176 1366 in
205 1331 376 1382 promtu
416 1321 485 1369 est
523 1330 586 1382 (v.
616 1328 687 1372 30.
724 1352 781 1360 -
810 1325 921 1384 ἔθνη
950 1326 1005 1369 τὰ
1030 1319 1107 1382 μὴ
1155 1316 1461 1367 διώκοντα
1505 1317 1600 1366 δι-

133 1383 478 1447 καιοσύνην
513 1394 786 1448 κατέλαβε
817 1386 1224 1448 δικαιοσύνην
1254 1406 1296 1440 v.
1322 1395 1395 1439 31.
1419 1391 1599 1450 Ἰσραὴλ

135 1459 183 1502 δὲ
225 1459 439 1502 διώκων
476 1451 668 1514 νόμον
709 1453 1118 1516 δικαιοσύνης
1164 1457 1228 1511 εἷς
1264 1451 1462 1515 νόμον
1505 1451 1600 1500 δι-

134 1536 228 1565 xm
249 1518 468 1581 οσύνης
513 1521 621 1568 οὐκ
660 1528 938 1582 ἔφθασεῂ
963 1529 1018 1572 cf.
1044 1530 1109 1579 10,
1134 1530 1193 1573 3..
1253 1529 1440 1571 Temere
1463 1526 1600 1583 igitur

134 1582 254 1626 Mill.
279 1585 311 1626 l.
331 1599 395 1629 c..·
434 1615 460 1633 „
477 1611 524 1616 —-
540 1581 842 1639 δικαιοσύνης,
864 1608 918 1615 —-
958 1586 1189 1640 repetitum
1222 1599 1345 1627 nemo
1374 1599 1457 1626 non
1480 1583 1599 1625 videt

134 1653 186 1680 ex
213 1641 356 1696 priore
378 1646 501 1697 parte
524 1639 774 1685 versiculi.”
834 1637 924 1684 III.
958 1639 1046 1695 Qui
1077 1637 1138 1690 εἷς
1168 1640 1298 1694 νόμον
1319 1638 1397 1683 οὐκ
1420 1638 1599 1695 ἔφθασε

133 1696 417 1753 interpretari
438 1699 580 1738 conati
602 1703 727 1746 sunt,
768 1695 824 1736 iis
847 1711 926 1736 non
954 1699 1163 1738 successit
1194 1712 1217 1738 ο
1252 1711 1342 1740 era.
1402 1696 1520 1752 Oriy.
1542 1694 1598 1736 ad

135 1752 178 1794 b.
209 1753 238 1795 Ι.
270 1752 402 1803 νόμον
433 1754 563 1808 leyem
595 1754 770 1806 spiritus
800 1753 944 1792 valere
976 1754 1128 1805 finxit,
1166 1768 1212 1794 se
1273 1751 1477 1810 quidnam
1510 1751 1598 1792 sibi

134 1809 270 1851 vellet
289 1824 372 1850 non
395 1811 621 1866 perspicue
643 1808 864 1863 exposuit:
893 1807 1099 1859 „Certum
1120 1813 1187 1851 est
1208 1810 1318 1851 enim
1340 1809 1440 1866 quia
1458 1807 1600 1849 lsrael

134 1865 384 1907 sectabatur
412 1867 548 1920 legem
578 1864 781 1923 justitiae
812 1866 1037 1906 secundnm
1065 1865 1261 1918 literam,
1291 1868 1367 1907 sed
1391 1865 1436 1906 in
1458 1865 1597 1917 legem

132 1934 216 1962 non
250 1922 463 1978 pervenit.
531 1921 680 1978 Quam
705 1916 879 1975 legem?
922 1921 1026 1963 Sine
1056 1922 1186 1963 dubio
1220 1922 1412 1977 spiritus.
1451 1921 1511 1976 [8,
1534 1920 1598 1972 2.]

134 1976 290 2033 Neque
319 1978 433 2019 enim
464 1979 542 2020 hoe
573 1979 737 2020 diceret
764 1978 883 2033 Ap„
924 1978 1023 2034 quia
1044 1978 1183 2031 legem
1204 1992 1331 2034 quam
1349 1978 1600 2019 sectabatur

134 2039 178 2076 et
202 2049 328 2090 quam
349 2035 526 2076 tenebat
544 2041 587 2077 et
607 2048 731 2091 quam
755 2033 966 2085 habebat,
997 2035 1039 2075 in
1065 2035 1174 2076 hanc
1201 2048 1286 2075 non
1309 2031 1599 2091 pervenerit.”

134 2089 326 2133 Videtur
349 2095 495 2133 tamen
517 2091 635 2146 Oriq.
656 2091 785 2145 leyem
801 2090 977 2146 spiritus
1001 2104 1085 2132 non
1104 2091 1340 2133 doctrinam
1358 2089 1503 2132 christ.
1524 2100 1599 2129 ex-

132 2147 368 2204 plicuisse,
398 2147 474 2189 sed
494 2149 624 2203 leyem
654 2160 770 2190 mos,
801 2147 845 2189 h.
865 2161 925 2190 S.:
956 2160 1040 2188 non
1059 2150 1350 2203 pervenerunt
1368 2143 1423 2186 ad
1442 2146 1599 2196 legem,

133 2218 260 2259 quam
272 2204 543 2257 div.spi1·iiecs
563 2203 706 2244 literis
728 2202 928 2243 mosaicis
944 2203 1317 2259 praescripsisset,
1347 2214 1430 2241 non
1450 2199 1601 2256 adepti

133 2266 237 2302 sunt
264 2256 397 2310 νόμον
424 2257 747 2314 (δικαιοσύνης)
786 2260 1186 2310 πνευματικόν.
1245 2257 1313 2300 Cf.
1342 2256 1459 2312 0²49.
1479 2255 1534 2297 ad
1557 2269 1599 2300 v·

129 2316 224 2360 32.:
263 2314 407 2370 „Quia
443 2330 547 2369 ergo
590 2315 720 2370 leyem
751 2314 1027 2357 sectabuntur
1053 2328 1134 2355 mm
1169 2312 1395 2355 secundum
1434 2325 1599 2366 opera

122 2370 401 2426 justitiae
432 2371 558 2424 Dei,
597 2369 672 2411 sed
702 2368 938 2411 secundum
973 2385 1103 2426 opera
1138 2384 1242 2412 suae
1264 2368 1493 2426 justitiae,
1528 2366 1598 2409 id-

127 2428 241 2468 circo
273 2426 545 2469 offenderunt
578 2427 687 2470 etc.'’
758 2426 866 2467 item
902 2426 1189 2468 Abrosiaster
1218 2439 1257 2468 v,
1277 2422 1341 2473 εἷς
1363 2420 1496 2477 νόμον
1516 2419 1598 2466 οὐκ

129 2478 306 2538 ἔφθασε
335 2484 398 2524 sic
431 2482 673 2525 enarravit:
714 2481 794 2539 qui
833 2496 955 2525 mos.
987 2497 1065 2523 mm
1093 2479 1420 2540 satisfecerunt,
1466 2493 1598 2536 quum

127 2539 167 2580 is
195 2539 489 2580 tantummodo
519 2553 610 2581 eam
645 2538 785 2591 legem
817 2551 917 2578 vere
951 2539 1177 2590 observet,
1215 2535 1400 2592 quieam
1420 2533 1597 2577 deserat

130 2600 174 2636 et
194 2594 369 2637 Christo
393 2595 517 2635 fidem
548 2594 728 2646 habeat,
761 2595 826 2643 10,
847 2595 908 2636 4..
969 2593 1070 2636 Non
1104 2607 1201 2635 esse
1223 2590 1413 2646 φθάνειν
1433 2590 1498 2641 εἷς
1517 2587 1598 2632 νό-

126 2666 209 2702 μον
240 2651 321 2704 10,ᾳί
348 2650 602 2704 satisfacere
634 2665 764 2706 supra
798 2649 1001 2691 diximus.
1075 2649 1162 2692 IV.
1190 2647 1280 2702 Qui
1316 2643 1596 2699 δικαιοσύνης

125 2707 306 2763 perierit
335 2705 378 2746 in
411 2711 583 2762 promtu
616 2712 699 2748 est.
758 2704 870 2747 Nam
902 2719 1030 2759 quum
1055 2705 1254 2748 nonnulli
1282 2705 1366 2757 [17.
1387 2704 1475 2758 61.]
1494 2715 1597 2744 voce

125 2763 435 2816 δικαιοσύνης,
467 2776 576 2817 quau!
599 2768 697 2816 post
722 2761 891 2802 διώκων
910 2760 1042 2811 νόμον
1062 2761 1204 2818 posita
1230 2766 1325 2811 est,
1355 2773 1449 2801 eum
1470 2772 1596 2801 voea-

123 2817 225 2861 bulo
248 2817 546 2872 δικαιοσύνης,
581 2816 694 2873 quod
718 2823 817 2875 post
840 2814 903 2866 εἷς
921 2817 1052 2871 νόμον
1072 2817 1252 2872 legitur,
1281 2814 1459 2859 confusa
1479 2827 1601 2869 voce,
