1715 3115
544 175 1173 223 CAP.V111.vs.11..
1519 177 1610 224 129¹

114 285 314 330 ἐνοικοῦν
337 281 475 326 auitos?
505 285 678 337 πνεΓμα
700 283 1115 326 Macedoni-‘morum
1145 284 1461 326 correctionem
1494 300 1594 326 esse

114 343 323 400 opinatur
351 342 449 396 (ll).
510 341 661 385 Reich.
693 349 736 383 et
758 341 965 394 thwernx
996 341 1248 383 (ienitivum
1277 342 1592 384 catholicorum

113 399 268 442 fraude
306 402 456 455 (quam
499 399 554 440 iis
588 398 871 440 Macedonius
910 398 1024 454 apud
1058 398 1292 439 Maximum
1337 399 1595 456 exprobret:

112 455 308 510 Meyer.)
328 457 543 497 invectum
566 470 667 495 esse
688 456 1008 510 lectionemque
1037 460 1203 496 temere
1231 456 1374 496 lictam
1402 456 1594 498 doctori-

112 513 222 564 bus,
262 513 337 569 qui
371 519 472 555 ante
503 512 746 565 vixissent,
784 518 832 553 ut
863 512 1079 554 Clementi
1111 513 1216 564 AL,
1265 512 1420 569 cupide
1450 514 1505 555 ah
1538 515 1594 555 iis

113 570 332 612 subditam
356 585 454 611 esse
488 570 735 626 perhibent.
797 571 862 611 At
895 569 1133 610 catholicos
1156 569 1407 610 (ienitivum
1438 571 1479 612 in
1504 572 1594 614 Ac-

113 627 301 669 cusativi
334 628 475 668 locum
507 626 815 668 fraudulenter
845 625 1135 667 substituisse
1163 626 1447 668 Macedonins
1477 628 1594 685 apud

113 683 352 726 Maximum
377 699 459 725 non
483 683 733 734 contendit3
766 682 876 724 illud
899 683 1113 735 aslirmat,
1147 683 1292 740 inepte
1313 684 1417 724 illos
1438 700 1460 725 e
1485 700 1593 740 pau-

113 741 179 782 cis
212 740 323 784 cdd.
363 741 663 794 argumentari
706 740 849 796 iisque
881 740 1103 795 corruptis
1136 755 1218 780 non
1248 740 1593 783 orthodoxorum

114 797 310 850 malitia,
339 797 414 839 sed
435 798 719 839 librariorum
742 797 911 838 incuria
942 801 983 838 ct
1015 796 1295 839 festinatione
1330 796 1455 851 (παρ’
1480 796 1593 852 ὑμῖν,

114 869 199 896 uon
219 850 325 910 παρ’
349 850 468 908 ὑμῶν
496 854 634 905 dixit3
673 869 714 897 v.
746 856 918 910 supra).
987 853 1203 906 Accedit,
1244 854 1359 910 quod
1389 855 1596 896 catholici

114 910 360 967 improbum
388 912 558 953 facinus
580 910 742 953 audere
767 913 834 951 vix
858 915 1111 966 potuerunt,
1143 911 1246 966 quin
1272 925 1437 966 poenas
1459 927 1595 968 pneu-

117 968 400 1009 matomachis
430 968 597 1009 dandas
627 969 1008 1025 pertimescerent.
1073 967 1125 1008 Et
1150 973 1196 1009 ut
1217 982 1238 1007 a
1262 968 1415 1009 frande
1439 977 1481 1009 et
1502 984 1596 1009 sce-

114 1026 208 1066 lere
251 1039 333 1066 non
374 1025 711 1077 abhorruerint,
757 1034 900 1065 tamen
929 1039 980 1065 ne
1010 1025 1156 1065 scelus
1190 1025 1367 1080 quidem
1399 1026 1494 1066 sine
1526 1040 1596 1066 ra-

112 1082 231 1123 tione
253 1082 464 1123 committi
488 1083 616 1134 solet,
648 1096 787 1138 neque
809 1083 936 1122 facile
961 1081 1177 1137 reperiaS,
1209 1081 1399 1137 quicum
1425 1084 1596 1124 scelere

115 1153 207 1180 rem
233 1140 461 1192 obtinere,
501 1155 627 1196 quam
663 1141 844 1181 honeste
876 1140 1041 1195 optatis
1074 1138 1209 1194 potiri
1239 1139 1381 1181 malit.
1449 1140 1597 1196 Atqui

116 1197 251 1248 locis,
293 1197 368 1252 qui
392 1196 583 1237 divinam
610 1197 798 1253 spiritus
829 1211 865 1239 s.
899 1204 1100 1236 naturam
1132 1195 1395 1251 probarent,
1434 1211 1480 1238 se
1512 1200 1598 1238 cir-

115 1253 374 1305 cumfluere,
406 1254 479 1308 qui
500 1254 706 1310 spiritum
729 1269 766 1296 s·
791 1259 835 1294 et
862 1253 1005 1310 ipsum
1039 1251 1276 1303 ζωοποιεῖν
1296 1252 1518 1305 doc-erent,
1549 1268 1597 1295 se

117 1325 199 1352 non
231 1325 382 1351 carere
412 1311 481 1352 illi
513 1311 824 1351 existimarunt
853 1313 915 1364 (v,
946 1310 1119 1366 supra).
1197 1308 1355 1365 ltaque
1387 1311 1499 1352 male
1528 1310 1599 1352 illi

117 1365 293 1423 quidem
316 1372 534 1409 vetustum
558 1365 758 1408 mendum
792 1367 833 1407 in
867 1381 958 1408 rem
991 1380 1113 1408 suam
1147 1371 1484 1419 converterunt,
1521 1366 1599 1409 sed

117 1426 229 1465 hunc
251 1425 281 1468 l.
306 1429 352 1466 ut
374 1440 478 1467 suae
500 1425 694 1482 opinioni
726 1430 988 1476 congrueret
1018 1437 1101 1464 non
1135 1423 1356 1465 malitiose
1386 1439 1600 1481 corrupe-

116 1489 234 1523 runt.
301 1482 377 1524 Ad
412 1481 461 1525 P.
490 1481 913 1535 argumentationem
944 1485 1168 1529 revertor,
1207 1494 1320 1535 quae
1352 1480 1422 1522 his
1450 1481 1600 1523 trihus

117 1538 349 1580 sententiis
371 1539 481 1580 fulta
511 1547 603 1582 est:
644 1537 683 1581 l.
717 1544 823 1594 quot
856 1537 1105 1578 hominibus
1132 1536 1222 1578 Dei
1255 1537 1442 1595 spiritus
1475 1539 1600 1591 insit,

116 1601 184 1637 tot
204 1597 423 1637 hominnm
454 1596 715 1654 corporibus
752 1596 892 1636 Deum
922 1595 1056 1636 vitam
1089 1592 1274 1634 reddere
1306 1595 1492 1636 mortuis
1520 1595 1599 1650 (cf.

117 1652 271 1694 ultima
296 1667 361 1696 vs-
381 1668 418 1695 ν.
443 1652 516 1694 διὰ
538 1651 588 1695 τὸ
611 1651 810 1694 ἐνοικοῦν
830 1650 967 1693 mices}
989 1648 1164 1706 πνξὶἷμα
1186 1648 1230 1692 ἓν
1250 1644 1353 1703 ὖμῖν
1378 1666 1474 1693 cum
1505 1652 1600 1709 pri-

119 1709 202 1750 mis
224 1709 264 1752 εἰ
297 1711 345 1752 δὲ
367 1735 425 1741 —
445 1708 494 1751 τὸ
526 1711 698 1762 πνεῖ-μα
717 1733 771 1739 ——-
795 1706 909 1750 οἰκεῖ
940 1705 986 1749 ὲν
1016 1703 1162 1759 Γὗμῖν).·
1199 1705 1267 1751 ΙΙ.
1291 1707 1461 1751 Christi
1491 1723 1599 1765 quo-

118 1779 202 1821 que
224 1780 383 1822 corpus
405 1781 487 1808 non
509 1767 641 1807 aliam
663 1766 717 1807 ob
739 1780 913 1806 causam
939 1779 961 1805 a
990 1765 1086 1806 Deo
1109 1764 1153 1805 in
1184 1765 1318 1806 vitam
1348 1773 1598 1808 revocatum

118 1836 243 1874 esse,
292 1837 420 1878 quam
453 1824 568 1879 qnod
602 1824 644 1863 in
676 1823 754 1865 illo
786 1823 871 1864 Dei
900 1822 1090 1879 spiritus
1119 1820 1367 1864 habitasset
1392 1824 1453 1877 (v.
1483 1837 1525 1866 ν.
1555 1824 1600 1866 9.

118 1879 175 1922 cl.
194 1878 237 1922 8.
261 1880 285 1920 l
309 1879 430 1922 Pctr.
448 1880 617 1932 3‚18.):
648 1878 741 1922 ΙΙΙ.
764 1879 908 1921 Deum
931 1879 1017 1920 sibi
1037 1891 1223 1934 prorsus
1252 1884 1456 1920 constare
1484 1880 1602 1933 (ani-

121 1956 235 1983 mum
256 1942 435 1985 adverte
457 1941 509 1982 ad
530 1941 715 1995 logicam
740 1941 980 1994 rationem,
1015 1940 1101 1998 qua
1125 1941 1220 1985 vast
1237 1967 1288 1973 —-
1310 1937 1421 1983 οἰκεῖ
1432 1938 1476 1982 ἐν
1491 1935 1601 1994 ὑμῖν,

64 2047 69 2057 1
121 2008 146 2055 ὦ
172 2008 359 2074 ἐγείρας
378 2008 466 2055 τὸν
485 2006 707 2066 ,Χριστὸν
730 2010 777 2052 ἐκ
795 2012 957 2064 νεκρῶν
979 2005 1264 2067 ζωοποιήσει
1286 2005 1369 2053 καὶ
1391 2023 1428 2050 τ.
1458 2009 1530 2050 θν.
1561 2022 1599 2050 o.

119 2068 158 2116 ὗ.
181 2074 268 2116 sibi
293 2073 595 2131 respondent).
655 2071 920 2130 Hujusmodi
943 2071 1081 2125 igitur
1102 2076 1169 2113 est
1194 2070 1244 2114 Ρ.
1276 2071 1526 2114 conclusio:
1565 2071 1604 2112 si

122 2135 266 2172 antem
290 2131 469 2185 spiritus
492 2130 588 2187 ejus
611 2129 719 2177 1105,
752 2128 825 2184 qui
847 2127 998 2172 Jesum
1020 2144 1041 2169 a
1077 2129 1262 2170 mortuis
1292 2127 1520 2179 excitavit,
1557 2127 1602 2169 in

122 2187 234 2229 vobis
245 2188 410 2230 habitat
425 2188 491 2241 (in
518 2187 647 2227 vitam
670 2186 780 2227 enim
798 2186 919 2226 Deus
942 2186 1140 2227 restituit
1160 2183 1499 2242 quicumflwcjus
1511 2184 1601 2240 spi-

122 2245 210 2285 ritu
234 2243 488 2297 ducuntur),
520 2244 833 2299 quiChristum
853 2242 962 2297 (div.
987 2243 1146 2299 spiritu
1170 2241 1434 2299 praeditum)
1456 2241 1510 2281 ab
1536 2242 1600 2282 in-

123 2300 230 2344 seris
242 2301 463 2352 excitavit,
485 2307 629 2342 vestra
654 2299 969 2355 quoqne(nihil
989 2299 1102 2340 enim
1119 2299 1215 2340 Deo
1227 2298 1500 2340 constantius
1512 2300 1602 2352 est)

122 2372 305 2413 corpora
330 2358 532 2399 mortalia
556 2359 597 2399 iu
619 2357 747 2399 vitam
770 2356 972 2406 reducet,
1003 2356 1101 2411 quia
1122 2356 1290 2397 habitat
1313 2355 1353 2395 in
1376 2354 1488 2396 robis
1505 2353 1602 2410 ejus

121 2415 315 2469 ερὶνῖίυε.
384 2413 512 2456 Pauli
543 2413 965 2467 argumentationem
998 2413 1132 2454 iinon
1158 2413 1493 2462 intellexerunt,
1526 2411 1602 2467 qui

123 2471 302 2514 Christo
324 2471 363 2512 in
387 2472 518 2513 vitam
542 2471 755 2513 divinitus
779 2471 988 2510 restituto
1010 2469 1208 2510 homines
1233 2468 1386 2511 christ.
1407 2473 1451 2509 et
1479 2469 1601 2525 ipsos

68 2527 72 2530 ’
122 2528 256 2570 vitam
284 2535 538 2584 recepturos
566 2543 662 2569 esse
684 2527 949 2584 Apostolum
980 2541 1029 2566 ex·
1058 2541 1107 2568 eo
1137 2526 1370 2579 collegisse
1403 2531 1602 2566 autuma-

123 2592 250 2637 runt,
301 2585 413 2642 quod
455 2585 632 2626 virtutis
668 2585 755 2627 div.
797 2584 1014 2639 specimen
1055 2584 1097 2624 in
1131 2582 1311 2626 Christo
1354 2581 1517 2622 editum
1547 2582 1601 2622 ad

125 2641 295 2684 Christi
325 2642 569 2697 discipulos
598 2642 888 2698 pertinuisset
919 2640 1141 2693 (Calvina).
1217 2638 1330 2681 Nam
1366 2640 1443 2681 hoe
1475 2645 1600 2694 paeto

125 2699 450 2753 argumentatio
479 2699 542 2738 sie
574 2697 799 2739 formanda
832 2698 1011 2738 suisset:
1054 2693 1100 2737 ei
1132 2695 1188 2737 δὲ
1215 2696 1313 2737 τοῦ
1348 2697 1601 2749 Χρισίυῦ

126 2754 249 2796 ἐστε
279 2749 302 2795 ἶ)
334 2754 507 2810 ἐγείρας
535 2753 610 2795 τὸν
638 2753 837 2810 Χρισιὸν
865 2752 911 2794 ἐκ
940 2753 1102 2807 νεκρῶν
1134 2749 1405 2808 ζωοποιήσει
1442 2752 1514 2792 καὶ
1546 2745 1601 2791 ‘cd

123 2810 270 2866 θνητὰ
290 2807 473 2863 σώματα
495 2807 612 2861 ὑμῶν
634 2808 658 2852 ὅ
674 2827 721 2852 τι
755 2827 815 2852 το
830 2811 851 2851 Γ)
878 2812 958 2866 Χρ
974 2826 985 2851 ι
1003 2823 1098 2850 ovo
1115 2808 1136 2850 ῦ
1165 2805 1223 2852 ἐσ
1238 2824 1303 2850 τε.
1374 2808 1599 2851 Christum

126 2866 225 2910 ideo
254 2867 310 2908 ab
332 2867 489 2910 inferis
511 2867 745 2909 excitatum
767 2881 888 2917 esse,
922 2865 1036 2922 quod
1059 2865 1147 2908 div.
1170 2866 1357 2924 spiritus
1378 2865 1420 2907 in
1444 2879 1495 2906 co
1526 2865 1598 2905 ha-

169 2935 357 2970 Friezsche
374 2933 439 2981 Ep.
463 2935 503 2969 ad
524 2935 630 2970 Rom.
651 2936 690 2970 P.
717 2936 758 2970 ll.
1102 2921 1148 2964 ”1
