1715 3115
446 177 605 225 CAP.
636 177 806 224 VIII.
839 179 931 226 Vs.
959 180 1040 226 22.
1069 178 1168 226 23..
1454 178 1540 221 169

78 287 271 331 dolorem
297 285 506 330 indicant.
568 286 698 330 Hom.
719 284 805 328 Od.
824 287 867 329 9.
889 301 929 330 v.
949 286 1051 331 415.
1074 281 1280 337 Κύκλωψ
1307 283 1356 325 δὲ
1382 281 1541 324 στενά*

78 360 165 398 χων
182 359 229 385 τε
243 345 316 386 καί
331 342 495 385 cadivam
514 338 731 411 ὀδύνῃσιν,
745 368 866 376 ———-
880 339 970 384 ἀπὸ
990 345 1069 395 μὲν
1088 340 1218 384 λίθον
1238 334 1327 382 εἷλε
1346 336 1541 393 θυράων.

79 400 187 445 Eur.
210 400 394 456 Hippol.
417 400 566 443 v.258.
598 415 648 441 το
674 397 708 440 δ’
733 394 843 455 ὑπὲρ
865 401 1028 442 δισσῶν
1042 398 1146 452 μίαν
1167 393 1387 440 ὠδίνειν
1414 398 1419 450 Ι
1448 403 1543 450 ψυ-

77 456 157 512 χὰν
175 458 367 509 χαλεπὸν
393 455 557 510 βάρος,
590 453 648 505 ὠς
670 451 785 509 κάγώ
816 462 820 509 Ι
847 455 969 510 ἰ·ἤςδ’
992 455 1242 510 ὑπεραλγῶ.
1302 453 1394 496 Cic.
1418 452 1544 497 Lael.

79 513 150 564 13,
170 514 242 557 45.
273 538 326 545 —
372 515 454 569 qua
481 514 757 567 (securitate)
777 513 864 554 srui
887 527 970 554 uon
997 513 1136 570 possit
1157 511 1344 559 animus,
1373 509 1411 549 si
1432 516 1544 550 tam-

81 585 210 627 quam
236 571 457 624 parturiat
489 584 600 610 unus
629 584 706 626 pro
734 569 952 626 pluribus.
1002 571 1109 612 Eur.
1132 567 1235 610 Hel.
1265 581 1305 610 v.
1328 565 1427 610 726.
1461 581 1544 606 κα-

81 625 159 675 κὸς
177 625 257 680 γὰρ
281 626 403 676 ὅστις
427 626 485 681 μὴ
509 623 696 678 σέβειτοῖ
709 626 937 667 δεσποτῶν
964 629 967 678 5
994 628 1065 668 καὶ
1077 623 1314 680 ξυγγέγηθε
1327 624 1400 664 καὶ
1423 621 1481 672 §v
1493 639 1543 662 ν-

81 682 278 725 ωδίνει.
311 686 472 732 κακοῖς.
530 683 786 737 (Proprium
814 683 898 723 viui
932 681 1182 724 συνωδίνειν
1210 680 1341 722 habet
1367 680 1410 720 in
1435 677 1544 720 Por-

81 739 240 798 phyrio
273 740 325 781 de
356 740 620 781 abstinentia
651 738 701 791 3,
732 741 773 792 §.
799 742 866 782 10.
907 739 976 782 ed.
1007 739 1186 792 mmor.)
1222 737 1380 792 ltaque
1410 735 1546 777 colla-

81 797 216 838 tionis
249 798 361 839 ratio
392 797 434 837 in
467 798 534 838 his
564 811 602 841 v,
632 796 774 852 posita
805 803 873 838 est
902 797 943 837 in
974 797 1186 846 dolorum,
1215 795 1374 850 quibus
1394 797 1546 850 partu-

81 854 248 895 rientes
270 855 602 906 excruciantur,
630 853 894 895 vehementia
911 886 923 904 ,
952 867 1034 894 uon
1056 853 1097 893 in
1116 852 1218 893 aliis
1242 850 1396 902 rebus,
1435 863 1546 908 quas

83 917 248 952 temere
291 911 507 952 finxerunt
542 911 822 968 interpretes.
899 908 1135 952 Praeterea
1169 910 1210 949 in
1247 913 1420 965 promtu
1452 910 1549 958 est,

83 981 168 1009 non
193 968 322 1008 aliam
345 968 399 1007 oh
423 982 510 1008 rem
535 966 719 1009 Paulum
742 982 781 1011 v.
801 967 874 1008 καὶ
894 963 1120 1009 συνωδίνει
1143 963 1385 1016 addidisse,
1418 976 1547 1019 quam

83 1025 200 1081 quod
231 1025 271 1065 ei
303 1027 477 1066 verbum
512 1021 766 1076 συστενάζει
800 1038 881 1065 non
922 1023 1032 1065 satis
1064 1037 1196 1077 grave
1234 1022 1374 1064 visum
1415 1026 1549 1072 esset,

82 1082 199 1138 quod
222 1083 518 1138 praesentium
542 1081 775 1133 malorum,
805 1080 859 1122 ad
881 1095 1008 1138 quam
1032 1078 1217 1121 mundus
1239 1078 1447 1134 delapsus
1477 1091 1548 1118 es-

83 1147 177 1190 set,
224 1139 540 1195 impatientiam
580 1137 829 1180 enuntiaret
865 1142 928 1192 (v,
957 1137 1088 1179 Hom.
1122 1135 1208 1179 Od.
1237 1137 1287 1188 9,
1337 1150 1377 1179 v·
1407 1134 1548 1186 415.)-

82 1194 200 1237 Hinc
225 1197 353 1236 etiam
382 1194 563 1236 Paulum
578 1195 708 1237 verbo
730 1194 961 1236 συνωδίνει
990 1195 1044 1235 ad
1076 1206 1227 1237 nvem-:7
1255 1193 1358 1236 *²2:2³3
1379 1194 1549 1245 (innot-

84 1252 139 1294 ad
170 1252 325 1296 Matth.
353 1253 426 1303 24,
451 1254 511 1299 8.)
542 1252 751 1293 allusisse
783 1252 892 1292 male
921 1250 1077 1293 credas
1109 1249 1314 1304 (Restm).
1396 1247 1549 1305 Neque

83 1311 197 1351 enim
222 1324 351 1377 quum
375 1310 551 1351 verbum
578 1305 829 1360 συστενάζει
849 1314 1053 1365 poneret,
1085 1306 1200 1364 quod
1224 1305 1393 1364 adjecto
1416 1305 1550 1346 verbo

85 1367 314 1409 συνωδινει
345 1366 652 1420 exaggeravit,
690 1363 940 1418 στεναγμῶν
967 1365 1112 1407 nescio
1144 1378 1327 1421 quorum
1356 1362 1551 1419 proxime

85 1431 186 1465 ante
206 1423 397 1465 Messiae
419 1424 648 1465 adventum
668 1421 934 1463 edendorum
957 1424 1170 1464 wionem
1192 1420 1362 1463 habuit.
1411 1421 1553 1462 Acce-

84 1479 152 1522 dit
173 1481 286 1537 quod
309 1478 352 1522 αἱ
376 1478 527 1530 ὠδῖνες
547 1480 624 1533 τῆς
644 1476 825 1528 κτίσεως
845 1484 889 1521 et
907 1475 953 1520 αἱ
974 1476 1123 1528 ὠδῖνες
1142 1479 1222 1519 τοῦ
1237 1477 1438 1533 Χριστοῦ
1458 1481 1552 1517 toto

85 1540 207 1579 caelo
237 1537 461 1580 differunt.
530 1537 632 1579 lllis
667 1549 850 1588 magnus
888 1550 1060 1578 maeror
1089 1534 1334 1585 indicatur,
1380 1533 1423 1574 in
1465 1547 1552 1589 quo

85 1594 273 1636 mundus
303 1610 440 1654 usque
470 1593 524 1634 ab
548 1592 712 1636 Adami
740 1593 1013 1650 temporibus
1043 1606 1148 1634 suae
1177 1591 1437 1645 fragilitatis
1461 1599 1553 1631 tae-

85 1650 158 1693 dio
176 1652 349 1710 jaceat3
388 1652 456 1694 his
476 1651 693 1692 atrociora
723 1663 851 1705 quam
879 1649 1155 1691 diuturniora
1186 1649 1298 1690 mala
1324 1647 1553 1688 declaran-

85 1714 182 1760 tur,
213 1722 322 1764 quae
343 1708 561 1750 exantlata
581 1714 788 1763 tanquam
811 1707 854 1748 in
875 1707 1013 1748 lucem
1032 1705 1203 1748 editura
1224 1703 1552 1748 siutMessiam.

87 1756 189 1819 ἷὶχρι
210 1767 288 1806 τοῦ
309 1766 396 1818 νῦν]
422 1780 547 1821 usque
565 1765 620 1806 ad
639 1764 713 1805 hoc
728 1769 909 1818 tempus,
926 1769 971 1806 ut
989 1764 1156 1805 nullum
1179 1769 1278 1820 post
1291 1761 1552 1817 pestiferum

88 1820 256 1864 Adami
285 1821 452 1862 facinus
481 1826 547 1862 tot
580 1820 742 1862 seculis
770 1821 918 1862 luctus
949 1826 993 1862 et
1020 1820 1233 1861 maeroris
1265 1819 1392 1860 linem
1431 1831 1554 1859 muu-

89 1875 172 1918 dus
201 1877 417 1918 invenerit
443 1878 504 1929 (v-
525 1877 687 1920 Genes.
718 1876 760 1928 3,
782 1878 850 1919 17.
878 1878 934 1920 cl.
956 1876 1084 1920 Rom.
1105 1877 1147 1928 8,
1169 1876 1277 1928 20.).
1344 1873 1552 1915 Ridicule

88 1932 234 1987 Kopp.
273 1939 509 1988 praeeunte
543 1933 764 1975 Noesselto
802 1935 934 1975 vertit
972 1933 1047 1975 hoc
1081 1938 1284 1986 tempore.
1361 1929 1551 1972 Temere

89 1990 222 2031 etiam
245 1989 427 2044 Benyelz
467 1984 624 2041 ,λέχθη
645 1989 814 2040 innuit,
839 1989 968 2045 finem
988 1988 1082 2046 fore
1101 1987 1198 2044 ejus
1213 1988 1394 2045 yemitus
1420 1992 1460 2030 et
1481 1988 1553 2030 do-

87 2046 279 2091 lorcam!
344 2045 455 2086 Vide
480 2046 518 2095 l,
547 2047 632 2086 308
654 2059 770 2100 sqq..

204 2103 263 2147 V.
285 2104 356 2146 23.
397 2102 577 2143 Minime
605 2099 656 2143 P.
691 2101 842 2143 nnmdo
870 2101 1187 2155 recuperandae
1208 2100 1552 2143 immortalitatis

88 2173 203 2214 spem
235 2160 403 2216 factam
433 2174 522 2200 esse
551 2173 613 2201 vs·
642 2159 711 2201 23.
745 2158 822 2199 hoc
852 2172 961 2199 novo
991 2163 1247 2212 argumento
1280 2158 1552 2209 corroborat,

89 2217 204 2273 quod
235 2217 431 2258 homines
462 2215 616 2258 christ.
642 2229 724 2255 non
757 2215 898 2256 minus
929 2214 1239 2268 ingemiscant,
1278 2229 1405 2270 quiam
1429 2228 1553 2255 mun-

88 2275 188 2318 dus.
227 2272 402 2330 Quippe
425 2287 508 2314 non
531 2287 628 2313 esse
649 2272 842 2313 homines
862 2271 1015 2314 christ.
1036 2272 1224 2325 gemitus
1243 2271 1441 2313 edituros
1464 2269 1552 2312 nisi

88 2329 167 2372 illa
190 2331 337 2373 mundi
360 2344 460 2386 spes
489 2331 600 2371 sacta
632 2335 751 2370 esset
779 2327 1042 2381 (Illejserus).
1100 2328 1336 2370 Gemerent
1361 2341 1462 2368 vero
1482 2327 1551 2370 illi

88 2386 352 2430 immortalis
372 2386 570 2443 corporis
590 2385 810 2428 desiderio
825 2385 928 2426 moti
943 2385 1228 2440 mortalisque
1245 2384 1444 2442 corporis
1462 2388 1551 2426 tae«

90 2443 163 2486 dio
187 2445 331 2486 afl'ecti
352 2444 525 2485 etiamsi
546 2457 630 2484 non
660 2443 738 2484 illa
765 2441 923 2483 mundo
946 2455 1048 2498 spes
1069 2441 1170 2483 data
1193 2448 1314 2484 esset
1339 2442 1367 2483 2
1386 2440 1488 2484 Cor.
1509 2439 1552 2494 5,

68 2520 72 2524 ·
91 2501 253 2545 1—4..
311 2500 368 2542 Et
392 2501 532 2542 niinus
551 2506 668 2541 recte
688 2498 892 2552 ,Meyerus
913 2499 1147 2550 rationem,
1180 2512 1289 2554 quae
1311 2498 1458 2540 versui
1477 2498 1551 2543 22.

91 2570 186 2600 cum
212 2572 250 2600 v.
269 2557 340 2600 20.
361 2558 434 2600 21.
454 2556 711 2608 intercedit,
738 2554 974 2611 expedivit.
1018 2554 1118 2598 Non
1140 2555 1266 2597 fulcit
1286 2570 1326 2599 v.
1338 2556 1409 2598 23.
1425 2569 1552 2612 prae-

91 2612 313 2656 cedentem
343 2614 684 2671 disputationem
714 2627 755 2656 v.
779 2612 1004 2664 18—22.‚
1048 2611 1124 2654 sed
1157 2612 1343 2654 invitatu
1377 2626 1552 2664 eorum,

93 2684 202 2725 quae
231 2671 284 2712 de
317 2670 466 2713 mundi
498 2670 641 2713 taedio
672 2669 788 2711 dicta
815 2675 918 2711 sunt
945 2669 1100 2722 v.22.,
1132 2670 1228 2726 pios
1251 2668 1554 2720 Christianos,

93 2741 202 2782 quos
222 2728 309 2771 div.
331 2728 517 2783 spiritus
539 2727 764 2768 beneficiis
783 2727 1026 2767 cumulatos
1058 2726 1257 2768 fortunae
1280 2740 1384 2767 suae
1416 2725 1552 2766 multo

91 2784 234 2825 miuus
257 2785 432 2825 taedere
464 2784 716 2835 existimes,
754 2784 856 2824 item
887 2783 1194 2837 ingemiscere,
1227 2797 1358 2841 quum
1377 2782 1554 2823 immor-

94 2840 200 2882 talis
220 2841 417 2900 corporis
436 2840 657 2884 desiderio
680 2845 925 2894 teneantur,
944 2840 1040 2901 Ap.
1062 2845 1231 2894 monet,
1263 2853 1347 2897 quo
1369 2840 1483 2884 iacto
1504 2852 1554 2882 ea
