1715 3115
185 191 271 237 388
472 189 840 236 EPISTOLA
872 190 974 234 AD
1003 189 1364 237 ROMANOS

189 294 354 351 gitore:
383 290 504 335 nomo
519 293 564 335 in
584 293 740 336 coelum
762 292 1000 346 ascendet„
1014 307 1160 349 nempe
1178 299 1224 339 ut
1246 295 1461 339 Christum
1480 293 1523 338 in
1543 297 1640 338 ter-

186 366 280 394 ram
302 350 504 403 deducat,
541 353 617 390 aut
644 349 690 391 in
715 363 859 392 orcum
889 350 1133 404 descendet,
1170 351 1330 394 scilieet
1352 356 1400 394 ut
1426 349 1642 395 Christum

189 421 247 450 em
267 405 418 461 inferis
437 405 493 447 nd
509 418 679 460 superos
697 407 825 448 ducat
855 407 896 449 b.
929 420 970 449 c.
1002 420 1121 449 nemo
1149 407 1329 449 salutem
1355 406 1532 463 parabit
1557 405 1640 464 fa·-

187 463 332 505 ciendo
353 465 395 503 et
413 460 638 512 moliendo,
669 461 746 504 sed
766 461 880 518 quod
898 463 1082 504 salutem
1103 462 1254 517 gignat
1284 469 1559 520 praeceptum
1593 462 1642 509 in

186 523 359 574 promtu
381 517 506 560 nobis
526 530 648 569 esse,
678 517 709 562 i.
733 532 772 563 e.
795 519 837 559 in
856 533 932 560 ore
955 524 1103 562 nostro
1131 523 1175 560 et
1200 519 1344 562 animo
1373 533 1472 561 csse
1500 520 1645 561 monet

184 578 243 628 (v.
261 575 289 615 6
306 599 361 605 —
380 573 461 627 8.).
493 571 622 630 Quod
643 580 918 630 praeceptum
942 574 1087 617 Moses
1106 574 1218 616 haud
1239 575 1368 618 dubie
1387 574 1496 618 iilud
1517 588 1644 632 prae-

185 636 356 687 ceptum
381 629 515 681 dixit,
543 631 659 686 quod
678 629 730 673 de
745 631 831 685 fide
849 645 983 685 agens
1008 647 1031 672 a
1063 645 1154 684 me,
1194 629 1355 684 Paulo,
1393 631 1646 686 divulgatur

184 688 246 735 (v.
278 687 378 731 8—
397 687 502 738 10.).
573 685 697 742 Quae
735 701 865 743 quum
906 688 967 728 ita
1007 687 1097 730 sint
1123 686 1269 730 Moses
1298 701 1420 730 suam
1448 688 1588 742 legem
1617 699 1642 727 a

186 742 365 787 Christo
384 743 602 784 sublatum
624 743 706 792 iri,
741 748 789 785 ut
811 744 1057 800 quicunque
1081 742 1212 798 fidem
1240 743 1466 787 habuisset
1492 744 1644 786 insons

185 800 335 850 fieret,
365 799 627 842 vaticinatus
645 803 712 841 est
731 803 791 854 (v.
810 802 890 855 4.).
950 799 1125 857 Quippe
1150 814 1233 842 non
1263 800 1402 842 solum
1433 813 1555 843 suam
1580 799 1645 841 le-

186 870 280 912 gem
299 855 504 913 facienti,
536 870 619 897 non
639 855 860 910 credenti,
891 857 1180 898 innocentiam
1208 861 1441 914 apportare
1467 867 1645 922 expres-

187 913 249 955 sis
272 913 416 954 verbis
441 911 554 953 dixit
576 926 758 968 eamque
785 912 1040 955 abolendam
1069 927 1191 966 esse,
1231 919 1279 954 ut
1308 911 1496 956 credenti
1519 924 1645 953 muo-

184 970 325 1011 centia
347 968 609 1023 obtingeret,
629 969 837 1010 indicavit
855 972 917 1024 (v.
936 969 1016 1023 5.)‚
1039 983 1186 1011 verum
1207 969 1337 1010 etiam
1355 966 1645 1010 innocentiam

185 1024 268 1067 fide
291 1025 529 1081 parabilem
553 1024 613 1066 ita
645 1026 892 1081 loquentem
924 1025 1116 1076 induxit,
1151 1030 1199 1067 ut
1217 1024 1440 1068 Christum
1471 1037 1495 1066 e
1522 1023 1645 1066 coelo

184 1080 478 1123 devocandum
500 1086 575 1122 aut
595 1094 647 1122 ex
674 1094 775 1123 orco
805 1081 1066 1123 evocandum
1099 1082 1142 1126 h.
1171 1095 1211 1125 e.
1241 1081 1424 1123 salutem
1449 1079 1646 1136 faciendo

186 1141 230 1179 et
250 1135 467 1178 moliendo
495 1136 733 1194 parandam
764 1151 862 1179 esse
892 1142 1094 1192 negaret,
1132 1136 1374 1180 doctrinam
1398 1135 1453 1179 de
1479 1135 1564 1178 fide
1591 1133 1646 1178 ab

186 1193 406 1248 Apostolis
427 1192 653 1250 aliquando
672 1194 926 1236 tradendam
945 1193 1264 1237 commendaret
1281 1196 1344 1248 (v.
1364 1194 1467 1237 6.—
1483 1192 1565 1249 8.).
1589 1214 1646 1223 --

186 1249 334 1291 Moses
362 1248 549 1293 Deuter.
578 1249 648 1302 30,
667 1251 734 1293 11.
754 1275 806 1281 —
830 1251 900 1294 14.
931 1251 1038 1292 baec
1068 1250 1202 1294 dixit:
1250 1250 1332 1292 hoc
1367 1253 1646 1306 praeceptum

187 1305 267 1360 (de
291 1304 512 1359 diligendo
536 1305 631 1348 Deo
653 1311 697 1348 et
716 1305 768 1348 de
786 1321 956 1360 amore,
997 1321 1082 1364 quo
1112 1321 1210 1350 eum
1236 1304 1540 1362 amplectaris,
1574 1316 1647 1345 ac-

184 1362 335 1405 curata
357 1362 600 1404 divinarum
621 1362 787 1417 legum,
825 1362 921 1422 ejus
940 1365 1144 1413 maxime,
1185 1376 1294 1419 quae
1321 1360 1501 1404 fictitios
1524 1359 1647 1403 Deos

185 1419 330 1461 colere
350 1423 491 1471 vetat,
523 1419 829 1462 observatione
850 1420 1074 1477 probando
1101 1434 1142 1464 v.
1172 1420 1241 1463 10.
1273 1419 1344 1463 16.
1375 1418 1490 1473 12),
1530 1414 1647 1474 quod

184 1476 268 1517 tibi
289 1474 417 1517 hodie
440 1474 620 1533 injungo
639 1511 648 1527 ‚
688 1489 771 1517 non
795 1477 911 1519 vires
937 1482 1037 1519 tuas
1062 1475 1232 1520 excedit
1261 1489 1314 1517 ne
1350 1488 1402 1517 ue
1429 1479 1643 1516 remotum

187 1532 490 1586 (abstrusum)
511 1537 594 1576 est.
650 1531 750 1574 Non
772 1534 905 1574 estin
936 1534 1082 1585 coelo,
1122 1538 1170 1574 ut
1196 1532 1318 1573 dicen
1356 1545 1424 1574 um
1453 1530 1535 1573 tibi
1562 1529 1646 1573 sit:

187 1589 337 1643 ecquis
357 1587 560 1630 ascendet
580 1588 635 1641 (i.
665 1604 703 1630 e.
734 1589 899 1630 utinam
930 1590 1092 1645 aliquis
1122 1588 1350 1630 ascendat!
1389 1588 1445 1630 cf.
1477 1585 1647 1639 11‚70.)

187 1644 315 1685 nobis
338 1645 381 1685 in
401 1645 565 1685 coelum
587 1649 630 1686 et
652 1643 762 1685 illud
782 1645 882 1686 inde
903 1651 1021 1701 petet
1040 1647 1109 1699 (et
1132 1644 1243 1686 iuud
1269 1644 1372 1686 inde
1401 1645 1567 1741 petalz),
1597 1647 1647 1684 ut

190 1715 320 1757 quum
361 1701 402 1741 iu
440 1714 569 1741 aures
607 1706 781 1742 nostras
818 1701 1095 1743 descenderit
1131 1695 1444 1743 observemus?
1536 1711 1647 1754 eque

188 1763 314 1798 trans
334 1770 450 1797 mare
470 1755 578 1797 illud
599 1761 876 1813 praeceptum
898 1762 988 1810 est,
1026 1764 1075 1799 ut
1102 1756 1246 1799 dicere
1277 1755 1460 1799 debeas:
1497 1754 1647 1811 ecquis

188 1814 450 1855 transmisso
490 1813 615 1854 nobis
653 1814 761 1854 mari
791 1813 834 1854 iu
867 1814 1054 1855 ulterius
1083 1813 1218 1856 maris
1245 1812 1353 1856 litus
1378 1827 1426 1854 se
1452 1810 1649 1853 conferet

188 1870 254 1921 (h.
277 1883 314 1912 e.
336 1869 500 1910 utin-‘im
533 1869 695 1925 aliquis
715 1893 771 1900 -—
796 1883 843 1911 se
870 1869 1107 1927 conferatl)
1144 1869 1328 1926 indeque
1358 1867 1403 1911 id
1430 1867 1556 1910 nobis
1583 1867 1648 1908 af·
1706 1887 1709 1891 ·

190 1928 304 1968 ieret
320 1925 538 1981 (afferat),
576 1933 623 1967 ut
647 1925 827 1967 auribus
846 1932 1096 1984 perceptum
1127 1926 1409 1968 facessamus.
1471 1922 1648 1980 Quippe

190 1982 315 2024 valde
337 1983 627 2039 propinquum
647 1982 728 2026 tibi
749 1988 817 2024 eet
837 1983 951 2039 quod
971 1983 1059 2024 dixi
1081 1990 1384 2040 praeceptum,
1413 1980 1455 2022 in
1476 1994 1551 2022 ore
1571 1986 1648 2021 tuo
1707 2008 1713 2017 .

190 2046 234 2081 et
251 2039 395 2080 animo
415 2046 489 2080 tuo
511 2043 577 2079 est
596 2038 660 2093 (b.
680 2053 717 2080 e.
737 2053 924 2095 usurpas
955 2044 1231 2097 praeceptum
1260 2050 1458 2081 sermone
1488 2041 1532 2077 et
1560 2049 1649 2077 me-

194 2096 329 2136 moria
351 2098 518 2149 tenes),
549 2094 622 2150 qui
648 2095 690 2136 id
713 2096 908 2138 facturus
937 2098 1018 2139 sis.
1075 2095 1254 2150 (LXX,
1287 2107 1470 2151 quorum
1502 2097 1649 2133 trans·

193 2151 358 2193 latione
387 2150 435 2193 P.
459 2165 563 2192 usus
586 2156 674 2202 est,
707 2152 818 2192 huuc
840 2154 870 2195 Ι.
890 2152 953 2193 sic
972 2157 1304 2194 converterunt:
1334 2146 1405 2192 ὅτι
1436 2144 1463 2204 ἡ
1492 2145 1644 2203 ἐντολὴ

194 2205 329 2262 αὕτη,
370 2201 419 2261 ’ἣν
440 2205 520 2261 ἐγώ
551 2206 810 2259 ἐντέλλημαί
839 2223 911 2250 σοι
932 2208 1145 2263 σήμερον,
1180 2205 1255 2259 οὔχ
1273 2201 1514 2259 ὖπέρογκός
1532 2202 1649 2246 ἐστιν

196 2261 298 2305 οὐδὲ
323 2262 495 2315 μακρὰν
521 2260 610 2304 ἀπὸ
644 2265 725 2305 σοῦ
755 2263 886 2305 ἐστιν.
952 2262 1041 2306 Οὐκ
1065 2264 1108 2305 ἐν
1129 2264 1191 2319 τιιῦ
1223 2260 1392 2317 οὐρανῷ
1421 2253 1509 2302 iimo
1538 2255 1646 2307 ἐστι’,

195 2319 354 2373 λέγων·
394 2318 462 2367 τίς
497 2316 763 2373 ἀναβήσεται
804 2315 903 2374 ἡμῖν
940 2319 1005 2368 εἰς
1039 2318 1114 2362 τὸν
1144 2315 1327 2374 οὐρανὸν
1352 2318 1426 2358 καὶ
1452 2312 1650 2372 λήψεται

195 2371 296 2429 ’ἡμῖν
334 2372 468 2429 αὖτὴν
496 2375 569 2415 καὶ
597 2374 860 2424 ἀκούσαντες
890 2372 1023 2430 αὐτήν
1053 2373 1299 2430 ποιήσομεν
1321 2369 1477 2427 αὗτῆνς
1530 2369 1648 2412 Οὐδὲ

197 2429 338 2486 πέραν
356 2431 432 2485 τῆς
454 2427 688 2486 θαλάσσης
722 2429 836 2480 ἐστι’,
877 2430 1032 2486 λέγων·
1071 2430 1138 2480 τίς
1168 2424 1431 2484 ὁιαπεράσει
1460 2425 1560 2482 ἡμῖν
1586 2422 1650 2475 εἷς

196 2482 247 2526 τὸ
268 2485 406 2540 πέραν
423 2487 499 2541 τῆς
526 2486 760 2542 θαλάσσης
791 2488 864 2528 καὶ
890 2487 1083 2543 λήψεται
1115 2483 1214 2541 ἡμῖν
1242 2482 1380 2537 αὐτὴν
1408 2484 1481 2524 καὶ
1507 2478 1649 2524 ἀκού-

198 2555 352 2589 σαντες
390 2540 525 2611 &ticin
561 2539 809 2595 ποιήσομεν
843 2540 1000 2598 asinina,-
1041 2540 1182 2598 Ἐγγύς
1218 2555 1299 2583 σου
1331 2539 1423 2582 ἐστὶ
1449 2538 1499 2581 τὸ
1528 2537 1649 2594 ῥῆμα

199 2596 441 2652 σφόδρα,
479 2613 523 2640 εν
543 2599 605 2652 τῷ
626 2597 813 2649 (πόματί
835 2613 915 2640 σοι)
934 2601 1005 2640 καὶ
1031 2598 1074 2642 ἐν
1101 2599 1154 2656 τῇ
1183 2595 1341 2652 καρδίᾳ
1371 2609 1451 2637 σου
1480 2595 1567 2636 καὶ
1595 2591 1649 2636 ἐν

197 2656 323 2701 ταῖς
359 2651 516 2707 χερσί
558 2668 657 2696 σου
688 2658 833 2696 ποιεῖν
871 2651 1015 2708 αὐτό.)
1084 2654 1228 2695 Moses
1264 2653 1402 2705 igitur
1440 2664 1562 2692 suum
1594 2647 1647 2690 de
1681 2671 1690 2691 x

198 2709 295 2750 Deo
320 2707 540 2761 diligendo
563 2709 876 2765 servandisque
905 2709 1000 2767 ejus
1026 2711 1197 2763 iegibus
1225 2713 1501 2765 praeceptum
1531 2706 1648 2746 factu

198 2764 376 2805 difficile
397 2779 494 2805 esse
519 2765 714 2817 negavit,
746 2766 947 2821 qnoniam
970 2767 1063 2824 ejus
1088 2765 1278 2819 cognitio
1308 2778 1390 2805 non
1427 2762 1648 2805 recondita

199 2820 444 2873 videretur,
476 2819 614 2862 sedin
645 2828 818 2877 promtu
850 2828 978 2864 esset.
1047 2820 1386 2874 (Profectionem
1417 2821 1458 2860 in
1485 2817 1650 2860 coelum
