<?xml version="1.0" encoding="UTF-8"?>
<!DOCTYPE html PUBLIC "-//W3C//DTD XHTML 1.0 Transitional//EN"
    "http://www.w3.org/TR/xhtml1/DTD/xhtml1-transitional.dtd">
<html xmlns="http://www.w3.org/1999/xhtml" xml:lang="en" lang="en">
 <head>
  <title>
</title>
<meta http-equiv="Content-Type" content="text/html;charset=utf-8" />
  <meta name='ocr-system' content='tesseract 3.04.00' />
  <meta name='ocr-capabilities' content='ocr_page ocr_carea ocr_par ocr_line ocrx_word'/>
</head>
<body>
  <div class='ocr_page' id='page_1' title='image "./pauliadromanosep02frituoft/pauliadromanosep02frituoft_0180.png"; bbox 0 0 1715 3115; ppageno 0'>
   <div class='ocr_carea' id='block_1_1' title="bbox 136 183 1316 233">
    <p class='ocr_par' dir='ltr' id='par_1_1' title="bbox 136 183 1316 233">
     <span class='ocr_line' id='line_1_1' title="bbox 136 183 1316 233; baseline 0.004 -5"><span class='ocrx_word' id='word_1_1' title='bbox 136 187 218 230; x_wconf 77' lang='lat'>166</span> <span class='ocrx_word' id='word_1_2' title='bbox 406 183 788 229; x_wconf 84' lang='lat' dir='ltr'><strong>EPISTOLA</strong></span> <span class='ocrx_word' id='word_1_3' title='bbox 819 186 921 230; x_wconf 87' lang='lat' dir='ltr'>AD</span> <span class='ocrx_word' id='word_1_4' title='bbox 955 185 1316 233; x_wconf 81' lang='lat' dir='ltr'><strong>ROMANOS</strong></span> 
     </span>
    </p>
   </div>
   <div class='ocr_carea' id='block_1_2' title="bbox 133 291 1658 2879">
    <p class='ocr_par' dir='ltr' id='par_1_2' title="bbox 133 291 1658 2879">
     <span class='ocr_line' id='line_1_2' title="bbox 133 291 1587 355; baseline 0.002 -20"><span class='ocrx_word' id='word_1_5' title='bbox 133 292 260 335; x_wconf 70' lang='lat' dir='ltr'>honus</span> <span class='ocrx_word' id='word_1_6' title='bbox 283 292 498 335; x_wconf 78' lang='lat' dir='ltr'>tribuatur</span> <span class='ocrx_word' id='word_1_7' title='bbox 515 291 789 349; x_wconf 82' lang='lat' dir='ltr'>interpretati</span> <span class='ocrx_word' id='word_1_8' title='bbox 809 298 980 347; x_wconf 80' lang='lat' dir='ltr'>essent,</span> <span class='ocrx_word' id='word_1_9' title='bbox 1019 308 1217 348; x_wconf 79' lang='lat' dir='ltr'>sensum,</span> <span class='ocrx_word' id='word_1_10' title='bbox 1254 299 1303 337; x_wconf 86' lang='lat' dir='ltr'>ut</span> <span class='ocrx_word' id='word_1_11' title='bbox 1325 308 1479 352; x_wconf 84' lang='lat' dir='ltr'>saepe,</span> <span class='ocrx_word' id='word_1_12' title='bbox 1510 294 1587 355; x_wconf 84' lang='lat' dir='ltr'>J‘u-</span> 
     </span>
     <span class='ocr_line' id='line_1_3' title="bbox 134 347 1588 409; baseline 0.003 -19"><span class='ocrx_word' id='word_1_13' title='bbox 134 354 204 390; x_wconf 77' lang='lat' dir='ltr'>eto</span> <span class='ocrx_word' id='word_1_14' title='bbox 248 349 430 390; x_wconf 80' lang='lat' dir='ltr'>liberius</span> <span class='ocrx_word' id='word_1_15' title='bbox 465 347 807 406; x_wconf 66' lang='lat' dir='ltr'>descripsemmt.</span> <span class='ocrx_word' id='word_1_16' title='bbox 880 350 1021 392; x_wconf 85' lang='lat' dir='ltr'>Docet</span> <span class='ocrx_word' id='word_1_17' title='bbox 1061 366 1149 393; x_wconf 86' lang='lat' dir='ltr'>rem</span> <span class='ocrx_word' id='word_1_18' title='bbox 1186 353 1456 409; x_wconf 85' lang='lat' dir='ltr'>exemplum,</span> <span class='ocrx_word' id='word_1_19' title='bbox 1500 366 1588 409; x_wconf 86' lang='lat' dir='ltr'>quo</span> 
     </span>
     <span class='ocr_line' id='line_1_4' title="bbox 136 405 1588 461; baseline 0.003 -14"><span class='ocrx_word' id='word_1_20' title='bbox 136 406 282 458; x_wconf 69' lang='lat' dir='ltr'>Chrys.</span> <span class='ocrx_word' id='word_1_21' title='bbox 322 419 444 447; x_wconf 81' lang='lat' dir='ltr'>suam</span> <span class='ocrx_word' id='word_1_22' title='bbox 491 405 840 461; x_wconf 74' lang='lat' dir='ltr'>explanationem</span> <span class='ocrx_word' id='word_1_23' title='bbox 879 408 1141 451; x_wconf 78' lang='lat' dir='ltr'>illustravit:</span> <span class='ocrx_word' id='word_1_24' title='bbox 1176 434 1230 440; x_wconf 80' lang='lat'>—</span> <span class='ocrx_word' id='word_1_25' title='bbox 1284 406 1411 450; x_wconf 71' lang='grc' dir='ltr'>Οὕτω</span> <span class='ocrx_word' id='word_1_26' title='bbox 1439 410 1512 450; x_wconf 85' lang='grc' dir='ltr'><strong><em>καὶ</em></strong></span> <span class='ocrx_word' id='word_1_27' title='bbox 1531 406 1588 451; x_wconf 80' lang='grc' dir='ltr'>,οὶ</span> 
     </span>
     <span class='ocr_line' id='line_1_5' title="bbox 135 456 1658 520; baseline 0.003 -18"><span class='ocrx_word' id='word_1_28' title='bbox 135 456 371 514; x_wconf 67' lang='grc' dir='ltr'><strong><em>ἅνθρωποι</em></strong></span> <span class='ocrx_word' id='word_1_29' title='bbox 392 461 470 502; x_wconf 79' lang='grc' dir='ltr'>τοῦ</span> <span class='ocrx_word' id='word_1_30' title='bbox 489 459 832 514; x_wconf 75' lang='grc' dir='ltr'><strong><em>υὶσῦμέλλονῑος</em></strong></span> <span class='ocrx_word' id='word_1_31' title='bbox 844 461 911 504; x_wconf 77' lang='grc' dir='ltr'>ἐπ’</span> <span class='ocrx_word' id='word_1_32' title='bbox 923 461 1136 514; x_wconf 75' lang='grc' dir='ltr'><strong><em>ἀξιώμασι</em></strong></span> <span class='ocrx_word' id='word_1_33' title='bbox 1151 464 1393 520; x_wconf 84' lang='grc' dir='ltr'><strong><em>φαίνεσθαι</em></strong></span> <span class='ocrx_word' id='word_1_34' title='bbox 1403 465 1590 514; x_wconf 69' lang='grc' dir='ltr'><strong><em>καὶτοὺς</em></strong></span> <span class='ocrx_word' id='word_1_35' title='bbox 1652 471 1658 481; x_wconf 88' lang='grc'>’</span> 
     </span>
     <span class='ocr_line' id='line_1_6' title="bbox 136 516 1589 576; baseline 0.003 -18"><span class='ocrx_word' id='word_1_36' title='bbox 136 516 323 566; x_wconf 70' lang='grc' dir='ltr'>δούλους</span> <span class='ocrx_word' id='word_1_37' title='bbox 344 517 653 571; x_wconf 72' lang='grc' dir='ltr'><em>λαμπροτέραν</em></span> <span class='ocrx_word' id='word_1_38' title='bbox 683 516 883 561; x_wconf 76' lang='grc' dir='ltr'>ἐνδύουσι</span> <span class='ocrx_word' id='word_1_39' title='bbox 912 519 1069 574; x_wconf 53' lang='grc' dir='ltr'><strong><em>στολὴν</em></strong></span> <span class='ocrx_word' id='word_1_40' title='bbox 1099 520 1180 570; x_wconf 81' lang='grc' dir='ltr'><strong><em>εἰς</em></strong></span> <span class='ocrx_word' id='word_1_41' title='bbox 1206 519 1303 576; x_wconf 75' lang='grc' dir='ltr'>τήν</span> <span class='ocrx_word' id='word_1_42' title='bbox 1326 525 1422 562; x_wconf 84' lang='grc' dir='ltr'>τοῦ</span> <span class='ocrx_word' id='word_1_43' title='bbox 1450 535 1589 562; x_wconf 83' lang='grc' dir='ltr'><strong><em>παι-</em></strong></span> 
     </span>
     <span class='ocr_line' id='line_1_7' title="bbox 137 570 1588 632; baseline 0.002 -18"><span class='ocrx_word' id='word_1_44' title='bbox 137 572 232 622; x_wconf 66' lang='grc' dir='ltr'>δὸς</span> <span class='ocrx_word' id='word_1_45' title='bbox 263 571 448 623; x_wconf 75' lang='grc' dir='ltr'>δόξαν,</span> <span class='ocrx_word' id='word_1_46' title='bbox 501 570 726 630; x_wconf 70' lang='grc' dir='ltr'><strong><em>ὠςῑῑεροῦν</em></strong></span> <span class='ocrx_word' id='word_1_47' title='bbox 755 577 825 616; x_wconf 83' lang='grc' dir='ltr'><strong><em>καὶ</em></strong></span> <span class='ocrx_word' id='word_1_48' title='bbox 855 571 878 616; x_wconf 81' lang='grc' dir='ltr'><em>ὃ</em></span> <span class='ocrx_word' id='word_1_49' title='bbox 909 575 1018 624; x_wconf 66' lang='grc' dir='ltr'><strong><em>θεὸς</em></strong></span> <span class='ocrx_word' id='word_1_50' title='bbox 1046 572 1122 631; x_wconf 76' lang='grc' dir='ltr'>τήν</span> <span class='ocrx_word' id='word_1_51' title='bbox 1150 576 1289 619; x_wconf 80' lang='grc' dir='ltr'><em>κτίσιν</em></span> <span class='ocrx_word' id='word_1_52' title='bbox 1326 575 1588 632; x_wconf 74' lang='grc' dir='ltr'><strong><em>ἀφθαρσίαν</em></strong></span> 
     </span>
     <span class='ocr_line' id='line_1_8' title="bbox 136 627 1590 689; baseline 0.003 -18"><span class='ocrx_word' id='word_1_53' title='bbox 136 627 398 683; x_wconf 56' lang='grc' dir='ltr'><strong><em>περιβάλλει</em></strong></span> <span class='ocrx_word' id='word_1_54' title='bbox 429 628 509 678; x_wconf 84' lang='grc' dir='ltr'><strong><em>εἰς</em></strong></span> <span class='ocrx_word' id='word_1_55' title='bbox 549 629 643 684; x_wconf 70' lang='grc' dir='ltr'>τὴν</span> <span class='ocrx_word' id='word_1_56' title='bbox 677 629 1014 687; x_wconf 73' lang='grc' dir='ltr'><strong><em>ἐλευθερίαν</em></strong></span> <span class='ocrx_word' id='word_1_57' title='bbox 1044 632 1140 687; x_wconf 73' lang='grc' dir='ltr'>τῆς</span> <span class='ocrx_word' id='word_1_58' title='bbox 1173 630 1339 689; x_wconf 81' lang='grc' dir='ltr'><strong><em>δόξης</em></strong></span> <span class='ocrx_word' id='word_1_59' title='bbox 1365 638 1467 673; x_wconf 81' lang='grc' dir='ltr'>τῶν</span> <span class='ocrx_word' id='word_1_60' title='bbox 1495 631 1590 675; x_wconf 82' lang='grc' dir='ltr'>τέ-</span> 
     </span>
     <span class='ocr_line' id='line_1_9' title="bbox 136 685 1592 745; baseline 0.003 -19"><span class='ocrx_word' id='word_1_61' title='bbox 136 702 236 726; x_wconf 76' lang='grc' dir='ltr'>κνω</span> <span class='ocrx_word' id='word_1_62' title='bbox 250 702 283 728; x_wconf 92' lang='grc' dir='ltr'>ν.</span> <span class='ocrx_word' id='word_1_63' title='bbox 343 685 484 741; x_wconf 76' lang='lat' dir='ltr'>Quam</span> <span class='ocrx_word' id='word_1_64' title='bbox 507 687 837 743; x_wconf 81' lang='lat' dir='ltr'>explicationem</span> <span class='ocrx_word' id='word_1_65' title='bbox 861 703 1107 744; x_wconf 79' lang='lat' dir='ltr'>perversam</span> <span class='ocrx_word' id='word_1_66' title='bbox 1128 704 1224 731; x_wconf 88' lang='lat' dir='ltr'>esse</span> <span class='ocrx_word' id='word_1_67' title='bbox 1245 693 1289 730; x_wconf 90' lang='lat' dir='ltr'>et</span> <span class='ocrx_word' id='word_1_68' title='bbox 1317 703 1340 729; x_wconf 85' lang='lat' dir='ltr'>a</span> <span class='ocrx_word' id='word_1_69' title='bbox 1363 687 1414 732; x_wconf 88' lang='lat' dir='ltr'>P.</span> <span class='ocrx_word' id='word_1_70' title='bbox 1442 688 1592 745; x_wconf 85' lang='lat' dir='ltr'>dispu-</span> 
     </span>
     <span class='ocr_line' id='line_1_10' title="bbox 136 743 1592 802; baseline 0.002 -19"><span class='ocrx_word' id='word_1_71' title='bbox 136 743 302 783; x_wconf 76' lang='lat' dir='ltr'>tatione</span> <span class='ocrx_word' id='word_1_72' title='bbox 324 751 530 784; x_wconf 79' lang='lat' dir='ltr'>remotam</span> <span class='ocrx_word' id='word_1_73' title='bbox 564 744 708 799; x_wconf 85' lang='lat' dir='ltr'>quivis</span> <span class='ocrx_word' id='word_1_74' title='bbox 741 744 963 800; x_wconf 84' lang='lat' dir='ltr'>intelligit.</span> <span class='ocrx_word' id='word_1_75' title='bbox 1030 743 1142 786; x_wconf 88' lang='lat' dir='ltr'>Nam</span> <span class='ocrx_word' id='word_1_76' title='bbox 1174 759 1324 802; x_wconf 80' lang='lat' dir='ltr'>quam</span> <span class='ocrx_word' id='word_1_77' title='bbox 1352 745 1592 787; x_wconf 80' lang='lat' dir='ltr'>libertatem</span> 
     </span>
     <span class='ocr_line' id='line_1_11' title="bbox 135 800 1593 858; baseline 0.001 -17"><span class='ocrx_word' id='word_1_78' title='bbox 135 801 290 841; x_wconf 80' lang='lat' dir='ltr'>mortis</span> <span class='ocrx_word' id='word_1_79' title='bbox 312 800 524 841; x_wconf 73' lang='lat' dir='ltr'>servitute</span> <span class='ocrx_word' id='word_1_80' title='bbox 546 814 688 842; x_wconf 86' lang='lat' dir='ltr'>rerum</span> <span class='ocrx_word' id='word_1_81' title='bbox 713 808 864 843; x_wconf 81' lang='lat' dir='ltr'>natura</span> <span class='ocrx_word' id='word_1_82' title='bbox 896 807 1192 858; x_wconf 73' lang='lat' dir='ltr'>per-mutatura</span> <span class='ocrx_word' id='word_1_83' title='bbox 1223 803 1281 844; x_wconf 89' lang='lat' dir='ltr'>sit</span> <span class='ocrx_word' id='word_1_84' title='bbox 1300 803 1392 858; x_wconf 87' lang='lat' dir='ltr'>Ap.</span> <span class='ocrx_word' id='word_1_85' title='bbox 1423 800 1496 842; x_wconf 75' lang='lat' dir='ltr'>hic</span> <span class='ocrx_word' id='word_1_86' title='bbox 1525 800 1593 842; x_wconf 89' lang='lat' dir='ltr'>di-</span> 
     </span>
     <span class='ocr_line' id='line_1_12' title="bbox 135 852 1594 915; baseline 0.003 -20"><span class='ocrx_word' id='word_1_87' title='bbox 135 869 232 896; x_wconf 83' lang='lat' dir='ltr'>cere</span> <span class='ocrx_word' id='word_1_88' title='bbox 255 855 399 899; x_wconf 86' lang='lat' dir='ltr'>debet.</span> <span class='ocrx_word' id='word_1_89' title='bbox 457 852 519 904; x_wconf 81' lang='grc' dir='ltr'><strong><em>εἶς</em></strong></span> <span class='ocrx_word' id='word_1_90' title='bbox 537 854 615 910; x_wconf 64' lang='grc' dir='ltr'>τὴν</span> <span class='ocrx_word' id='word_1_91' title='bbox 636 856 895 913; x_wconf 77' lang='grc' dir='ltr'><strong><em>ἐλευθερίαν</em></strong></span> <span class='ocrx_word' id='word_1_92' title='bbox 920 857 1014 912; x_wconf 77' lang='grc' dir='ltr'>τῆς</span> <span class='ocrx_word' id='word_1_93' title='bbox 1045 855 1205 915; x_wconf 75' lang='grc' dir='ltr'><strong><em>δόξης</em></strong></span> <span class='ocrx_word' id='word_1_94' title='bbox 1230 874 1264 899; x_wconf 85' lang='grc' dir='ltr'>τ.</span> <span class='ocrx_word' id='word_1_95' title='bbox 1286 874 1322 899; x_wconf 85' lang='grc' dir='ltr'>τ.</span> <span class='ocrx_word' id='word_1_96' title='bbox 1345 873 1383 900; x_wconf 86' lang='grc' dir='ltr'>τ.</span> <span class='ocrx_word' id='word_1_97' title='bbox 1401 859 1468 911; x_wconf 68' lang='grc'>3.]</span> <span class='ocrx_word' id='word_1_98' title='bbox 1505 856 1594 900; x_wconf 87' lang='lat' dir='ltr'>Ge-</span> 
     </span>
     <span class='ocr_line' id='line_1_13' title="bbox 136 913 1594 971; baseline 0.002 -18"><span class='ocrx_word' id='word_1_99' title='bbox 136 913 302 953; x_wconf 77' lang='lat' dir='ltr'>nitivus</span> <span class='ocrx_word' id='word_1_100' title='bbox 322 913 639 970; x_wconf 84' lang='lat' dir='ltr'>appositionis,</span> <span class='ocrx_word' id='word_1_101' title='bbox 680 921 727 955; x_wconf 87' lang='lat' dir='ltr'>ut</span> <span class='ocrx_word' id='word_1_102' title='bbox 747 914 895 971; x_wconf 83' lang='lat' dir='ltr'>paullo</span> <span class='ocrx_word' id='word_1_103' title='bbox 917 920 1016 955; x_wconf 86' lang='lat' dir='ltr'>ante</span> <span class='ocrx_word' id='word_1_104' title='bbox 1046 913 1125 970; x_wconf 68' lang='grc' dir='ltr'>τῆς</span> <span class='ocrx_word' id='word_1_105' title='bbox 1152 916 1354 971; x_wconf 79' lang='grc' dir='ltr'><strong><em>φθορᾶς;</em></strong></span> <span class='ocrx_word' id='word_1_106' title='bbox 1395 913 1439 954; x_wconf 77' lang='lat' dir='ltr'>in</span> <span class='ocrx_word' id='word_1_107' title='bbox 1467 913 1594 956; x_wconf 80' lang='lat' dir='ltr'>liber-</span> 
     </span>
     <span class='ocr_line' id='line_1_14' title="bbox 136 968 1592 1025; baseline 0 -15"><span class='ocrx_word' id='word_1_108' title='bbox 136 973 296 1019; x_wconf 79' lang='lat' dir='ltr'>tatem,</span> <span class='ocrx_word' id='word_1_109' title='bbox 326 984 432 1025; x_wconf 67' lang='lat' dir='ltr'>(pace</span> <span class='ocrx_word' id='word_1_110' title='bbox 452 971 495 1011; x_wconf 78' lang='grc' dir='ltr'>ἱη</span> <span class='ocrx_word' id='word_1_111' title='bbox 517 969 602 1011; x_wconf 70' lang='lat' dir='ltr'>Dei</span> <span class='ocrx_word' id='word_1_112' title='bbox 619 969 844 1012; x_wconf 77' lang='lat' dir='ltr'>liberorum</span> <span class='ocrx_word' id='word_1_113' title='bbox 865 970 1111 1025; x_wconf 73' lang='lat' dir='ltr'>Majestme</span> <span class='ocrx_word' id='word_1_114' title='bbox 1132 973 1334 1015; x_wconf 76' lang='lat' dir='ltr'>cernitar.</span> <span class='ocrx_word' id='word_1_115' title='bbox 1391 968 1488 1013; x_wconf 85' lang='lat' dir='ltr'>Jam</span> <span class='ocrx_word' id='word_1_116' title='bbox 1506 969 1592 1011; x_wconf 84' lang='lat' dir='ltr'>Dei</span> 
     </span>
     <span class='ocr_line' id='line_1_15' title="bbox 134 1020 1596 1083; baseline 0.002 -18"><span class='ocrx_word' id='word_1_117' title='bbox 134 1025 372 1066; x_wconf 85' lang='lat' dir='ltr'>liberorum</span> <span class='ocrx_word' id='word_1_118' title='bbox 394 1025 603 1083; x_wconf 83' lang='lat' dir='ltr'>Majcstas</span> <span class='ocrx_word' id='word_1_119' title='bbox 625 1020 949 1069; x_wconf 66' lang='lat' dir='ltr'>immortalitate</span> <span class='ocrx_word' id='word_1_120' title='bbox 977 1027 1049 1082; x_wconf 70' lang='grc' dir='ltr'>(τῇ</span> <span class='ocrx_word' id='word_1_121' title='bbox 1078 1025 1315 1083; x_wconf 76' lang='grc' dir='ltr'><strong><em>ἀφθαρσίᾳ</em></strong></span> <span class='ocrx_word' id='word_1_122' title='bbox 1348 1028 1371 1068; x_wconf 87' lang='lat' dir='ltr'>l</span> <span class='ocrx_word' id='word_1_123' title='bbox 1393 1025 1496 1070; x_wconf 83' lang='lat' dir='ltr'>Cor.</span> <span class='ocrx_word' id='word_1_124' title='bbox 1527 1026 1596 1079; x_wconf 82' lang='lat'>15,</span> 
     </span>
     <span class='ocr_line' id='line_1_16' title="bbox 136 1081 1595 1138; baseline 0.001 -15"><span class='ocrx_word' id='word_1_125' title='bbox 136 1081 233 1134; x_wconf 76' lang='lat'>54.)</span> <span class='ocrx_word' id='word_1_126' title='bbox 253 1083 525 1135; x_wconf 69' lang='lat' dir='ltr'>continetur,</span> <span class='ocrx_word' id='word_1_127' title='bbox 556 1096 665 1138; x_wconf 84' lang='lat' dir='ltr'>quae</span> <span class='ocrx_word' id='word_1_128' title='bbox 683 1082 860 1125; x_wconf 77' lang='lat' dir='ltr'>libertas</span> <span class='ocrx_word' id='word_1_129' title='bbox 879 1089 960 1125; x_wconf 83' lang='lat' dir='ltr'>est.</span> <span class='ocrx_word' id='word_1_130' title='bbox 1022 1084 1208 1124; x_wconf 82' lang='lat' dir='ltr'>Liberos</span> <span class='ocrx_word' id='word_1_131' title='bbox 1236 1085 1349 1125; x_wconf 88' lang='lat' dir='ltr'>enim</span> <span class='ocrx_word' id='word_1_132' title='bbox 1380 1097 1458 1124; x_wconf 90' lang='lat' dir='ltr'>nos</span> <span class='ocrx_word' id='word_1_133' title='bbox 1488 1083 1595 1124; x_wconf 86' lang='lat' dir='ltr'>facit</span> 
     </span>
     <span class='ocr_line' id='line_1_17' title="bbox 136 1136 1597 1197; baseline 0.001 -18"><span class='ocrx_word' id='word_1_134' title='bbox 136 1136 354 1189; x_wconf 73' lang='lat' dir='ltr'>Interim,</span> <span class='ocrx_word' id='word_1_135' title='bbox 407 1146 594 1194; x_wconf 87' lang='lat' dir='ltr'>tyranno</span> <span class='ocrx_word' id='word_1_136' title='bbox 634 1138 708 1194; x_wconf 83' lang='lat' dir='ltr'>qui</span> <span class='ocrx_word' id='word_1_137' title='bbox 745 1139 875 1179; x_wconf 79' lang='lat' dir='ltr'>vitam</span> <span class='ocrx_word' id='word_1_138' title='bbox 909 1140 1034 1181; x_wconf 86' lang='lat' dir='ltr'>nobis</span> <span class='ocrx_word' id='word_1_139' title='bbox 1065 1155 1144 1197; x_wconf 81' lang='lat' dir='ltr'>pro</span> <span class='ocrx_word' id='word_1_140' title='bbox 1177 1140 1359 1196; x_wconf 82' lang='lat' dir='ltr'>imperio</span> <span class='ocrx_word' id='word_1_141' title='bbox 1390 1140 1597 1196; x_wconf 84' lang='lat' dir='ltr'>eriperet,</span> 
     </span>
     <span class='ocr_line' id='line_1_18' title="bbox 136 1192 1596 1251; baseline 0.001 -15"><span class='ocrx_word' id='word_1_142' title='bbox 136 1195 311 1236; x_wconf 83' lang='lat' dir='ltr'>sublato</span> <span class='ocrx_word' id='word_1_143' title='bbox 334 1198 355 1236; x_wconf 86' lang='lat' dir='ltr'>l</span> <span class='ocrx_word' id='word_1_144' title='bbox 378 1194 480 1238; x_wconf 87' lang='lat' dir='ltr'>Cor.</span> <span class='ocrx_word' id='word_1_145' title='bbox 504 1195 670 1247; x_wconf 81' lang='lat'>15‚54..</span> <span class='ocrx_word' id='word_1_146' title='bbox 730 1195 943 1250; x_wconf 72' lang='lat' dir='ltr'>Quocirca</span> <span class='ocrx_word' id='word_1_147' title='bbox 966 1195 1095 1238; x_wconf 87' lang='lat' dir='ltr'>Pauli</span> <span class='ocrx_word' id='word_1_148' title='bbox 1117 1196 1245 1238; x_wconf 82' lang='lat' dir='ltr'>verba</span> <span class='ocrx_word' id='word_1_149' title='bbox 1273 1195 1337 1245; x_wconf 85' lang='grc' dir='ltr'><strong><em>εἷς</em></strong></span> <span class='ocrx_word' id='word_1_150' title='bbox 1359 1192 1436 1251; x_wconf 65' lang='grc' dir='ltr'>τήν</span> <span class='ocrx_word' id='word_1_151' title='bbox 1467 1195 1596 1238; x_wconf 82' lang='grc' dir='ltr'><strong><em>ἐλευ-</em></strong></span> 
     </span>
     <span class='ocr_line' id='line_1_19' title="bbox 134 1249 1597 1309; baseline 0.002 -18"><span class='ocrx_word' id='word_1_152' title='bbox 134 1249 296 1305; x_wconf 77' lang='grc' dir='ltr'><strong><em>θερίαν</em></strong></span> <span class='ocrx_word' id='word_1_153' title='bbox 314 1253 390 1306; x_wconf 65' lang='grc' dir='ltr'>τῆς</span> <span class='ocrx_word' id='word_1_154' title='bbox 410 1251 540 1308; x_wconf 71' lang='grc' dir='ltr'><strong><em>δόξης</em></strong></span> <span class='ocrx_word' id='word_1_155' title='bbox 561 1267 598 1292; x_wconf 82' lang='grc' dir='ltr'>τ.</span> <span class='ocrx_word' id='word_1_156' title='bbox 620 1266 657 1293; x_wconf 83' lang='grc' dir='ltr'>τ.</span> <span class='ocrx_word' id='word_1_157' title='bbox 678 1266 716 1293; x_wconf 81' lang='grc' dir='ltr'>τ.</span> <span class='ocrx_word' id='word_1_158' title='bbox 738 1255 786 1294; x_wconf 82' lang='grc' dir='ltr'>θ.</span> <span class='ocrx_word' id='word_1_159' title='bbox 807 1251 918 1294; x_wconf 90' lang='lat' dir='ltr'>idem</span> <span class='ocrx_word' id='word_1_160' title='bbox 941 1252 1115 1305; x_wconf 83' lang='lat' dir='ltr'>dicunt,</span> <span class='ocrx_word' id='word_1_161' title='bbox 1155 1252 1269 1309; x_wconf 89' lang='lat' dir='ltr'>quod</span> <span class='ocrx_word' id='word_1_162' title='bbox 1291 1249 1354 1301; x_wconf 82' lang='grc' dir='ltr'><strong><em>εἰς</em></strong></span> <span class='ocrx_word' id='word_1_163' title='bbox 1372 1249 1450 1305; x_wconf 74' lang='grc' dir='ltr'>τὴν</span> <span class='ocrx_word' id='word_1_164' title='bbox 1469 1251 1597 1294; x_wconf 76' lang='grc' dir='ltr'><strong><em>ἐλευ-</em></strong></span> 
     </span>
     <span class='ocr_line' id='line_1_20' title="bbox 135 1305 1597 1364; baseline 0.001 -16"><span class='ocrx_word' id='word_1_165' title='bbox 135 1305 296 1360; x_wconf 80' lang='grc' dir='ltr'><strong><em>θερίαν</em></strong></span> <span class='ocrx_word' id='word_1_166' title='bbox 316 1310 409 1364; x_wconf 72' lang='grc' dir='ltr'>τῆς</span> <span class='ocrx_word' id='word_1_167' title='bbox 429 1305 771 1364; x_wconf 61' lang='grc' dir='ltr'><strong><em>ἀφθαρσίας.</em></strong></span> <span class='ocrx_word' id='word_1_168' title='bbox 833 1308 920 1350; x_wconf 85' lang='lat' dir='ltr'>Sed</span> <span class='ocrx_word' id='word_1_169' title='bbox 943 1308 993 1352; x_wconf 90' lang='lat' dir='ltr'>P.</span> <span class='ocrx_word' id='word_1_170' title='bbox 1013 1308 1076 1359; x_wconf 81' lang='grc' dir='ltr'><strong><em>εἰς</em></strong></span> <span class='ocrx_word' id='word_1_171' title='bbox 1104 1307 1182 1363; x_wconf 78' lang='grc' dir='ltr'>τὴν</span> <span class='ocrx_word' id='word_1_172' title='bbox 1211 1306 1469 1362; x_wconf 70' lang='grc' dir='ltr'><strong><em>ἐλευθερίαν</em></strong></span> <span class='ocrx_word' id='word_1_173' title='bbox 1497 1308 1597 1364; x_wconf 80' lang='grc' dir='ltr'>τῆς</span> 
     </span>
     <span class='ocr_line' id='line_1_21' title="bbox 137 1361 1595 1423; baseline 0.001 -19"><span class='ocrx_word' id='word_1_174' title='bbox 137 1361 305 1418; x_wconf 76' lang='grc' dir='ltr'><strong><em>δόξης</em></strong></span> <span class='ocrx_word' id='word_1_175' title='bbox 328 1379 364 1404; x_wconf 85' lang='grc' dir='ltr'>τ.</span> <span class='ocrx_word' id='word_1_176' title='bbox 386 1380 422 1406; x_wconf 86' lang='grc' dir='ltr'>τ.</span> <span class='ocrx_word' id='word_1_177' title='bbox 444 1380 481 1405; x_wconf 81' lang='grc' dir='ltr'>τ.</span> <span class='ocrx_word' id='word_1_178' title='bbox 505 1367 553 1406; x_wconf 86' lang='grc' dir='ltr'>θ.</span> <span class='ocrx_word' id='word_1_179' title='bbox 576 1364 786 1406; x_wconf 72' lang='lat' dir='ltr'>subducta</span> <span class='ocrx_word' id='word_1_180' title='bbox 808 1366 978 1406; x_wconf 84' lang='lat' dir='ltr'>ratione</span> <span class='ocrx_word' id='word_1_181' title='bbox 999 1367 1202 1423; x_wconf 84' lang='lat' dir='ltr'>scripsit,</span> <span class='ocrx_word' id='word_1_182' title='bbox 1241 1371 1289 1406; x_wconf 91' lang='lat' dir='ltr'>ut</span> <span class='ocrx_word' id='word_1_183' title='bbox 1318 1363 1465 1406; x_wconf 87' lang='lat' dir='ltr'>mundi</span> <span class='ocrx_word' id='word_1_184' title='bbox 1493 1378 1595 1407; x_wconf 88' lang='lat' dir='ltr'>con-</span> 
     </span>
     <span class='ocr_line' id='line_1_22' title="bbox 135 1419 1594 1476; baseline 0.002 -16"><span class='ocrx_word' id='word_1_185' title='bbox 135 1419 344 1461; x_wconf 88' lang='lat' dir='ltr'>ditionem</span> <span class='ocrx_word' id='word_1_186' title='bbox 363 1435 415 1461; x_wconf 86' lang='lat' dir='ltr'>ex</span> <span class='ocrx_word' id='word_1_187' title='bbox 433 1421 653 1462; x_wconf 87' lang='lat' dir='ltr'>hominum</span> <span class='ocrx_word' id='word_1_188' title='bbox 675 1421 921 1463; x_wconf 85' lang='lat' dir='ltr'>conditione</span> <span class='ocrx_word' id='word_1_189' title='bbox 944 1437 1094 1463; x_wconf 83' lang='lat' dir='ltr'>nexam</span> <span class='ocrx_word' id='word_1_190' title='bbox 1114 1436 1211 1464; x_wconf 88' lang='lat' dir='ltr'>esse</span> <span class='ocrx_word' id='word_1_191' title='bbox 1231 1420 1443 1462; x_wconf 82' lang='lat' dir='ltr'>indicaret</span> <span class='ocrx_word' id='word_1_192' title='bbox 1465 1420 1594 1476; x_wconf 83' lang='lat' dir='ltr'>eique</span> 
     </span>
     <span class='ocr_line' id='line_1_23' title="bbox 135 1475 1594 1521; baseline 0.002 -5"><span class='ocrx_word' id='word_1_193' title='bbox 135 1475 346 1518; x_wconf 73' lang='lat' dir='ltr'>hominnm</span> <span class='ocrx_word' id='word_1_194' title='bbox 376 1477 641 1520; x_wconf 77' lang='lat' dir='ltr'>mortalitate</span> <span class='ocrx_word' id='word_1_195' title='bbox 666 1484 844 1520; x_wconf 81' lang='lat' dir='ltr'>onerato</span> <span class='ocrx_word' id='word_1_196' title='bbox 874 1478 1083 1521; x_wconf 76' lang='lat' dir='ltr'>hominum</span> <span class='ocrx_word' id='word_1_197' title='bbox 1111 1477 1453 1520; x_wconf 74' lang='lat' dir='ltr'>immortalitatis</span> <span class='ocrx_word' id='word_1_198' title='bbox 1479 1477 1594 1519; x_wconf 86' lang='lat' dir='ltr'>obti-</span> 
     </span>
     <span class='ocr_line' id='line_1_24' title="bbox 135 1532 1595 1589; baseline 0.002 -16"><span class='ocrx_word' id='word_1_199' title='bbox 135 1533 302 1574; x_wconf 87' lang='lat' dir='ltr'>nendae</span> <span class='ocrx_word' id='word_1_200' title='bbox 322 1547 441 1589; x_wconf 89' lang='lat' dir='ltr'>spem</span> <span class='ocrx_word' id='word_1_201' title='bbox 473 1533 627 1575; x_wconf 79' lang='lat' dir='ltr'>saetam</span> <span class='ocrx_word' id='word_1_202' title='bbox 659 1548 757 1575; x_wconf 89' lang='lat' dir='ltr'>esse</span> <span class='ocrx_word' id='word_1_203' title='bbox 786 1534 997 1576; x_wconf 83' lang='lat' dir='ltr'>divinitus</span> <span class='ocrx_word' id='word_1_204' title='bbox 1027 1535 1287 1576; x_wconf 79' lang='lat' dir='ltr'>declararet.</span> <span class='ocrx_word' id='word_1_205' title='bbox 1350 1532 1493 1575; x_wconf 86' lang='lat' dir='ltr'>Simul</span> <span class='ocrx_word' id='word_1_206' title='bbox 1523 1533 1595 1576; x_wconf 83' lang='lat' dir='ltr'>his</span> 
     </span>
     <span class='ocr_line' id='line_1_25' title="bbox 137 1586 1592 1644; baseline 0.001 -14"><span class='ocrx_word' id='word_1_207' title='bbox 137 1589 285 1630; x_wconf 82' lang='lat' dir='ltr'>verbis</span> <span class='ocrx_word' id='word_1_208' title='bbox 315 1589 369 1629; x_wconf 84' lang='lat' dir='ltr'>ad</span> <span class='ocrx_word' id='word_1_209' title='bbox 400 1603 515 1633; x_wconf 78' lang='lat' dir='ltr'>voce.</span> <span class='ocrx_word' id='word_1_210' title='bbox 546 1604 585 1632; x_wconf 81' lang='grc' dir='ltr'>ν.</span> <span class='ocrx_word' id='word_1_211' title='bbox 617 1591 684 1632; x_wconf 88' lang='grc'>18.</span> <span class='ocrx_word' id='word_1_212' title='bbox 714 1591 828 1644; x_wconf 69' lang='grc' dir='ltr'><strong><em>πρὸς</em></strong></span> <span class='ocrx_word' id='word_1_213' title='bbox 855 1589 932 1644; x_wconf 68' lang='grc' dir='ltr'>τὴν</span> <span class='ocrx_word' id='word_1_214' title='bbox 962 1590 1209 1642; x_wconf 83' lang='grc' dir='ltr'><strong><em>μέλλουσαν</em></strong></span> <span class='ocrx_word' id='word_1_215' title='bbox 1239 1586 1404 1640; x_wconf 84' lang='grc' dir='ltr'><strong><em>δόξαν</em></strong></span> <span class='ocrx_word' id='word_1_216' title='bbox 1436 1587 1592 1632; x_wconf 82' lang='grc' dir='ltr'><strong>ἇποκ.</strong></span> 
     </span>
     <span class='ocr_line' id='line_1_26' title="bbox 137 1642 1595 1699; baseline 0 -13"><span class='ocrx_word' id='word_1_217' title='bbox 137 1642 219 1693; x_wconf 82' lang='grc' dir='ltr'><strong><em>εἰς</em></strong></span> <span class='ocrx_word' id='word_1_218' title='bbox 248 1642 314 1699; x_wconf 81' lang='grc' dir='ltr'>ἡμ</span> <span class='ocrx_word' id='word_1_219' title='bbox 329 1647 389 1694; x_wconf 86' lang='grc' dir='ltr'>ἇς</span> <span class='ocrx_word' id='word_1_220' title='bbox 420 1659 509 1688; x_wconf 81' lang='lat' dir='ltr'>VSS.</span> <span class='ocrx_word' id='word_1_221' title='bbox 535 1647 589 1686; x_wconf 80' lang='lat'>19</span> <span class='ocrx_word' id='word_1_222' title='bbox 608 1670 659 1675; x_wconf 92' lang='lat'>—</span> <span class='ocrx_word' id='word_1_223' title='bbox 680 1645 751 1688; x_wconf 89' lang='lat'>21.</span> <span class='ocrx_word' id='word_1_224' title='bbox 772 1646 939 1686; x_wconf 81' lang='lat' dir='ltr'>firmata</span> <span class='ocrx_word' id='word_1_225' title='bbox 964 1645 1014 1688; x_wconf 86' lang='lat' dir='ltr'>P.</span> <span class='ocrx_word' id='word_1_226' title='bbox 1037 1647 1286 1688; x_wconf 75' lang='lat' dir='ltr'>revertitur.</span> <span class='ocrx_word' id='word_1_227' title='bbox 1345 1645 1488 1699; x_wconf 73' lang='lat' dir='ltr'>Quum</span> <span class='ocrx_word' id='word_1_228' title='bbox 1511 1645 1595 1699; x_wconf 86' lang='lat' dir='ltr'>igi-</span> 
     </span>
     <span class='ocr_line' id='line_1_27' title="bbox 138 1701 1594 1759; baseline 0.001 -18"><span class='ocrx_word' id='word_1_229' title='bbox 138 1706 211 1742; x_wconf 85' lang='lat' dir='ltr'>tur</span> <span class='ocrx_word' id='word_1_230' title='bbox 232 1701 387 1742; x_wconf 90' lang='lat' dir='ltr'>mundo</span> <span class='ocrx_word' id='word_1_231' title='bbox 408 1702 501 1755; x_wconf 76' lang='lat' dir='ltr'>ipsa</span> <span class='ocrx_word' id='word_1_232' title='bbox 518 1702 600 1743; x_wconf 90' lang='lat' dir='ltr'>Dei</span> <span class='ocrx_word' id='word_1_233' title='bbox 618 1702 854 1743; x_wconf 79' lang='lat' dir='ltr'>liberorum</span> <span class='ocrx_word' id='word_1_234' title='bbox 879 1702 1082 1759; x_wconf 84' lang='lat' dir='ltr'>majestas</span> <span class='ocrx_word' id='word_1_235' title='bbox 1095 1703 1315 1743; x_wconf 86' lang='lat' dir='ltr'>destinata</span> <span class='ocrx_word' id='word_1_236' title='bbox 1335 1702 1408 1752; x_wconf 88' lang='lat' dir='ltr'>sit,</span> <span class='ocrx_word' id='word_1_237' title='bbox 1431 1701 1594 1758; x_wconf 83' lang='lat' dir='ltr'>qnippe</span> 
     </span>
     <span class='ocr_line' id='line_1_28' title="bbox 138 1757 1597 1814; baseline 0 -16"><span class='ocrx_word' id='word_1_238' title='bbox 138 1769 223 1798; x_wconf 88' lang='lat' dir='ltr'>non</span> <span class='ocrx_word' id='word_1_239' title='bbox 246 1759 385 1812; x_wconf 83' lang='lat' dir='ltr'>magis</span> <span class='ocrx_word' id='word_1_240' title='bbox 408 1758 641 1800; x_wconf 74' lang='lat' dir='ltr'>immortali</span> <span class='ocrx_word' id='word_1_241' title='bbox 671 1759 841 1811; x_wconf 82' lang='lat' dir='ltr'>futuro,</span> <span class='ocrx_word' id='word_1_242' title='bbox 882 1773 1008 1814; x_wconf 87' lang='lat' dir='ltr'>quam</span> <span class='ocrx_word' id='word_1_243' title='bbox 1041 1758 1126 1799; x_wconf 85' lang='lat' dir='ltr'>Dei</span> <span class='ocrx_word' id='word_1_244' title='bbox 1155 1758 1285 1800; x_wconf 85' lang='lat' dir='ltr'>liberi</span> <span class='ocrx_word' id='word_1_245' title='bbox 1309 1757 1447 1799; x_wconf 84' lang='lat' dir='ltr'>futuri</span> <span class='ocrx_word' id='word_1_246' title='bbox 1477 1762 1597 1810; x_wconf 86' lang='lat' dir='ltr'>sunt,</span> 
     </span>
     <span class='ocr_line' id='line_1_29' title="bbox 139 1813 1596 1870; baseline 0.001 -17"><span class='ocrx_word' id='word_1_247' title='bbox 139 1827 369 1870; x_wconf 81' lang='lat' dir='ltr'>perperam</span> <span class='ocrx_word' id='word_1_248' title='bbox 393 1813 640 1869; x_wconf 78' lang='lat' dir='ltr'>majestatis</span> <span class='ocrx_word' id='word_1_249' title='bbox 663 1815 748 1856; x_wconf 73' lang='lat' dir='ltr'>Dei</span> <span class='ocrx_word' id='word_1_250' title='bbox 764 1815 989 1856; x_wconf 77' lang='lat' dir='ltr'>liberorum</span> <span class='ocrx_word' id='word_1_251' title='bbox 1012 1814 1237 1869; x_wconf 72' lang='lat' dir='ltr'>majestati</span> <span class='ocrx_word' id='word_1_252' title='bbox 1263 1813 1596 1868; x_wconf 77' lang='lat' dir='ltr'>responden-</span> 
     </span>
     <span class='ocr_line' id='line_1_30' title="bbox 137 1868 1598 1927; baseline -0.001 -15"><span class='ocrx_word' id='word_1_253' title='bbox 137 1870 214 1912; x_wconf 70' lang='lat' dir='ltr'>tis</span> <span class='ocrx_word' id='word_1_254' title='bbox 242 1875 283 1912; x_wconf 85' lang='lat' dir='ltr'>et</span> <span class='ocrx_word' id='word_1_255' title='bbox 313 1875 713 1912; x_wconf 81' lang='lat' dir='ltr'>consentaneae</span> <span class='ocrx_word' id='word_1_256' title='bbox 742 1872 958 1912; x_wconf 89' lang='lat' dir='ltr'>notionem</span> <span class='ocrx_word' id='word_1_257' title='bbox 991 1872 1217 1927; x_wconf 78' lang='lat' dir='ltr'>requiras,</span> <span class='ocrx_word' id='word_1_258' title='bbox 1255 1883 1366 1925; x_wconf 87' lang='lat' dir='ltr'>quae</span> <span class='ocrx_word' id='word_1_259' title='bbox 1395 1882 1479 1910; x_wconf 88' lang='lat' dir='ltr'>non</span> <span class='ocrx_word' id='word_1_260' title='bbox 1508 1868 1598 1910; x_wconf 74' lang='lat' dir='ltr'>cir-</span> 
     </span>
     <span class='ocr_line' id='line_1_31' title="bbox 138 1924 1597 1983; baseline -0.001 -16"><span class='ocrx_word' id='word_1_261' title='bbox 138 1927 493 1983; x_wconf 80' lang='lat' dir='ltr'>cumloquutione</span> <span class='ocrx_word' id='word_1_262' title='bbox 515 1941 592 1983; x_wconf 85' lang='lat' dir='ltr'>pro</span> <span class='ocrx_word' id='word_1_263' title='bbox 613 1927 799 1969; x_wconf 84' lang='lat' dir='ltr'>arbitrio</span> <span class='ocrx_word' id='word_1_264' title='bbox 818 1928 1004 1969; x_wconf 70' lang='lat' dir='ltr'>formata</span> <span class='ocrx_word' id='word_1_265' title='bbox 1026 1924 1051 1982; x_wconf 83' lang='grc' dir='ltr'>ἡ</span> <span class='ocrx_word' id='word_1_266' title='bbox 1075 1927 1216 1976; x_wconf 80' lang='grc' dir='ltr'><strong><em>κτίσις</em></strong></span> <span class='ocrx_word' id='word_1_267' title='bbox 1237 1924 1597 1980; x_wconf 77' lang='grc' dir='ltr'><strong><em>ἐλευθερωθεῖσα</em></strong></span> 
     </span>
     <span class='ocr_line' id='line_1_32' title="bbox 141 1980 1593 2040; baseline 0 -18"><span class='ocrx_word' id='word_1_268' title='bbox 141 1982 530 2040; x_wconf 77' lang='grc' dir='ltr'><strong><em>κατασταθήσεται</em></strong></span> <span class='ocrx_word' id='word_1_269' title='bbox 548 1981 629 2032; x_wconf 83' lang='grc' dir='ltr'><strong><em>εἰς</em></strong></span> <span class='ocrx_word' id='word_1_270' title='bbox 649 1981 761 2033; x_wconf 71' lang='grc' dir='ltr'><strong><em>ἕξιν</em></strong></span> <span class='ocrx_word' id='word_1_271' title='bbox 787 1980 1178 2038; x_wconf 76' lang='grc' dir='ltr'><strong><em>προςήκουσαν</em></strong></span> <span class='ocrx_word' id='word_1_272' title='bbox 1201 1983 1262 2038; x_wconf 78' lang='grc' dir='ltr'>τῇ</span> <span class='ocrx_word' id='word_1_273' title='bbox 1284 1981 1418 2038; x_wconf 81' lang='grc' dir='ltr'><strong><em>δόξῃ</em></strong></span> <span class='ocrx_word' id='word_1_274' title='bbox 1437 1996 1475 2023; x_wconf 87' lang='grc' dir='ltr'>τ.</span> <span class='ocrx_word' id='word_1_275' title='bbox 1493 1996 1532 2022; x_wconf 81' lang='grc' dir='ltr'>τ.</span> <span class='ocrx_word' id='word_1_276' title='bbox 1553 1995 1593 2022; x_wconf 83' lang='grc' dir='ltr'>τ.</span> 
     </span>
     <span class='ocr_line' id='line_1_33' title="bbox 139 2035 1598 2096; baseline -0.001 -17"><span class='ocrx_word' id='word_1_277' title='bbox 139 2040 189 2079; x_wconf 78' lang='grc' dir='ltr'>θ.</span> <span class='ocrx_word' id='word_1_278' title='bbox 212 2037 410 2093; x_wconf 67' lang='lat' dir='ltr'>(Rueck.)</span> <span class='ocrx_word' id='word_1_279' title='bbox 429 2039 504 2082; x_wconf 82' lang='lat' dir='ltr'>sed</span> <span class='ocrx_word' id='word_1_280' title='bbox 527 2040 606 2081; x_wconf 77' lang='lat' dir='ltr'>hac</span> <span class='ocrx_word' id='word_1_281' title='bbox 627 2040 896 2096; x_wconf 81' lang='lat' dir='ltr'>expositione</span> <span class='ocrx_word' id='word_1_282' title='bbox 918 2040 1129 2083; x_wconf 84' lang='lat' dir='ltr'>eflicitur:</span> <span class='ocrx_word' id='word_1_283' title='bbox 1159 2039 1202 2080; x_wconf 90' lang='lat' dir='ltr'>in</span> <span class='ocrx_word' id='word_1_284' title='bbox 1218 2038 1464 2079; x_wconf 82' lang='lat' dir='ltr'>libertatem</span> <span class='ocrx_word' id='word_1_285' title='bbox 1479 2035 1598 2093; x_wconf 77' lang='grc' dir='ltr'><strong><em>(μιαίὶ</em></strong></span> 
     </span>
     <span class='ocr_line' id='line_1_34' title="bbox 140 2092 1598 2155; baseline -0.002 -19"><span class='ocrx_word' id='word_1_286' title='bbox 140 2093 228 2136; x_wconf 83' lang='lat' dir='ltr'>Dei</span> <span class='ocrx_word' id='word_1_287' title='bbox 251 2094 487 2137; x_wconf 83' lang='lat' dir='ltr'>liberorum</span> <span class='ocrx_word' id='word_1_288' title='bbox 513 2097 721 2155; x_wconf 80' lang='lat' dir='ltr'>majestas</span> <span class='ocrx_word' id='word_1_289' title='bbox 752 2097 991 2153; x_wconf 73' lang='lat' dir='ltr'>perfruitur</span> <span class='ocrx_word' id='word_1_290' title='bbox 1019 2095 1131 2151; x_wconf 83' lang='lat' dir='ltr'>(Jes.</span> <span class='ocrx_word' id='word_1_291' title='bbox 1156 2095 1310 2149; x_wconf 85' lang='lat'>1‚10.).</span> <span class='ocrx_word' id='word_1_292' title='bbox 1365 2093 1482 2135; x_wconf 81' lang='lat' dir='ltr'>Male</span> <span class='ocrx_word' id='word_1_293' title='bbox 1504 2092 1598 2134; x_wconf 82' lang='lat' dir='ltr'>Lu-</span> 
     </span>
     <span class='ocr_line' id='line_1_35' title="bbox 141 2148 1596 2207; baseline -0.001 -15"><span class='ocrx_word' id='word_1_294' title='bbox 141 2150 309 2204; x_wconf 80' lang='lat' dir='ltr'>therus,</span> <span class='ocrx_word' id='word_1_295' title='bbox 348 2152 573 2195; x_wconf 80' lang='lat' dir='ltr'>Boehmius</span> <span class='ocrx_word' id='word_1_296' title='bbox 601 2154 660 2196; x_wconf 80' lang='lat' dir='ltr'>al.</span> <span class='ocrx_word' id='word_1_297' title='bbox 687 2150 766 2207; x_wconf 84' lang='grc' dir='ltr'>τὴν</span> <span class='ocrx_word' id='word_1_298' title='bbox 796 2151 1052 2206; x_wconf 75' lang='grc' dir='ltr'><strong><em>ἐλευθερίαν</em></strong></span> <span class='ocrx_word' id='word_1_299' title='bbox 1079 2152 1159 2207; x_wconf 78' lang='grc' dir='ltr'>τῆς</span> <span class='ocrx_word' id='word_1_300' title='bbox 1183 2148 1313 2205; x_wconf 79' lang='grc' dir='ltr'><strong><em>δόξης</em></strong></span> <span class='ocrx_word' id='word_1_301' title='bbox 1339 2163 1376 2191; x_wconf 81' lang='grc' dir='ltr'>τ.</span> <span class='ocrx_word' id='word_1_302' title='bbox 1408 2163 1446 2190; x_wconf 80' lang='grc' dir='ltr'>τ.</span> <span class='ocrx_word' id='word_1_303' title='bbox 1473 2163 1510 2189; x_wconf 86' lang='grc' dir='ltr'>τ.</span> <span class='ocrx_word' id='word_1_304' title='bbox 1544 2150 1596 2190; x_wconf 85' lang='grc' dir='ltr'>θ.</span> 
     </span>
     <span class='ocr_line' id='line_1_36' title="bbox 139 2204 1597 2262; baseline 0 -14"><span class='ocrx_word' id='word_1_305' title='bbox 139 2207 439 2260; x_wconf 74' lang='lat' dir='ltr'>yloriosam</span> <span class='ocrx_word' id='word_1_306' title='bbox 470 2209 556 2250; x_wconf 92' lang='lat' dir='ltr'>Dei</span> <span class='ocrx_word' id='word_1_307' title='bbox 579 2209 815 2250; x_wconf 83' lang='lat' dir='ltr'>liberorum</span> <span class='ocrx_word' id='word_1_308' title='bbox 845 2209 1085 2250; x_wconf 78' lang='lat' dir='ltr'>libertatem</span> <span class='ocrx_word' id='word_1_309' title='bbox 1109 2207 1448 2262; x_wconf 78' lang='lat' dir='ltr'>explanaverunt</span> <span class='ocrx_word' id='word_1_310' title='bbox 1467 2204 1597 2259; x_wconf 84' lang='lat' dir='ltr'>(Act.</span> 
     </span>
     <span class='ocr_line' id='line_1_37' title="bbox 142 2259 1598 2321; baseline -0.001 -18"><span class='ocrx_word' id='word_1_311' title='bbox 142 2264 236 2312; x_wconf 81' lang='lat'><strong>7,2.</strong></span> <span class='ocrx_word' id='word_1_312' title='bbox 258 2259 280 2304; x_wconf 77' lang='grc' dir='ltr'>ὁ</span> <span class='ocrx_word' id='word_1_313' title='bbox 300 2262 408 2313; x_wconf 80' lang='grc' dir='ltr'><strong><em>θεὸς</em></strong></span> <span class='ocrx_word' id='word_1_314' title='bbox 427 2267 504 2320; x_wconf 75' lang='grc' dir='ltr'>τῆς</span> <span class='ocrx_word' id='word_1_315' title='bbox 525 2264 844 2321; x_wconf 69' lang='grc' dir='ltr'>δόξηςΤοιέηῐ.</span> <span class='ocrx_word' id='word_1_316' title='bbox 871 2264 1044 2308; x_wconf 73' lang='lat' dir='ltr'>phorm.</span> <span class='ocrx_word' id='word_1_317' title='bbox 1066 2263 1237 2316; x_wconf 84' lang='lat'>1,2‚15.</span> <span class='ocrx_word' id='word_1_318' title='bbox 1259 2267 1423 2302; x_wconf 85' lang='lat' dir='ltr'>montes</span> <span class='ocrx_word' id='word_1_319' title='bbox 1443 2259 1598 2311; x_wconf 74' lang='lat' dir='ltr'>auri.).</span> 
     </span>
     <span class='ocr_line' id='line_1_38' title="bbox 145 2314 1598 2376; baseline -0.002 -17"><span class='ocrx_word' id='word_1_320' title='bbox 145 2317 321 2375; x_wconf 78' lang='lat' dir='ltr'>Quippe</span> <span class='ocrx_word' id='word_1_321' title='bbox 345 2335 426 2362; x_wconf 90' lang='lat' dir='ltr'>non</span> <span class='ocrx_word' id='word_1_322' title='bbox 455 2320 534 2376; x_wconf 77' lang='grc' dir='ltr'>τὴν</span> <span class='ocrx_word' id='word_1_323' title='bbox 561 2320 821 2375; x_wconf 72' lang='grc' dir='ltr'><strong><em>ἐλευθερίαν</em></strong></span> <span class='ocrx_word' id='word_1_324' title='bbox 845 2319 924 2375; x_wconf 73' lang='grc' dir='ltr'>τῆς</span> <span class='ocrx_word' id='word_1_325' title='bbox 951 2316 1102 2375; x_wconf 79' lang='grc' dir='ltr'><strong><em>δόξης,</em></strong></span> <span class='ocrx_word' id='word_1_326' title='bbox 1142 2318 1218 2359; x_wconf 87' lang='lat' dir='ltr'>sed</span> <span class='ocrx_word' id='word_1_327' title='bbox 1249 2315 1327 2372; x_wconf 80' lang='grc' dir='ltr'>τήν</span> <span class='ocrx_word' id='word_1_328' title='bbox 1358 2314 1488 2367; x_wconf 82' lang='grc' dir='ltr'><strong><em>δόξαν</em></strong></span> <span class='ocrx_word' id='word_1_329' title='bbox 1511 2316 1598 2357; x_wconf 80' lang='grc' dir='ltr'>τῶν</span> 
     </span>
     <span class='ocr_line' id='line_1_39' title="bbox 143 2374 1599 2428; baseline -0.002 -12"><span class='ocrx_word' id='word_1_330' title='bbox 143 2374 300 2417; x_wconf 80' lang='grc' dir='ltr'><strong><em>τέκνων</em></strong></span> <span class='ocrx_word' id='word_1_331' title='bbox 321 2379 399 2418; x_wconf 75' lang='grc' dir='ltr'>τοῦ</span> <span class='ocrx_word' id='word_1_332' title='bbox 419 2378 532 2420; x_wconf 85' lang='grc' dir='ltr'><strong><em>θεοῦ</em></strong></span> <span class='ocrx_word' id='word_1_333' title='bbox 551 2383 671 2418; x_wconf 83' lang='lat' dir='ltr'>arcte</span> <span class='ocrx_word' id='word_1_334' title='bbox 691 2377 945 2428; x_wconf 83' lang='lat' dir='ltr'>cohaerere,</span> <span class='ocrx_word' id='word_1_335' title='bbox 975 2390 998 2417; x_wconf 88' lang='lat' dir='ltr'>e</span> <span class='ocrx_word' id='word_1_336' title='bbox 1020 2390 1084 2418; x_wconf 81' lang='lat' dir='ltr'>vs.</span> <span class='ocrx_word' id='word_1_337' title='bbox 1106 2375 1174 2418; x_wconf 83' lang='lat'>18.</span> <span class='ocrx_word' id='word_1_338' title='bbox 1204 2375 1304 2426; x_wconf 86' lang='lat' dir='ltr'>fin.,</span> <span class='ocrx_word' id='word_1_339' title='bbox 1333 2388 1356 2415; x_wconf 89' lang='lat' dir='ltr'>e</span> <span class='ocrx_word' id='word_1_340' title='bbox 1384 2387 1486 2415; x_wconf 89' lang='lat' dir='ltr'>voce</span> <span class='ocrx_word' id='word_1_341' title='bbox 1519 2385 1599 2428; x_wconf 83' lang='lat' dir='ltr'>op·-</span> 
     </span>
     <span class='ocr_line' id='line_1_40' title="bbox 145 2429 1599 2488; baseline -0.001 -18"><span class='ocrx_word' id='word_1_342' title='bbox 145 2431 286 2487; x_wconf 68' lang='lat' dir='ltr'>posita</span> <span class='ocrx_word' id='word_1_343' title='bbox 307 2436 383 2488; x_wconf 77' lang='grc' dir='ltr'>τῆς</span> <span class='ocrx_word' id='word_1_344' title='bbox 405 2432 585 2488; x_wconf 78' lang='grc' dir='ltr'><strong><em>φθορᾶς</em></strong></span> <span class='ocrx_word' id='word_1_345' title='bbox 605 2448 644 2475; x_wconf 77' lang='lat' dir='ltr'>v.</span> <span class='ocrx_word' id='word_1_346' title='bbox 662 2434 733 2476; x_wconf 87' lang='lat'>21.</span> <span class='ocrx_word' id='word_1_347' title='bbox 762 2436 806 2474; x_wconf 88' lang='lat' dir='ltr'>et</span> <span class='ocrx_word' id='word_1_348' title='bbox 833 2447 885 2475; x_wconf 82' lang='lat' dir='ltr'>ex</span> <span class='ocrx_word' id='word_1_349' title='bbox 920 2431 1015 2488; x_wconf 66' lang='lat' dir='ltr'>ipsa</span> <span class='ocrx_word' id='word_1_350' title='bbox 1046 2445 1092 2472; x_wconf 86' lang='lat' dir='ltr'>re</span> <span class='ocrx_word' id='word_1_351' title='bbox 1120 2437 1163 2472; x_wconf 89' lang='lat' dir='ltr'>et</span> <span class='ocrx_word' id='word_1_352' title='bbox 1193 2429 1408 2472; x_wconf 72' lang='lat' dir='ltr'>sententia</span> <span class='ocrx_word' id='word_1_353' title='bbox 1439 2442 1599 2481; x_wconf 84' lang='lat' dir='ltr'>cogno·</span> 
     </span>
     <span class='ocr_line' id='line_1_41' title="bbox 146 2485 1599 2545; baseline -0.001 -19"><span class='ocrx_word' id='word_1_354' title='bbox 146 2488 285 2527; x_wconf 82' lang='lat' dir='ltr'>scitur</span> <span class='ocrx_word' id='word_1_355' title='bbox 304 2490 364 2541; x_wconf 79' lang='lat' dir='ltr'>(v,</span> <span class='ocrx_word' id='word_1_356' title='bbox 385 2494 550 2545; x_wconf 77' lang='lat' dir='ltr'>supra).</span> <span class='ocrx_word' id='word_1_357' title='bbox 611 2488 843 2531; x_wconf 83' lang='lat' dir='ltr'>Praeterea</span> <span class='ocrx_word' id='word_1_358' title='bbox 865 2487 942 2539; x_wconf 87' lang='lat' dir='ltr'>P.,</span> <span class='ocrx_word' id='word_1_359' title='bbox 971 2491 1018 2528; x_wconf 88' lang='lat' dir='ltr'>ut</span> <span class='ocrx_word' id='word_1_360' title='bbox 1040 2487 1364 2541; x_wconf 82' lang='lat' dir='ltr'>ambiguitatem</span> <span class='ocrx_word' id='word_1_361' title='bbox 1397 2485 1599 2536; x_wconf 82' lang='lat' dir='ltr'>evitaret,</span> 
     </span>
     <span class='ocr_line' id='line_1_42' title="bbox 146 2539 1599 2602; baseline -0.002 -18"><span class='ocrx_word' id='word_1_362' title='bbox 146 2543 227 2584; x_wconf 87' lang='lat' dir='ltr'>hoc</span> <span class='ocrx_word' id='word_1_363' title='bbox 250 2550 373 2599; x_wconf 83' lang='lat' dir='ltr'>pacto</span> <span class='ocrx_word' id='word_1_364' title='bbox 395 2547 657 2602; x_wconf 83' lang='lat' dir='ltr'>scripturum</span> <span class='ocrx_word' id='word_1_365' title='bbox 682 2546 816 2586; x_wconf 79' lang='lat' dir='ltr'>fuisse</span> <span class='ocrx_word' id='word_1_366' title='bbox 837 2540 898 2593; x_wconf 79' lang='grc' dir='ltr'><strong><em>εἷς</em></strong></span> <span class='ocrx_word' id='word_1_367' title='bbox 917 2541 1012 2598; x_wconf 66' lang='grc' dir='ltr'>τήν</span> <span class='ocrx_word' id='word_1_368' title='bbox 1041 2542 1208 2593; x_wconf 77' lang='grc' dir='ltr'><strong><em>δόξαν</em></strong></span> <span class='ocrx_word' id='word_1_369' title='bbox 1236 2544 1329 2597; x_wconf 82' lang='grc' dir='ltr'>τῆς</span> <span class='ocrx_word' id='word_1_370' title='bbox 1359 2539 1599 2583; x_wconf 79' lang='grc' dir='ltr'><strong><em>ἐλευθε-</em></strong></span> 
     </span>
     <span class='ocr_line' id='line_1_43' title="bbox 148 2593 1598 2656; baseline 0 -17"><span class='ocrx_word' id='word_1_371' title='bbox 148 2597 274 2654; x_wconf 82' lang='grc' dir='ltr'><strong><em>ρίας</em></strong></span> <span class='ocrx_word' id='word_1_372' title='bbox 290 2599 374 2640; x_wconf 79' lang='grc' dir='ltr'>τῶν</span> <span class='ocrx_word' id='word_1_373' title='bbox 391 2615 427 2640; x_wconf 87' lang='grc' dir='ltr'>τ.</span> <span class='ocrx_word' id='word_1_374' title='bbox 451 2617 487 2643; x_wconf 83' lang='grc' dir='ltr'>τ.</span> <span class='ocrx_word' id='word_1_375' title='bbox 508 2605 554 2642; x_wconf 77' lang='grc' dir='ltr'>θ.</span> <span class='ocrx_word' id='word_1_376' title='bbox 578 2602 681 2642; x_wconf 85' lang='lat' dir='ltr'>mihi</span> <span class='ocrx_word' id='word_1_377' title='bbox 702 2615 954 2656; x_wconf 80' lang='lat' dir='ltr'>persuasum</span> <span class='ocrx_word' id='word_1_378' title='bbox 975 2605 1057 2642; x_wconf 86' lang='lat' dir='ltr'>est.</span> <span class='ocrx_word' id='word_1_379' title='bbox 1118 2599 1319 2642; x_wconf 86' lang='lat' dir='ltr'>Ceterum</span> <span class='ocrx_word' id='word_1_380' title='bbox 1340 2602 1518 2638; x_wconf 86' lang='lat' dir='ltr'>mortem</span> <span class='ocrx_word' id='word_1_381' title='bbox 1543 2593 1598 2639; x_wconf 81' lang='lat' dir='ltr'>P.</span> 
     </span>
     <span class='ocr_line' id='line_1_44' title="bbox 148 2651 1600 2712; baseline -0.001 -18"><span class='ocrx_word' id='word_1_382' title='bbox 148 2655 305 2695; x_wconf 87' lang='lat' dir='ltr'>mundo</span> <span class='ocrx_word' id='word_1_383' title='bbox 337 2658 580 2710; x_wconf 77' lang='lat' dir='ltr'>portendit,</span> <span class='ocrx_word' id='word_1_384' title='bbox 624 2672 704 2698; x_wconf 91' lang='lat' dir='ltr'>nou</span> <span class='ocrx_word' id='word_1_385' title='bbox 745 2652 826 2712; x_wconf 69' lang='lat' dir='ltr'>qua</span> <span class='ocrx_word' id='word_1_386' title='bbox 870 2657 1176 2709; x_wconf 53' lang='lat' dir='ltr'>exotinguatur</span> <span class='ocrx_word' id='word_1_387' title='bbox 1215 2661 1264 2696; x_wconf 88' lang='lat' dir='ltr'>ut</span> <span class='ocrx_word' id='word_1_388' title='bbox 1301 2654 1343 2695; x_wconf 89' lang='lat' dir='ltr'>in</span> <span class='ocrx_word' id='word_1_389' title='bbox 1384 2651 1600 2693; x_wconf 84' lang='lat' dir='ltr'>consumti</span> 
     </span>
     <span class='ocr_line' id='line_1_45' title="bbox 148 2708 1599 2766; baseline 0 -14"><span class='ocrx_word' id='word_1_390' title='bbox 148 2710 295 2752; x_wconf 86' lang='lat' dir='ltr'>mnndi</span> <span class='ocrx_word' id='word_1_391' title='bbox 314 2712 452 2752; x_wconf 86' lang='lat' dir='ltr'>locum</span> <span class='ocrx_word' id='word_1_392' title='bbox 475 2715 582 2754; x_wconf 68' lang='lat' dir='ltr'>olins</span> <span class='ocrx_word' id='word_1_393' title='bbox 614 2714 796 2754; x_wconf 71' lang='lat' dir='ltr'>nuzndus</span> <span class='ocrx_word' id='word_1_394' title='bbox 826 2711 1026 2754; x_wconf 83' lang='lat' dir='ltr'>succedat</span> <span class='ocrx_word' id='word_1_395' title='bbox 1053 2714 1113 2766; x_wconf 83' lang='lat' dir='ltr'>(v.</span> <span class='ocrx_word' id='word_1_396' title='bbox 1133 2711 1350 2752; x_wconf 79' lang='lat' dir='ltr'>Ewaldum</span> <span class='ocrx_word' id='word_1_397' title='bbox 1378 2708 1431 2749; x_wconf 89' lang='lat' dir='ltr'>ad</span> <span class='ocrx_word' id='word_1_398' title='bbox 1449 2710 1599 2764; x_wconf 77' lang='lat' dir='ltr'>Apoc-</span> 
     </span>
     <span class='ocr_line' id='line_1_46' title="bbox 148 2767 1599 2823; baseline 0 -17"><span class='ocrx_word' id='word_1_399' title='bbox 148 2767 318 2819; x_wconf 85' lang='lat'>21‚1.),</span> <span class='ocrx_word' id='word_1_400' title='bbox 348 2769 424 2807; x_wconf 76' lang='lat' dir='ltr'>sed</span> <span class='ocrx_word' id='word_1_401' title='bbox 448 2783 496 2807; x_wconf 81' lang='lat' dir='ltr'>ex</span> <span class='ocrx_word' id='word_1_402' title='bbox 531 2770 610 2822; x_wconf 74' lang='lat' dir='ltr'>qna</span> <span class='ocrx_word' id='word_1_403' title='bbox 644 2769 684 2809; x_wconf 88' lang='lat' dir='ltr'>in</span> <span class='ocrx_word' id='word_1_404' title='bbox 715 2771 844 2810; x_wconf 76' lang='lat' dir='ltr'>vitam</span> <span class='ocrx_word' id='word_1_405' title='bbox 876 2769 1182 2823; x_wconf 79' lang='lat' dir='ltr'>sempiternam</span> <span class='ocrx_word' id='word_1_406' title='bbox 1218 2767 1312 2822; x_wconf 76' lang='lat' dir='ltr'>ipse</span> <span class='ocrx_word' id='word_1_407' title='bbox 1338 2771 1599 2807; x_wconf 81' lang='lat' dir='ltr'>revertatur.</span> 
     </span>
     <span class='ocr_line' id='line_1_47' title="bbox 149 2820 1599 2879; baseline -0.002 -15"><span class='ocrx_word' id='word_1_408' title='bbox 149 2822 244 2865; x_wconf 85' lang='lat' dir='ltr'>Hoc</span> <span class='ocrx_word' id='word_1_409' title='bbox 264 2831 308 2866; x_wconf 85' lang='lat' dir='ltr'>et</span> <span class='ocrx_word' id='word_1_410' title='bbox 330 2825 352 2865; x_wconf 87' lang='grc'><strong>1</strong></span> <span class='ocrx_word' id='word_1_411' title='bbox 366 2823 465 2869; x_wconf 74' lang='lat' dir='ltr'>Cor.</span> <span class='ocrx_word' id='word_1_412' title='bbox 486 2827 605 2877; x_wconf 54' lang='lat'>231.</span> <span class='ocrx_word' id='word_1_413' title='bbox 629 2832 670 2868; x_wconf 87' lang='lat' dir='ltr'>ct</span> <span class='ocrx_word' id='word_1_414' title='bbox 689 2833 836 2869; x_wconf 75' lang='lat' dir='ltr'>noster</span> <span class='ocrx_word' id='word_1_415' title='bbox 857 2825 888 2870; x_wconf 85' lang='lat'>1.</span> <span class='ocrx_word' id='word_1_416' title='bbox 907 2825 1046 2872; x_wconf 85' lang='lat' dir='ltr'>docet.</span> <span class='ocrx_word' id='word_1_417' title='bbox 1104 2823 1220 2867; x_wconf 82' lang='lat' dir='ltr'>Male</span> <span class='ocrx_word' id='word_1_418' title='bbox 1241 2822 1355 2866; x_wconf 86' lang='lat' dir='ltr'>enim</span> <span class='ocrx_word' id='word_1_419' title='bbox 1365 2823 1458 2879; x_wconf 84' lang='lat' dir='ltr'>Ap.</span> <span class='ocrx_word' id='word_1_420' title='bbox 1472 2820 1599 2864; x_wconf 86' lang='lat' dir='ltr'>Mun-</span> 
     </span>
    </p>
   </div>
  </div>
 </body>
</html>
