<?xml version="1.0" encoding="UTF-8"?>
<!DOCTYPE html PUBLIC "-//W3C//DTD XHTML 1.0 Transitional//EN"
    "http://www.w3.org/TR/xhtml1/DTD/xhtml1-transitional.dtd">
<html xmlns="http://www.w3.org/1999/xhtml" xml:lang="en" lang="en">
 <head>
  <title>
</title>
<meta http-equiv="Content-Type" content="text/html;charset=utf-8" />
  <meta name='ocr-system' content='tesseract 3.04.00' />
  <meta name='ocr-capabilities' content='ocr_page ocr_carea ocr_par ocr_line ocrx_word'/>
</head>
<body>
  <div class='ocr_page' id='page_1' title='image "./pauliadromanosep02frituoft/pauliadromanosep02frituoft_0010.png"; bbox 0 0 1715 3115; ppageno 0'>
   <div class='ocr_carea' id='block_1_1' title="bbox 110 102 1133 148">
    <p class='ocr_par' dir='ltr' id='par_1_1' title="bbox 110 102 1133 148">
     <span class='ocr_line' id='line_1_1' title="bbox 110 102 1133 148; baseline 0.004 -4"><span class='ocrx_word' id='word_1_1' title='bbox 110 112 160 144; x_wconf 78' lang='lat' dir='ltr'><strong>vr</strong></span> <span class='ocrx_word' id='word_1_2' title='bbox 553 102 1133 148; x_wconf 73' lang='lat' dir='ltr'>PRAEFATIO.</span> 
     </span>
    </p>
   </div>
   <div class='ocr_carea' id='block_1_2' title="bbox 94 205 1587 1850">
    <p class='ocr_par' dir='ltr' id='par_1_2' title="bbox 94 205 1587 1794">
     <span class='ocr_line' id='line_1_2' title="bbox 107 205 1587 261; baseline 0.003 -16"><span class='ocrx_word' id='word_1_3' title='bbox 107 211 152 246; x_wconf 85' lang='lat' dir='ltr'><strong>et</strong></span> <span class='ocrx_word' id='word_1_4' title='bbox 185 205 420 247; x_wconf 68' lang='lat' dir='ltr'>auctoritas</span> <span class='ocrx_word' id='word_1_5' title='bbox 458 205 771 261; x_wconf 82' lang='lat' dir='ltr'><strong>impulsumque</strong></span> <span class='ocrx_word' id='word_1_6' title='bbox 805 206 1022 249; x_wconf 86' lang='lat' dir='ltr'><strong>inclinavit</strong></span> <span class='ocrx_word' id='word_1_7' title='bbox 1060 219 1217 248; x_wconf 86' lang='lat' dir='ltr'><strong>causae</strong></span> <span class='ocrx_word' id='word_1_8' title='bbox 1250 218 1359 260; x_wconf 88' lang='lat' dir='ltr'><strong>quae</strong></span> <span class='ocrx_word' id='word_1_9' title='bbox 1386 215 1587 261; x_wconf 83' lang='lat' dir='ltr'><strong>ageretur</strong></span> 
     </span>
     <span class='ocr_line' id='line_1_3' title="bbox 106 271 1585 329; baseline 0.003 -17"><span class='ocrx_word' id='word_1_10' title='bbox 106 272 301 326; x_wconf 80' lang='lat' dir='ltr'>bonitas,</span> <span class='ocrx_word' id='word_1_11' title='bbox 332 273 473 314; x_wconf 83' lang='lat' dir='ltr'><strong>oblata</strong></span> <span class='ocrx_word' id='word_1_12' title='bbox 493 271 546 313; x_wconf 91' lang='lat' dir='ltr'><strong>de</strong></span> <span class='ocrx_word' id='word_1_13' title='bbox 567 274 696 315; x_wconf 88' lang='lat' dir='ltr'><strong>literis</strong></span> <span class='ocrx_word' id='word_1_14' title='bbox 717 275 826 314; x_wconf 90' lang='lat' dir='ltr'><strong>bene</strong></span> <span class='ocrx_word' id='word_1_15' title='bbox 849 272 1038 314; x_wconf 87' lang='lat' dir='ltr'><strong>merendi</strong></span> <span class='ocrx_word' id='word_1_16' title='bbox 1062 275 1376 329; x_wconf 84' lang='lat' dir='ltr'><strong>opportunitas,</strong></span> <span class='ocrx_word' id='word_1_17' title='bbox 1405 274 1585 327; x_wconf 88' lang='lat' dir='ltr'><strong>denique</strong></span> 
     </span>
     <span class='ocr_line' id='line_1_4' title="bbox 106 338 1585 395; baseline 0.002 -17"><span class='ocrx_word' id='word_1_18' title='bbox 106 339 251 378; x_wconf 89' lang='lat' dir='ltr'><strong>multis</strong></span> <span class='ocrx_word' id='word_1_19' title='bbox 271 338 563 380; x_wconf 82' lang='lat' dir='ltr'><strong>satisfaciendi</strong></span> <span class='ocrx_word' id='word_1_20' title='bbox 583 338 667 392; x_wconf 67' lang='lat' dir='ltr'><strong>qua</strong></span> <span class='ocrx_word' id='word_1_21' title='bbox 685 340 888 380; x_wconf 89' lang='lat' dir='ltr'><strong>incensus</strong></span> <span class='ocrx_word' id='word_1_22' title='bbox 910 351 1005 379; x_wconf 90' lang='lat' dir='ltr'><strong>sum</strong></span> <span class='ocrx_word' id='word_1_23' title='bbox 1028 339 1240 382; x_wconf 82' lang='lat' dir='ltr'><strong>alacritas.</strong></span> <span class='ocrx_word' id='word_1_24' title='bbox 1296 339 1453 395; x_wconf 91' lang='lat' dir='ltr'><strong>Neque</strong></span> <span class='ocrx_word' id='word_1_25' title='bbox 1477 342 1585 381; x_wconf 84' lang='lat' dir='ltr'><strong>haee</strong></span> 
     </span>
     <span class='ocr_line' id='line_1_5' title="bbox 105 405 1582 463; baseline 0.001 -17"><span class='ocrx_word' id='word_1_26' title='bbox 105 406 310 460; x_wconf 81' lang='lat' dir='ltr'><strong>cogitatio</strong></span> <span class='ocrx_word' id='word_1_27' title='bbox 329 407 515 446; x_wconf 90' lang='lat' dir='ltr'><strong>animum</strong></span> <span class='ocrx_word' id='word_1_28' title='bbox 535 419 618 446; x_wconf 90' lang='lat' dir='ltr'><strong>non</strong></span> <span class='ocrx_word' id='word_1_29' title='bbox 641 406 790 459; x_wconf 83' lang='lat' dir='ltr'><strong>subiit,</strong></span> <span class='ocrx_word' id='word_1_30' title='bbox 818 405 1093 447; x_wconf 88' lang='lat' dir='ltr'><strong>metuendum</strong></span> <span class='ocrx_word' id='word_1_31' title='bbox 1124 407 1225 447; x_wconf 90' lang='lat' dir='ltr'><strong>mihi</strong></span> <span class='ocrx_word' id='word_1_32' title='bbox 1253 420 1378 463; x_wconf 92' lang='lat' dir='ltr'><strong>esse,</strong></span> <span class='ocrx_word' id='word_1_33' title='bbox 1417 419 1471 448; x_wconf 87' lang='lat' dir='ltr'><strong>ne</strong></span> <span class='ocrx_word' id='word_1_34' title='bbox 1498 408 1582 462; x_wconf 80' lang='lat' dir='ltr'><strong>qui,</strong></span> 
     </span>
     <span class='ocr_line' id='line_1_6' title="bbox 104 472 1581 527; baseline 0 -14"><span class='ocrx_word' id='word_1_35' title='bbox 104 478 152 515; x_wconf 88' lang='lat' dir='ltr'><strong>ut</strong></span> <span class='ocrx_word' id='word_1_36' title='bbox 170 484 226 514; x_wconf 84' lang='lat' dir='ltr'><strong>ex</strong></span> <span class='ocrx_word' id='word_1_37' title='bbox 243 472 386 513; x_wconf 89' lang='lat' dir='ltr'><strong>multis</strong></span> <span class='ocrx_word' id='word_1_38' title='bbox 415 484 553 526; x_wconf 89' lang='lat' dir='ltr'><strong>neque</strong></span> <span class='ocrx_word' id='word_1_39' title='bbox 581 472 793 526; x_wconf 85' lang='lat' dir='ltr'><strong>ambiguis</strong></span> <span class='ocrx_word' id='word_1_40' title='bbox 822 473 986 514; x_wconf 79' lang='lat' dir='ltr'><strong>favoris</strong></span> <span class='ocrx_word' id='word_1_41' title='bbox 1014 479 1060 514; x_wconf 87' lang='lat' dir='ltr'><strong>et</strong></span> <span class='ocrx_word' id='word_1_42' title='bbox 1090 474 1416 517; x_wconf 85' lang='lat' dir='ltr'><strong>benevolentiae</strong></span> <span class='ocrx_word' id='word_1_43' title='bbox 1445 474 1581 527; x_wconf 85' lang='lat' dir='ltr'><strong>signis</strong></span> 
     </span>
     <span class='ocr_line' id='line_1_7' title="bbox 102 537 1581 595; baseline 0 -15"><span class='ocrx_word' id='word_1_44' title='bbox 102 539 436 593; x_wconf 79' lang='lat' dir='ltr'><strong>cognovissem,</strong></span> <span class='ocrx_word' id='word_1_45' title='bbox 471 537 567 580; x_wconf 71' lang='lat' dir='ltr'><strong>mea</strong></span> <span class='ocrx_word' id='word_1_46' title='bbox 591 538 874 591; x_wconf 85' lang='lat' dir='ltr'><strong>gravissimae</strong></span> <span class='ocrx_word' id='word_1_47' title='bbox 899 539 1109 593; x_wconf 89' lang='lat' dir='ltr'><strong>epistolae</strong></span> <span class='ocrx_word' id='word_1_48' title='bbox 1132 542 1412 595; x_wconf 85' lang='lat' dir='ltr'><strong>explicatione</strong></span> <span class='ocrx_word' id='word_1_49' title='bbox 1430 553 1456 581; x_wconf 88' lang='lat' dir='ltr'><strong>a</strong></span> <span class='ocrx_word' id='word_1_50' title='bbox 1479 541 1581 581; x_wconf 90' lang='lat' dir='ltr'><strong>viris</strong></span> 
     </span>
     <span class='ocr_line' id='line_1_8' title="bbox 102 605 1578 664; baseline 0 -17"><span class='ocrx_word' id='word_1_51' title='bbox 102 605 241 647; x_wconf 90' lang='lat' dir='ltr'><strong>doctis</strong></span> <span class='ocrx_word' id='word_1_52' title='bbox 264 606 444 659; x_wconf 86' lang='lat' dir='ltr'><strong>gratiam</strong></span> <span class='ocrx_word' id='word_1_53' title='bbox 463 606 663 658; x_wconf 85' lang='lat' dir='ltr'><strong>inissem,</strong></span> <span class='ocrx_word' id='word_1_54' title='bbox 691 606 881 659; x_wconf 87' lang='lat' dir='ltr'><strong>ingratus</strong></span> <span class='ocrx_word' id='word_1_55' title='bbox 903 618 1006 647; x_wconf 90' lang='lat' dir='ltr'><strong>esse</strong></span> <span class='ocrx_word' id='word_1_56' title='bbox 1024 607 1219 664; x_wconf 79' lang='lat' dir='ltr'><strong>viderer,</strong></span> <span class='ocrx_word' id='word_1_57' title='bbox 1249 610 1288 649; x_wconf 92' lang='lat' dir='ltr'><strong>si</strong></span> <span class='ocrx_word' id='word_1_58' title='bbox 1310 620 1450 648; x_wconf 89' lang='lat' dir='ltr'><strong>meum</strong></span> <span class='ocrx_word' id='word_1_59' title='bbox 1478 612 1578 647; x_wconf 90' lang='lat' dir='ltr'><strong>stu-</strong></span> 
     </span>
     <span class='ocr_line' id='line_1_9' title="bbox 102 670 1580 724; baseline -0.002 -11"><span class='ocrx_word' id='word_1_60' title='bbox 102 673 218 713; x_wconf 88' lang='lat' dir='ltr'><strong>dium</strong></span> <span class='ocrx_word' id='word_1_61' title='bbox 248 672 302 714; x_wconf 88' lang='lat' dir='ltr'><strong>ad</strong></span> <span class='ocrx_word' id='word_1_62' title='bbox 340 684 486 712; x_wconf 89' lang='lat' dir='ltr'><strong>eorum</strong></span> <span class='ocrx_word' id='word_1_63' title='bbox 525 670 713 711; x_wconf 86' lang='lat' dir='ltr'><strong>rationes</strong></span> <span class='ocrx_word' id='word_1_64' title='bbox 751 673 1072 714; x_wconf 85' lang='lat' dir='ltr'><strong>accommodare</strong></span> <span class='ocrx_word' id='word_1_65' title='bbox 1110 674 1362 715; x_wconf 87' lang='lat' dir='ltr'><strong>noluissem.</strong></span> <span class='ocrx_word' id='word_1_66' title='bbox 1427 673 1580 724; x_wconf 82' lang='lat' dir='ltr'><strong>Itaque</strong></span> 
     </span>
     <span class='ocr_line' id='line_1_10' title="bbox 102 735 1578 792; baseline -0.001 -14"><span class='ocrx_word' id='word_1_67' title='bbox 102 737 227 792; x_wconf 87' lang='lat' dir='ltr'><strong>quasi</strong></span> <span class='ocrx_word' id='word_1_68' title='bbox 247 737 469 792; x_wconf 88' lang='lat' dir='ltr'><strong>Penelope</strong></span> <span class='ocrx_word' id='word_1_69' title='bbox 497 737 626 777; x_wconf 86' lang='lat' dir='ltr'><strong>telam</strong></span> <span class='ocrx_word' id='word_1_70' title='bbox 652 742 855 778; x_wconf 88' lang='lat' dir='ltr'><strong>retexens</strong></span> <span class='ocrx_word' id='word_1_71' title='bbox 887 739 1211 780; x_wconf 84' lang='lat' dir='ltr'><strong>contractiorem</strong></span> <span class='ocrx_word' id='word_1_72' title='bbox 1237 749 1377 779; x_wconf 87' lang='lat' dir='ltr'><strong>meam</strong></span> <span class='ocrx_word' id='word_1_73' title='bbox 1403 742 1448 779; x_wconf 87' lang='lat' dir='ltr'><strong>et</strong></span> <span class='ocrx_word' id='word_1_74' title='bbox 1473 735 1578 777; x_wconf 89' lang='lat' dir='ltr'><strong>bre-</strong></span> 
     </span>
     <span class='ocr_line' id='line_1_11' title="bbox 100 803 1578 859; baseline -0.001 -14"><span class='ocrx_word' id='word_1_75' title='bbox 100 806 264 847; x_wconf 78' lang='lat' dir='ltr'><strong>viorem</strong></span> <span class='ocrx_word' id='word_1_76' title='bbox 283 803 670 858; x_wconf 86' lang='lat' dir='ltr'><strong>interpretationem</strong></span> <span class='ocrx_word' id='word_1_77' title='bbox 691 804 849 844; x_wconf 87' lang='lat' dir='ltr'><strong>sustuli</strong></span> <span class='ocrx_word' id='word_1_78' title='bbox 868 803 1148 859; x_wconf 90' lang='lat' dir='ltr'><strong>uberioreque</strong></span> <span class='ocrx_word' id='word_1_79' title='bbox 1175 804 1249 846; x_wconf 90' lang='lat' dir='ltr'><strong>filo</strong></span> <span class='ocrx_word' id='word_1_80' title='bbox 1277 816 1362 858; x_wconf 90' lang='lat' dir='ltr'><strong>quo</strong></span> <span class='ocrx_word' id='word_1_81' title='bbox 1394 813 1578 845; x_wconf 86' lang='lat' dir='ltr'><strong>exorsus</strong></span> 
     </span>
     <span class='ocr_line' id='line_1_12' title="bbox 101 867 1579 926; baseline -0.002 -13"><span class='ocrx_word' id='word_1_82' title='bbox 101 884 217 913; x_wconf 84' lang='lat' dir='ltr'><strong>eram</strong></span> <span class='ocrx_word' id='word_1_83' title='bbox 242 878 378 914; x_wconf 90' lang='lat' dir='ltr'><strong>totum</strong></span> <span class='ocrx_word' id='word_1_84' title='bbox 409 881 518 923; x_wconf 89' lang='lat' dir='ltr'><strong>opus</strong></span> <span class='ocrx_word' id='word_1_85' title='bbox 546 867 600 911; x_wconf 64' lang='lat' dir='ltr'><strong>ea</strong></span> <span class='ocrx_word' id='word_1_86' title='bbox 626 867 844 924; x_wconf 73' lang='lat' dir='ltr'><strong>diligentia</strong></span> <span class='ocrx_word' id='word_1_87' title='bbox 867 870 1087 924; x_wconf 84' lang='lat' dir='ltr'><strong>pertexui,</strong></span> <span class='ocrx_word' id='word_1_88' title='bbox 1128 883 1255 925; x_wconf 85' lang='lat' dir='ltr'><strong>quam</strong></span> <span class='ocrx_word' id='word_1_89' title='bbox 1284 869 1416 926; x_wconf 86' lang='lat' dir='ltr'><strong>fides,</strong></span> <span class='ocrx_word' id='word_1_90' title='bbox 1463 870 1579 911; x_wconf 86' lang='lat' dir='ltr'><strong>sama</strong></span> 
     </span>
     <span class='ocr_line' id='line_1_13' title="bbox 98 935 1578 993; baseline -0.001 -14"><span class='ocrx_word' id='word_1_91' title='bbox 98 951 258 993; x_wconf 91' lang='lat' dir='ltr'><strong>resque</strong></span> <span class='ocrx_word' id='word_1_92' title='bbox 289 949 387 978; x_wconf 89' lang='lat' dir='ltr'><strong>mea</strong></span> <span class='ocrx_word' id='word_1_93' title='bbox 411 937 660 991; x_wconf 87' lang='lat' dir='ltr'><strong>postularet.</strong></span> <span class='ocrx_word' id='word_1_94' title='bbox 733 935 865 977; x_wconf 91' lang='lat' dir='ltr'><strong>Nunc</strong></span> <span class='ocrx_word' id='word_1_95' title='bbox 895 937 1078 991; x_wconf 90' lang='lat' dir='ltr'><strong>quinque</strong></span> <span class='ocrx_word' id='word_1_96' title='bbox 1105 938 1312 992; x_wconf 86' lang='lat' dir='ltr'><strong>capitum,</strong></span> <span class='ocrx_word' id='word_1_97' title='bbox 1349 938 1500 992; x_wconf 89' lang='lat' dir='ltr'><strong>quibus</strong></span> <span class='ocrx_word' id='word_1_98' title='bbox 1533 937 1578 977; x_wconf 90' lang='lat' dir='ltr'><strong>in</strong></span> 
     </span>
     <span class='ocr_line' id='line_1_14' title="bbox 97 1003 1575 1058; baseline -0.002 -12"><span class='ocrx_word' id='word_1_99' title='bbox 97 1011 188 1046; x_wconf 89' lang='lat' dir='ltr'><strong>toto</strong></span> <span class='ocrx_word' id='word_1_100' title='bbox 210 1003 268 1045; x_wconf 89' lang='lat' dir='ltr'><strong>N.</strong></span> <span class='ocrx_word' id='word_1_101' title='bbox 287 1004 336 1046; x_wconf 87' lang='grc' dir='ltr'><strong>Τ.</strong></span> <span class='ocrx_word' id='word_1_102' title='bbox 358 1010 448 1046; x_wconf 86' lang='lat' dir='ltr'><strong>tum</strong></span> <span class='ocrx_word' id='word_1_103' title='bbox 468 1005 521 1046; x_wconf 90' lang='lat' dir='ltr'><strong>ob</strong></span> <span class='ocrx_word' id='word_1_104' title='bbox 547 1005 735 1058; x_wconf 90' lang='lat' dir='ltr'><strong>ipsorum</strong></span> <span class='ocrx_word' id='word_1_105' title='bbox 762 1004 1064 1045; x_wconf 85' lang='lat' dir='ltr'><strong>obscuritatem</strong></span> <span class='ocrx_word' id='word_1_106' title='bbox 1092 1012 1183 1046; x_wconf 85' lang='lat' dir='ltr'><strong>tum</strong></span> <span class='ocrx_word' id='word_1_107' title='bbox 1212 1011 1386 1058; x_wconf 89' lang='lat' dir='ltr'><strong>propter</strong></span> <span class='ocrx_word' id='word_1_108' title='bbox 1411 1004 1575 1044; x_wconf 91' lang='lat' dir='ltr'><strong>multo-</strong></span> 
     </span>
     <span class='ocr_line' id='line_1_15' title="bbox 97 1070 1574 1126; baseline -0.001 -13"><span class='ocrx_word' id='word_1_109' title='bbox 97 1085 190 1113; x_wconf 91' lang='lat' dir='ltr'><strong>rum</strong></span> <span class='ocrx_word' id='word_1_110' title='bbox 208 1071 510 1126; x_wconf 82' lang='lat' dir='ltr'><strong>interpretum,</strong></span> <span class='ocrx_word' id='word_1_111' title='bbox 540 1072 611 1125; x_wconf 89' lang='lat' dir='ltr'><strong>qui</strong></span> <span class='ocrx_word' id='word_1_112' title='bbox 630 1070 753 1112; x_wconf 88' lang='lat' dir='ltr'><strong>Pauli</strong></span> <span class='ocrx_word' id='word_1_113' title='bbox 771 1071 1009 1112; x_wconf 88' lang='lat' dir='ltr'><strong>sententias</strong></span> <span class='ocrx_word' id='word_1_114' title='bbox 1030 1071 1082 1112; x_wconf 88' lang='lat' dir='ltr'><strong>ad</strong></span> <span class='ocrx_word' id='word_1_115' title='bbox 1113 1084 1217 1112; x_wconf 89' lang='lat' dir='ltr'><strong>suas</strong></span> <span class='ocrx_word' id='word_1_116' title='bbox 1247 1073 1467 1126; x_wconf 90' lang='lat' dir='ltr'><strong>opiniones</strong></span> <span class='ocrx_word' id='word_1_117' title='bbox 1496 1085 1574 1111; x_wconf 90' lang='lat' dir='ltr'><strong>re-</strong></span> 
     </span>
     <span class='ocr_line' id='line_1_16' title="bbox 97 1137 1576 1193; baseline -0.001 -13"><span class='ocrx_word' id='word_1_118' title='bbox 97 1140 270 1193; x_wconf 87' lang='lat' dir='ltr'><strong>digere,</strong></span> <span class='ocrx_word' id='word_1_119' title='bbox 300 1151 428 1192; x_wconf 87' lang='lat' dir='ltr'><strong>quam</strong></span> <span class='ocrx_word' id='word_1_120' title='bbox 454 1150 505 1180; x_wconf 91' lang='lat' dir='ltr'><strong>se</strong></span> <span class='ocrx_word' id='word_1_121' title='bbox 535 1138 590 1178; x_wconf 85' lang='lat' dir='ltr'><strong>ad</strong></span> <span class='ocrx_word' id='word_1_122' title='bbox 609 1137 791 1177; x_wconf 85' lang='lat' dir='ltr'><strong>Paulum</strong></span> <span class='ocrx_word' id='word_1_123' title='bbox 821 1137 984 1191; x_wconf 88' lang='lat' dir='ltr'><strong>fingere</strong></span> <span class='ocrx_word' id='word_1_124' title='bbox 1013 1139 1270 1191; x_wconf 83' lang='lat' dir='ltr'><strong>maluerunt,</strong></span> <span class='ocrx_word' id='word_1_125' title='bbox 1301 1138 1576 1192; x_wconf 83' lang='lat' dir='ltr'><strong>cupiditatem</strong></span> 
     </span>
     <span class='ocr_line' id='line_1_17' title="bbox 97 1204 1574 1260; baseline -0.002 -13"><span class='ocrx_word' id='word_1_126' title='bbox 97 1206 199 1247; x_wconf 90' lang='lat' dir='ltr'><strong>nihil</strong></span> <span class='ocrx_word' id='word_1_127' title='bbox 233 1206 481 1260; x_wconf 86' lang='lat' dir='ltr'><strong>perplexius</strong></span> <span class='ocrx_word' id='word_1_128' title='bbox 517 1211 609 1260; x_wconf 87' lang='lat' dir='ltr'><strong>est,</strong></span> <span class='ocrx_word' id='word_1_129' title='bbox 654 1205 966 1258; x_wconf 83' lang='lat' dir='ltr'><strong>expositionem</strong></span> <span class='ocrx_word' id='word_1_130' title='bbox 993 1207 1077 1247; x_wconf 90' lang='lat' dir='ltr'><strong>hoc</strong></span> <span class='ocrx_word' id='word_1_131' title='bbox 1103 1206 1321 1246; x_wconf 82' lang='lat' dir='ltr'><strong>volumine</strong></span> <span class='ocrx_word' id='word_1_132' title='bbox 1350 1216 1446 1246; x_wconf 86' lang='lat' dir='ltr'><strong>eum</strong></span> <span class='ocrx_word' id='word_1_133' title='bbox 1471 1204 1574 1244; x_wconf 87' lang='lat' dir='ltr'><strong>viris</strong></span> 
     </span>
     <span class='ocr_line' id='line_1_18' title="bbox 98 1271 1572 1327; baseline -0.003 -13"><span class='ocrx_word' id='word_1_134' title='bbox 98 1274 237 1314; x_wconf 88' lang='lat' dir='ltr'><strong>doctis</strong></span> <span class='ocrx_word' id='word_1_135' title='bbox 256 1271 586 1314; x_wconf 82' lang='lat' dir='ltr'><strong>communicavi:</strong></span> <span class='ocrx_word' id='word_1_136' title='bbox 617 1271 738 1324; x_wconf 88' lang='lat' dir='ltr'><strong>cujus</strong></span> <span class='ocrx_word' id='word_1_137' title='bbox 762 1272 1011 1325; x_wconf 85' lang='lat' dir='ltr'><strong>magnitudo</strong></span> <span class='ocrx_word' id='word_1_138' title='bbox 1038 1274 1236 1327; x_wconf 88' lang='lat' dir='ltr'><strong>quoniam</strong></span> <span class='ocrx_word' id='word_1_139' title='bbox 1259 1271 1486 1311; x_wconf 88' lang='lat' dir='ltr'><strong>verborum</strong></span> <span class='ocrx_word' id='word_1_140' title='bbox 1513 1271 1572 1310; x_wconf 91' lang='lat' dir='ltr'><strong>il-</strong></span> 
     </span>
     <span class='ocr_line' id='line_1_19' title="bbox 96 1337 1571 1392; baseline -0.003 -10"><span class='ocrx_word' id='word_1_141' title='bbox 96 1341 410 1383; x_wconf 86' lang='lat' dir='ltr'><strong>lustrandorum</strong></span> <span class='ocrx_word' id='word_1_142' title='bbox 430 1352 655 1392; x_wconf 88' lang='lat' dir='ltr'><strong>rerumque</strong></span> <span class='ocrx_word' id='word_1_143' title='bbox 675 1338 1031 1379; x_wconf 80' lang='lat' dir='ltr'><strong>dilucidandarum</strong></span> <span class='ocrx_word' id='word_1_144' title='bbox 1050 1338 1172 1392; x_wconf 66' lang='lat' dir='ltr'><strong>copia</strong></span> <span class='ocrx_word' id='word_1_145' title='bbox 1192 1345 1234 1380; x_wconf 88' lang='lat' dir='ltr'><strong>et</strong></span> <span class='ocrx_word' id='word_1_146' title='bbox 1250 1337 1459 1378; x_wconf 85' lang='lat' dir='ltr'><strong>varietate</strong></span> <span class='ocrx_word' id='word_1_147' title='bbox 1491 1349 1571 1378; x_wconf 84' lang='lat' dir='ltr'><strong>sa-</strong></span> 
     </span>
     <span class='ocr_line' id='line_1_20' title="bbox 95 1404 1571 1462; baseline -0.002 -14"><span class='ocrx_word' id='word_1_148' title='bbox 95 1409 152 1448; x_wconf 90' lang='lat' dir='ltr'><strong>tis</strong></span> <span class='ocrx_word' id='word_1_149' title='bbox 174 1408 324 1462; x_wconf 80' lang='lat' dir='ltr'><strong>crevit,</strong></span> <span class='ocrx_word' id='word_1_150' title='bbox 351 1408 534 1460; x_wconf 87' lang='lat' dir='ltr'><strong>quinque</strong></span> <span class='ocrx_word' id='word_1_151' title='bbox 552 1406 700 1446; x_wconf 91' lang='lat' dir='ltr'><strong>ultima</strong></span> <span class='ocrx_word' id='word_1_152' title='bbox 719 1406 928 1459; x_wconf 86' lang='lat' dir='ltr'><strong>epistolae</strong></span> <span class='ocrx_word' id='word_1_153' title='bbox 951 1406 1089 1458; x_wconf 86' lang='lat' dir='ltr'><strong>capita</strong></span> <span class='ocrx_word' id='word_1_154' title='bbox 1110 1407 1232 1446; x_wconf 88' lang='lat' dir='ltr'><strong>tertio</strong></span> <span class='ocrx_word' id='word_1_155' title='bbox 1248 1404 1464 1446; x_wconf 88' lang='lat' dir='ltr'><strong>volumine</strong></span> <span class='ocrx_word' id='word_1_156' title='bbox 1485 1417 1571 1446; x_wconf 81' lang='lat' dir='ltr'><strong>ex-</strong></span> 
     </span>
     <span class='ocr_line' id='line_1_21' title="bbox 94 1472 1572 1529; baseline -0.001 -16"><span class='ocrx_word' id='word_1_157' title='bbox 94 1475 284 1529; x_wconf 85' lang='lat' dir='ltr'><strong>plicabo,</strong></span> <span class='ocrx_word' id='word_1_158' title='bbox 315 1473 643 1527; x_wconf 77' lang='lat' dir='ltr'><strong>quod&#39;proximo</strong></span> <span class='ocrx_word' id='word_1_159' title='bbox 665 1485 774 1512; x_wconf 87' lang='lat' dir='ltr'><strong>anno</strong></span> <span class='ocrx_word' id='word_1_160' title='bbox 795 1472 958 1513; x_wconf 89' lang='lat' dir='ltr'><strong>edetur.</strong></span> <span class='ocrx_word' id='word_1_161' title='bbox 1014 1472 1129 1513; x_wconf 90' lang='lat' dir='ltr'><strong>Nam</strong></span> <span class='ocrx_word' id='word_1_162' title='bbox 1149 1485 1404 1525; x_wconf 87' lang='lat' dir='ltr'><strong>quamquam</strong></span> <span class='ocrx_word' id='word_1_163' title='bbox 1422 1483 1572 1512; x_wconf 88' lang='lat' dir='ltr'><strong>omues</strong></span> 
     </span>
     <span class='ocr_line' id='line_1_22' title="bbox 94 1536 1571 1594; baseline -0.001 -14"><span class='ocrx_word' id='word_1_164' title='bbox 94 1553 255 1581; x_wconf 83' lang='lat' dir='ltr'><strong>nervos</strong></span> <span class='ocrx_word' id='word_1_165' title='bbox 283 1539 559 1594; x_wconf 84' lang='lat' dir='ltr'><strong>contendam,</strong></span> <span class='ocrx_word' id='word_1_166' title='bbox 601 1552 656 1579; x_wconf 89' lang='lat' dir='ltr'><strong>ne</strong></span> <span class='ocrx_word' id='word_1_167' title='bbox 682 1538 778 1580; x_wconf 63' lang='lat' dir='ltr'><strong>mea</strong></span> <span class='ocrx_word' id='word_1_168' title='bbox 806 1536 932 1591; x_wconf 68' lang='lat' dir='ltr'><strong>eulpa</strong></span> <span class='ocrx_word' id='word_1_169' title='bbox 959 1551 1113 1591; x_wconf 86' lang='lat' dir='ltr'><strong>operae</strong></span> <span class='ocrx_word' id='word_1_170' title='bbox 1144 1550 1320 1579; x_wconf 88' lang='lat' dir='ltr'><strong>cessare</strong></span> <span class='ocrx_word' id='word_1_171' title='bbox 1349 1545 1571 1594; x_wconf 86' lang='lat' dir='ltr'><strong>cogantur,</strong></span> 
     </span>
     <span class='ocr_line' id='line_1_23' title="bbox 97 1605 1569 1660; baseline -0.002 -12"><span class='ocrx_word' id='word_1_172' title='bbox 97 1614 240 1648; x_wconf 90' lang='lat' dir='ltr'><strong>tamen</strong></span> <span class='ocrx_word' id='word_1_173' title='bbox 265 1606 500 1648; x_wconf 84' lang='lat' dir='ltr'><strong>verendum</strong></span> <span class='ocrx_word' id='word_1_174' title='bbox 529 1613 620 1660; x_wconf 88' lang='lat' dir='ltr'><strong>est,</strong></span> <span class='ocrx_word' id='word_1_175' title='bbox 658 1618 713 1646; x_wconf 90' lang='lat' dir='ltr'><strong>ne</strong></span> <span class='ocrx_word' id='word_1_176' title='bbox 744 1605 1175 1658; x_wconf 89' lang='lat' dir='ltr'><strong>locupletissimorum</strong></span> <span class='ocrx_word' id='word_1_177' title='bbox 1200 1605 1382 1646; x_wconf 88' lang='lat' dir='ltr'><strong>iudicum</strong></span> <span class='ocrx_word' id='word_1_178' title='bbox 1412 1606 1569 1646; x_wconf 87' lang='lat' dir='ltr'><strong>conse-</strong></span> 
     </span>
     <span class='ocr_line' id='line_1_24' title="bbox 95 1672 1568 1727; baseline -0.002 -12"><span class='ocrx_word' id='word_1_179' title='bbox 95 1675 202 1727; x_wconf 91' lang='lat' dir='ltr'><strong>ctio,</strong></span> <span class='ocrx_word' id='word_1_180' title='bbox 233 1686 361 1726; x_wconf 88' lang='lat' dir='ltr'><strong>quam</strong></span> <span class='ocrx_word' id='word_1_181' title='bbox 377 1675 444 1715; x_wconf 88' lang='lat' dir='ltr'><strong>vir</strong></span> <span class='ocrx_word' id='word_1_182' title='bbox 471 1673 747 1714; x_wconf 88' lang='lat' dir='ltr'><strong>doctissimus</strong></span> <span class='ocrx_word' id='word_1_183' title='bbox 774 1673 958 1725; x_wconf 88' lang='lat' dir='ltr'><strong>mihique</strong></span> <span class='ocrx_word' id='word_1_184' title='bbox 986 1672 1269 1712; x_wconf 84' lang='lat' dir='ltr'><strong>amicissimus</strong></span> <span class='ocrx_word' id='word_1_185' title='bbox 1298 1672 1483 1727; x_wconf 87' lang='lat' dir='ltr'><strong>recepit,</strong></span> <span class='ocrx_word' id='word_1_186' title='bbox 1512 1673 1568 1712; x_wconf 85' lang='lat' dir='ltr'><strong>li-</strong></span> 
     </span>
     <span class='ocr_line' id='line_1_25' title="bbox 94 1740 1126 1794; baseline -0.003 -12"><span class='ocrx_word' id='word_1_187' title='bbox 94 1742 157 1782; x_wconf 90' lang='lat' dir='ltr'><strong>bri</strong></span> <span class='ocrx_word' id='word_1_188' title='bbox 176 1740 404 1782; x_wconf 90' lang='lat' dir='ltr'><strong>editionem</strong></span> <span class='ocrx_word' id='word_1_189' title='bbox 423 1755 508 1781; x_wconf 90' lang='lat' dir='ltr'><strong>non</strong></span> <span class='ocrx_word' id='word_1_190' title='bbox 527 1741 626 1780; x_wconf 90' lang='lat' dir='ltr'><strong>nihil</strong></span> <span class='ocrx_word' id='word_1_191' title='bbox 651 1741 854 1794; x_wconf 88' lang='lat' dir='ltr'><strong>temporis</strong></span> <span class='ocrx_word' id='word_1_192' title='bbox 881 1747 1126 1781; x_wconf 91' lang='lat' dir='ltr'><strong>remoretur.</strong></span> 
     </span>
    </p>

    <p class='ocr_par' dir='ltr' id='par_1_3' title="bbox 202 1805 1567 1850">
     <span class='ocr_line' id='line_1_26' title="bbox 202 1805 1567 1850; baseline -0.003 0"><span class='ocrx_word' id='word_1_193' title='bbox 202 1809 450 1850; x_wconf 84' lang='lat' dir='ltr'><strong>Scribebam</strong></span> <span class='ocrx_word' id='word_1_194' title='bbox 462 1807 687 1849; x_wconf 86' lang='lat' dir='ltr'><strong>Rostochii</strong></span> <span class='ocrx_word' id='word_1_195' title='bbox 698 1819 747 1849; x_wconf 80' lang='lat' dir='ltr'><strong>1x</strong></span> <span class='ocrx_word' id='word_1_196' title='bbox 759 1805 975 1848; x_wconf 88' lang='lat' dir='ltr'><strong>Calendas</strong></span> <span class='ocrx_word' id='word_1_197' title='bbox 988 1806 1198 1848; x_wconf 88' lang='lat' dir='ltr'><strong>Octobres</strong></span> <span class='ocrx_word' id='word_1_198' title='bbox 1210 1818 1246 1846; x_wconf 89' lang='lat' dir='ltr'><strong>a.</strong></span> <span class='ocrx_word' id='word_1_199' title='bbox 1258 1813 1567 1847; x_wconf 71' lang='lat' dir='ltr'><strong>nmeccxxxrx.</strong></span> 
     </span>
    </p>
   </div>
  </div>
 </body>
</html>
