1715 3115
138 208 225 250 510
418 205 794 250 EPISTOLA
826 205 927 248 AD
958 204 1320 249 ROMANOS

140 327 222 355 nou
243 327 292 355 eu
315 312 455 354 solum
476 317 728 365 argumenta
749 311 947 364 obstant,
986 325 1098 368 quae
1121 316 1312 356 nostram
1335 312 1598 370 interpreta-

138 372 299 412 tionem
330 370 499 410 munire
528 369 852 420 contendimus,
889 367 966 410 sed
989 369 1119 410 etiam
1144 370 1249 412 alia.
1304 368 1459 426 Neque
1482 373 1596 413 enim

138 441 219 484 per
250 440 348 467 sese
381 431 468 467 tam
498 426 641 466 facilis
671 431 739 467 est
766 439 892 481 quam
923 430 1097 476 nostra,
1127 440 1386 482 quamquam
1407 428 1597 482 προςμέ-

138 499 227 524 ιἐιν
254 483 307 538 τῇ
330 478 596 537 χρηστότητί
621 496 740 531 τινος
769 482 854 523 isto
885 496 1016 522 sensu
1051 482 1137 523 dici
1176 483 1374 539 potuisse
1406 484 1595 526 concedo

138 541 246 582 Act.
271 538 338 590 13,
357 540 454 590 43„
504 552 642 605 neque
673 539 850 595 probari
879 543 1020 594 potest
1049 538 1234 590 idcirco,
1286 539 1400 594 quod
1432 539 1480 582 P.
1512 555 1596 582 non

138 596 319 652 scripsit
341 593 415 636 ἐὰν
438 593 664 650 ἐπτιιειιχης
688 596 741 650 τῇ
761 596 1022 650 χρηστότητι
1051 596 1145 637 τοῦ
1176 597 1316 637 θεοῦ
1345 610 1381 638 8.
1413 595 1540 638 αὐτο
1555 596 1593 638 ὗ.

139 652 305 706 Pelaqiet
324 657 466 692 autem
486 657 530 692 et
556 651 729 693 Vatabli
749 652 919 708 opinio,
945 657 1096 692 notare
1117 650 1193 707 τὴν
1208 649 1483 707 χρηστότητα
1505 654 1546 696 h.
1562 654 1594 697 l.

133 707 263 762 fidem
285 708 457 762 benique
475 722 501 748 α
524 708 614 748 Deo
631 708 833 749 donatum
858 708 999 748 inanis
1022 712 1105 750 est.
1159 707 1280 749 ldem
1303 708 1417 749 valet:
1438 709 1490 750 de
1511 710 1594 752 Be-

137 779 221 807 zac
248 764 542 820 expositione:
592 763 633 803 in
667 764 934 817 benignitate
962 764 992 806 i.
1015 778 1054 808 e.
1083 765 1126 805 in
1157 767 1209 805 ea
1238 765 1492 817 conditione,
1537 767 1596 808 ad

138 835 264 878 quam
285 821 370 863 Dee·
390 820 625 875 beniynitas
646 825 687 861 te
705 820 862 863 evexit.
927 818 1027 862 ἐπεὶ
1046 821 1119 861 καὶ
1138 819 1192 861 σύ
1216 817 1458 877 ἐκκοπήσῃ]
1489 820 1593 864 alio-

135 878 235 933 quin
264 878 323 932 (si
346 877 387 918 in
409 876 636 917 honestate
657 891 739 918 non
762 877 1080 933 permanseris,
1119 875 1196 917 sed
1217 876 1345 918 fidem
1371 891 1422 918 ex
1449 878 1593 920 animo

135 933 340 990 ejeceris)
368 938 423 975 tu
452 947 649 989 quoqne
678 934 773 988 (qui
796 934 978 975 oleastri
996 933 1199 975 surculus
1218 947 1266 974 es
1286 933 1400 975 sieut
1419 934 1527 975 rami
1549 935 1593 976 in

135 991 232 1032 oleti
256 990 407 1032 nativ.
427 989 520 1042 20.)
547 990 830 1032 exsecaberis.
899 989 966 1032 Cf.
990 1004 1029 1032 v,
1047 990 1118 1033 21.
1146 987 1307 1045 μήπως
1337 986 1465 1033 οὐδὲ
1495 991 1592 1033 σοῦ

134 1046 361 1103 φείσηται.
429 1049 604 1099 Argute
633 1046 857 1100 Benyelius
889 1047 963 1099 (cf.
993 1045 1111 1101 Oriy.
1140 1052 1184 1087 et
1216 1045 1379 1098 Grot.):
1428 1045 1591 1098 „enno-

133 1102 280 1159 πήσῃ,
310 1103 542 1158 excideris)
571 1103 714 1154 ferro,
743 1116 825 1142 non
849 1102 973 1144 modo
998 1098 1290 1157 ἕκκλασθήσῃ,
1320 1101 1592 1158 άεῇ·ἰη9ι»νῖε,

132 1165 181 1202 ut
200 1160 293 1211 illi,
326 1159 506 1201 manu.''
571 1158 631 1200 Ut
650 1156 851 1200 ἐκκόπτω
873 1160 1068 1200 excidere
1085 1158 1226 1215 ferro,
1255 1172 1339 1199 non
1365 1158 1591 1216 effrinyere

131 1231 261 1258 'natm
285 1216 371 1260 h.l.
391 1216 536 1257 valere
555 1215 736 1269 largiar,
757 1219 900 1257 tamen
922 1211 1117 1257 ἒκκόπτω
1139 1228 1223 1255 non
1246 1215 1437 1270 gravius,
1461 1229 1589 1285 quam

131 1270 304 1315 ἐκκλάω
326 1286 366 1316 v.
385 1273 457 1326 20³.
485 1272 737 1313 vocabulum
766 1286 863 1313 esse
892 1279 935 1312 et
960 1271 1091 1313 verba
1121 1269 1222 1313 ἐπεὶ
1252 1272 1342 1313 καὶ
1373 1268 1435 1312 σὺ
1466 1287 1589 1315 εκκο-

130 1326 254 1386 πήσῃ
278 1330 319 1371 h.
339 1343 380 1372 e.
403 1326 504 1371 ἐπεὶ
526 1328 578 1370 σύ
603 1323 828 1384 ἐκκοπήσῃ
847 1327 999 1376 καθ-ὠς
1021 1324 1181 1369 ἐκεῖνοι
1207 1329 1261 1384 τῇ
1284 1324 1472 1381 ἀπιστίᾳ
1498 1328 1588 1378 ἐξε-

131 1386 390 1440 κλάσθησαν
428 1385 458 1428 i.
487 1399 529 1441 q.
571 1381 841 1440 ἐξεκόπησαν
879 1399 918 1427 v.
945 1385 1016 1427 20.
1055 1383 1278 1426 declarant
1314 1391 1358 1426 et
1389 1398 1459 1425 res
1490 1385 1587 1442 ipsa

129 1441 337 1485 ostendit.
399 1441 501 1483 Sive
532 1443 644 1482 enim
673 1455 821 1481 ramus
850 1455 902 1482 ex
931 1440 1026 1482 olea
1047 1441 1220 1482 excisus
1240 1440 1320 1493 sit,
1352 1441 1444 1482 sive
1465 1454 1516 1482 ex
1535 1442 1586 1483 eti

130 1500 362 1554 decerptus
391 1499 512 1540 oleae
542 1497 803 1551 pinguedine
835 1503 878 1539 et
907 1496 1069 1538 radicis
1097 1497 1263 1538 fultura
1292 1502 1413 1538 caret
1439 1511 1477 1538 ν.
1499 1499 1585 1541 17..

129 1554 433 1598 Lachmanmaes
459 1561 502 1595 et
530 1554 731 1607 Illerserus
760 1554 870 1593 hunc
897 1554 928 1595 l.
957 1554 1019 1593 sie
1048 1553 1437 1609 interpunxerunt:
1484 1551 1585 1595 ἐπεὶ

131 1612 205 1652 καὶ
236 1610 290 1652 σὺ
319 1607 566 1666 ἐκκοπήσῃ,
606 1608 796 1650 κάκεῖνοι
824 1609 893 1657 δέ,
932 1607 1005 1650 ἐὰν
1022 1608 1084 1663 μὴ
1104 1607 1388 1660 ἑπιμείνωσιν
1407 1608 1459 1665 τῇ
1478 1606 1582 1650 ἀντι-

129 1664 254 1723 στίςι,
297 1663 751 1720 ἐγκεντρισθήσονται.
798 1665 982 1719 alioquin
1010 1668 1057 1706 et
1089 1668 1136 1705 tec
1164 1665 1396 1716 excideris,
1438 1670 1488 1706 et
1519 1665 1585 1706 illi

129 1738 248 1775 vero,
278 1723 361 1764 nisi
374 1720 499 1774 fidem
522 1721 682 1763 Christo
704 1734 859 1774 neyare
875 1721 1147 1774 perrexerint
1167 1720 1421 1763 inserentur.
1477 1720 1581 1762 Duo

129 1782 247 1821 viros
268 1779 417 1819 doctos
438 1778 490 1818 ab
514 1779 587 1819 haic
608 1776 957 1832 interpunctione
979 1789 1159 1817 avocare
1178 1775 1405 1829 dehebant,
1434 1778 1583 1833 paullo

127 1836 385 1889 diligentior
415 1849 561 1875 vocum
594 1835 665 1874 καὶ
698 1832 750 1874 σὺ
780 1831 1099 1884 consideratio,
1147 1846 1256 1887 quas
1295 1838 1344 1874 tu
1382 1847 1584 1888 quoque

128 1894 336 1934 denotare
365 1892 638 1933 manifestum
669 1894 737 1929 est
765 1889 841 1945 (cs.
863 1886 965 1930 οὐδὲ
986 1890 1066 1930 σοῦ
1087 1903 1125 1932 v,
1143 1890 1212 1930 21.
1233 1893 1275 1929 et
1297 1903 1335 1931 v.
1357 1892 1511 1944 supra)
1539 1896 1583 1930 et

127 1950 370 1991 sententiae
397 1949 608 2005 pravitas.
678 1944 901 1998 Paganum
921 1959 1093 2000 quoque
1111 1946 1150 1985 si
1167 1945 1294 1986 fidem
1324 1946 1482 1987 habere
1508 1944 1581 1986 de-

126 2006 255 2048 sierit
284 2020 335 2046 ex
363 2005 457 2046 olea
487 2004 673 2045 excisum
706 2003 784 2054 iri,
814 2000 1172 2057 quemadmodum
1193 2000 1404 2043 increduli
1425 2001 1583 2045 Judaei

127 2078 180 2105 ex
209 2063 258 2104 esi
289 2061 471 2103 defracti
503 2060 667 2102 suerint
695 2056 817 2114 (ἐπεὶ
844 2058 917 2098 καί
946 2058 999 2098 σὺ
1027 2055 1297 2114 ἐκκοπήσῃ)
1327 2072 1379 2099 ex
1409 2063 1581 2099 antece-

125 2120 253 2161 dente
275 2117 571 2175 disputatione
600 2129 701 2157 sane
724 2113 925 2170 sequitur
949 2117 1072 2167 (sunt
1093 2114 1205 2155 enim
1225 2113 1382 2157 Judaei
1402 2119 1581 2170 propter

123 2176 224 2218 fidei
256 2175 444 2230 inopiam
475 2173 678 2224 defracti,
713 2184 909 2226 paganus
935 2176 1087 2211 contra
1113 2176 1293 2226 propter
1321 2170 1446 2212 iidem
1471 2184 1580 2211 nunc

125 2232 280 2274 beatus
304 2240 371 2273 est
391 2245 428 2273 v.
451 2231 564 2285 20.);
603 2227 712 2270 illud
732 2241 782 2268 ex
802 2233 902 2267 ante
922 2225 1052 2267 dictis
1074 2227 1221 2279 colligi
1241 2227 1416 2282 nequit,
1447 2240 1576 2282 quum

123 2303 320 2345 paganus
351 2288 503 2328 honam
536 2284 692 2326 mentis
723 2282 908 2323 indolem
937 2289 980 2324 et
1008 2282 1134 2323 fidem
1165 2283 1440 2339 deposuerit,
1485 2289 1577 2324 tum

127 2348 318 2387 futurum
350 2357 470 2394 esse,
519 2346 566 2383 ut
595 2347 633 2384 et
664 2341 757 2397 ipse
783 2354 834 2380 ex
867 2339 963 2379 olea
992 2338 1221 2380 excidatur
1245 2344 1286 2382 et
1315 2339 1490 2389 «Iudaei,
1537 2338 1578 2379 si

126 2401 299 2458 quidem
328 2400 454 2441 fidem
483 2398 639 2439 animis
667 2396 962 2452 conceperint,
993 2396 1115 2436 oleae
1137 2396 1401 2437 inserantur.
1459 2393 1574 2436 Nam

127 2473 256 2514 quum
278 2458 387 2497 lianc
405 2457 542 2508 legem
564 2454 686 2495 Deus
707 2459 940 2507 sequatur,
978 2457 1024 2492 ut
1043 2450 1146 2499 τοὺς
1163 2450 1349 2498 πιστοὺς
1370 2452 1411 2492 in
1435 2451 1574 2492 oleam

126 2515 355 2563 immittat,
400 2514 502 2559 τοὺς
540 2508 754 2556 ἀπίστους
791 2523 841 2549 ex
880 2507 974 2549 olea
1012 2507 1185 2548 excidat
1225 2522 1262 2551 v.
1290 2507 1360 2550 20.
1388 2520 1479 2561 sq.,
1530 2506 1574 2548 in

126 2576 296 2628 promtu
328 2574 391 2610 est
414 2567 604 2611 Judaeos
634 2566 674 2606 iu
705 2566 842 2606 oleam
872 2564 1168 2605 restituendos
1196 2578 1293 2604 esse
1325 2577 1454 2618 quum
1484 2563 1575 2618 pri-

128 2642 238 2668 mum
260 2627 344 2682 ipsi
367 2624 542 2666 Christo
564 2624 686 2663 iidem
707 2620 968 2678 adjecerint,
999 2634 1079 2660 non
1102 2627 1191 2661 turn
1211 2620 1378 2660 demum
1394 2652 1402 2666 ‚
1443 2633 1574 2673 quum

127 2683 313 2738 gentiles
341 2681 438 2722 {idei
467 2679 735 2733 naufragium
768 2677 950 2718 fecerint
978 2675 1160 2731 ideoque
1183 2690 1233 2716 ex
1252 2674 1363 2716 oliva
1390 2674 1575 2716 defracti

127 2740 305 2783 fuerint.
375 2738 459 2776 Καὶ
487 2735 660 2788 ἐκεῖνοι]
693 2729 899 2773 Κᾶκεῖνοι
927 2738 1043 2773 recte
1073 2732 1238 2774 (iriesb.
1263 2737 1305 2772 et
1325 2731 1572 2772 Lachman-

128 2813 204 2839 mm
232 2810 280 2835 ex
309 2795 368 2835 A.
395 2793 442 2834 Β.
464 2791 509 2834 C.
535 2791 591 2834 D.
615 2790 663 2833 E.
683 2791 753 2832 37.
774 2789 843 2830 47.
861 2789 932 2831 80.
956 2787 1035 2831 Mt.
1056 2789 1086 2830 f.
1107 2802 1148 2843 q.
1168 2793 1212 2828 et
1231 2786 1349 2829 aliis.
1416 2785 1574 2827 Κάκεῖ-

127 2870 190 2894 vm
217 2852 286 2904 ὁὲ]
318 2850 461 2892 Etiam
491 2847 555 2890 ille·
582 2861 691 2890 vero.
748 2845 906 2889 Matth.
928 2844 994 2897 16,
1015 2845 1082 2887 18.
1112 2839 1243 2898 Κάγώ
1271 2842 1319 2886 δέ
1344 2855 1417 2886 σοι
1445 2842 1571 2898 λέγω,
