<?xml version="1.0" encoding="UTF-8"?>
<!DOCTYPE html PUBLIC "-//W3C//DTD XHTML 1.0 Transitional//EN"
    "http://www.w3.org/TR/xhtml1/DTD/xhtml1-transitional.dtd">
<html xmlns="http://www.w3.org/1999/xhtml" xml:lang="en" lang="en">
 <head>
  <title>
</title>
<meta http-equiv="Content-Type" content="text/html;charset=utf-8" />
  <meta name='ocr-system' content='tesseract 3.04.00' />
  <meta name='ocr-capabilities' content='ocr_page ocr_carea ocr_par ocr_line ocrx_word'/>
</head>
<body>
  <div class='ocr_page' id='page_1' title='image "./pauliadromanosep02frituoft/pauliadromanosep02frituoft_0249.png"; bbox 0 0 1715 3115; ppageno 0'>
   <div class='ocr_carea' id='block_1_1' title="bbox 695 194 1603 243">
    <p class='ocr_par' dir='ltr' id='par_1_1' title="bbox 695 194 1603 243">
     <span class='ocr_line' id='line_1_1' title="bbox 695 194 1603 243; baseline 0.003 -3"><span class='ocrx_word' id='word_1_1' title='bbox 695 194 731 240; x_wconf 87' lang='lat' dir='ltr'>C</span> <span class='ocrx_word' id='word_1_2' title='bbox 742 197 789 240; x_wconf 89' lang='lat' dir='ltr'><strong>A</strong></span> <span class='ocrx_word' id='word_1_3' title='bbox 804 194 856 242; x_wconf 85' lang='lat' dir='ltr'><strong>P.</strong></span> <span class='ocrx_word' id='word_1_4' title='bbox 893 195 915 239; x_wconf 92' lang='lat'>1</span> <span class='ocrx_word' id='word_1_5' title='bbox 928 197 1006 243; x_wconf 87' lang='lat' dir='ltr'><strong>X..</strong></span> <span class='ocrx_word' id='word_1_6' title='bbox 1517 200 1603 243; x_wconf 85' lang='grc'><strong>235</strong></span> 
     </span>
    </p>
   </div>
   <div class='ocr_carea' id='block_1_2' title="bbox 58 302 1604 2923">
    <p class='ocr_par' dir='ltr' id='par_1_2' title="bbox 116 302 1604 1387">
     <span class='ocr_line' id='line_1_2' title="bbox 122 302 1601 361; baseline 0.001 -14"><span class='ocrx_word' id='word_1_7' title='bbox 122 303 250 347; x_wconf 73' lang='lat' dir='ltr'><strong>iactis</strong></span> <span class='ocrx_word' id='word_1_8' title='bbox 278 308 323 345; x_wconf 92' lang='lat' dir='ltr'><strong>et</strong></span> <span class='ocrx_word' id='word_1_9' title='bbox 350 302 512 344; x_wconf 83' lang='lat' dir='ltr'><strong>virtute</strong></span> <span class='ocrx_word' id='word_1_10' title='bbox 543 303 699 359; x_wconf 84' lang='lat' dir='ltr'><strong>quaeri</strong></span> <span class='ocrx_word' id='word_1_11' title='bbox 732 317 862 361; x_wconf 89' lang='lat' dir='ltr'><strong>posse</strong></span> <span class='ocrx_word' id='word_1_12' title='bbox 888 303 974 345; x_wconf 92' lang='lat' dir='ltr'><strong>sibi</strong></span> <span class='ocrx_word' id='word_1_13' title='bbox 1006 307 1342 360; x_wconf 82' lang='lat' dir='ltr'><strong>persuaserunt.</strong></span> <span class='ocrx_word' id='word_1_14' title='bbox 1414 305 1601 349; x_wconf 75' lang='lat' dir='ltr'>Frustra</span> 
     </span>
     <span class='ocr_line' id='line_1_3' title="bbox 121 359 1602 418; baseline 0.001 -14"><span class='ocrx_word' id='word_1_15' title='bbox 121 362 292 418; x_wconf 84' lang='lat' dir='ltr'><strong>culpam</strong></span> <span class='ocrx_word' id='word_1_16' title='bbox 322 361 377 401; x_wconf 88' lang='lat' dir='ltr'><strong>ab</strong></span> <span class='ocrx_word' id='word_1_17' title='bbox 407 359 588 404; x_wconf 85' lang='lat' dir='ltr'><strong>Judaeis</strong></span> <span class='ocrx_word' id='word_1_18' title='bbox 626 375 826 402; x_wconf 77' lang='lat' dir='ltr'><strong>amovere</strong></span> <span class='ocrx_word' id='word_1_19' title='bbox 862 362 1051 404; x_wconf 83' lang='lat' dir='ltr'><strong>coneris,</strong></span> <span class='ocrx_word' id='word_1_20' title='bbox 1128 359 1439 417; x_wconf 79' lang='lat' dir='ltr'><strong>Praeterquam</strong></span> <span class='ocrx_word' id='word_1_21' title='bbox 1486 365 1602 406; x_wconf 89' lang='lat' dir='ltr'><strong>enim</strong></span> 
     </span>
     <span class='ocr_line' id='line_1_4' title="bbox 121 416 1604 475; baseline 0.002 -15"><span class='ocrx_word' id='word_1_22' title='bbox 121 417 237 475; x_wconf 83' lang='lat' dir='ltr'><strong>quod</strong></span> <span class='ocrx_word' id='word_1_23' title='bbox 268 417 382 459; x_wconf 88' lang='lat' dir='ltr'><strong>scire</strong></span> <span class='ocrx_word' id='word_1_24' title='bbox 410 416 678 468; x_wconf 85' lang='lat' dir='ltr'><strong>debuerunt,</strong></span> <span class='ocrx_word' id='word_1_25' title='bbox 720 417 932 458; x_wconf 90' lang='lat' dir='ltr'><strong>neminem</strong></span> <span class='ocrx_word' id='word_1_26' title='bbox 958 432 1065 469; x_wconf 88' lang='lat' dir='ltr'><strong>non,</strong></span> <span class='ocrx_word' id='word_1_27' title='bbox 1096 417 1189 459; x_wconf 75' lang='lat' dir='ltr'><strong>sive</strong></span> <span class='ocrx_word' id='word_1_28' title='bbox 1211 416 1407 462; x_wconf 81' lang='lat' dir='ltr'><strong>Iudaeus</strong></span> <span class='ocrx_word' id='word_1_29' title='bbox 1429 419 1487 461; x_wconf 91' lang='lat' dir='ltr'><strong>sit</strong></span> <span class='ocrx_word' id='word_1_30' title='bbox 1509 421 1604 463; x_wconf 79' lang='lat' dir='ltr'><strong>sive</strong></span> 
     </span>
     <span class='ocr_line' id='line_1_5' title="bbox 121 474 1603 532; baseline 0.003 -16"><span class='ocrx_word' id='word_1_31' title='bbox 121 489 342 532; x_wconf 87' lang='lat' dir='ltr'><strong>paganus,</strong></span> <span class='ocrx_word' id='word_1_32' title='bbox 383 474 459 530; x_wconf 89' lang='lat' dir='ltr'><strong>qui</strong></span> <span class='ocrx_word' id='word_1_33' title='bbox 492 474 621 527; x_wconf 76' lang='lat' dir='ltr'><strong>fidem</strong></span> <span class='ocrx_word' id='word_1_34' title='bbox 658 474 860 515; x_wconf 89' lang='lat' dir='ltr'><strong>habuerit</strong></span> <span class='ocrx_word' id='word_1_35' title='bbox 902 475 1069 516; x_wconf 82' lang='lat' dir='ltr'><strong>salvum</strong></span> <span class='ocrx_word' id='word_1_36' title='bbox 1098 475 1215 521; x_wconf 77' lang='lat' dir='ltr'><strong>sore,</strong></span> <span class='ocrx_word' id='word_1_37' title='bbox 1256 474 1404 516; x_wconf 75' lang='lat' dir='ltr'><strong>divina</strong></span> <span class='ocrx_word' id='word_1_38' title='bbox 1432 475 1603 520; x_wconf 89' lang='lat' dir='ltr'><strong>Christi</strong></span> 
     </span>
     <span class='ocr_line' id='line_1_6' title="bbox 120 529 1604 588; baseline 0.003 -15"><span class='ocrx_word' id='word_1_39' title='bbox 120 531 319 573; x_wconf 85' lang='lat' dir='ltr'><strong>doctrina</strong></span> <span class='ocrx_word' id='word_1_40' title='bbox 352 532 480 586; x_wconf 86' lang='lat' dir='ltr'><strong>longe</strong></span> <span class='ocrx_word' id='word_1_41' title='bbox 514 531 689 587; x_wconf 86' lang='lat' dir='ltr'><strong>lateque</strong></span> <span class='ocrx_word' id='word_1_42' title='bbox 715 530 1000 573; x_wconf 88' lang='lat' dir='ltr'><strong>disseminata</strong></span> <span class='ocrx_word' id='word_1_43' title='bbox 1038 537 1122 574; x_wconf 91' lang='lat' dir='ltr'><strong>est.</strong></span> <span class='ocrx_word' id='word_1_44' title='bbox 1182 529 1444 574; x_wconf 89' lang='lat' dir='ltr'><strong>Potuissent</strong></span> <span class='ocrx_word' id='word_1_45' title='bbox 1466 534 1604 588; x_wconf 89' lang='lat' dir='ltr'><strong>igitur</strong></span> 
     </span>
     <span class='ocr_line' id='line_1_7' title="bbox 121 587 1603 645; baseline 0.002 -14"><span class='ocrx_word' id='word_1_46' title='bbox 121 589 301 632; x_wconf 86' lang='lat' dir='ltr'><strong>Christo</strong></span> <span class='ocrx_word' id='word_1_47' title='bbox 333 587 459 630; x_wconf 80' lang='lat' dir='ltr'><strong>tidem</strong></span> <span class='ocrx_word' id='word_1_48' title='bbox 489 587 731 645; x_wconf 84' lang='lat' dir='ltr'><strong>adjungere</strong></span> <span class='ocrx_word' id='word_1_49' title='bbox 762 602 800 632; x_wconf 90' lang='lat' dir='ltr'><strong>c.</strong></span> <span class='ocrx_word' id='word_1_50' title='bbox 822 589 865 632; x_wconf 83' lang='lat'><strong>9.</strong></span> <span class='ocrx_word' id='word_1_51' title='bbox 897 603 936 630; x_wconf 77' lang='lat' dir='ltr'><strong>v.</strong></span> <span class='ocrx_word' id='word_1_52' title='bbox 958 589 1030 632; x_wconf 86' lang='grc'><strong>30.</strong></span> <span class='ocrx_word' id='word_1_53' title='bbox 1052 613 1106 619; x_wconf 85' lang='lat'>—</span> <span class='ocrx_word' id='word_1_54' title='bbox 1133 603 1171 632; x_wconf 89' lang='lat' dir='ltr'><strong>c.</strong></span> <span class='ocrx_word' id='word_1_55' title='bbox 1196 590 1266 632; x_wconf 88' lang='grc'><strong>10.</strong></span> <span class='ocrx_word' id='word_1_56' title='bbox 1288 603 1328 631; x_wconf 82' lang='lat' dir='ltr'><strong>v.</strong></span> <span class='ocrx_word' id='word_1_57' title='bbox 1347 589 1437 633; x_wconf 87' lang='lat'><strong>21..</strong></span> <span class='ocrx_word' id='word_1_58' title='bbox 1503 591 1603 634; x_wconf 79' lang='lat' dir='ltr'><strong>Non</strong></span> 
     </span>
     <span class='ocr_line' id='line_1_8' title="bbox 119 645 1602 703; baseline 0.002 -16"><span class='ocrx_word' id='word_1_59' title='bbox 119 652 264 689; x_wconf 84' lang='lat' dir='ltr'><strong>autem</strong></span> <span class='ocrx_word' id='word_1_60' title='bbox 290 645 414 687; x_wconf 83' lang='lat' dir='ltr'><strong>Deus</strong></span> <span class='ocrx_word' id='word_1_61' title='bbox 446 651 584 686; x_wconf 90' lang='lat' dir='ltr'><strong>totum</strong></span> <span class='ocrx_word' id='word_1_62' title='bbox 615 659 737 686; x_wconf 87' lang='lat' dir='ltr'><strong>suum</strong></span> <span class='ocrx_word' id='word_1_63' title='bbox 767 645 975 702; x_wconf 90' lang='lat' dir='ltr'><strong>populum</strong></span> <span class='ocrx_word' id='word_1_64' title='bbox 996 660 1073 686; x_wconf 91' lang='lat' dir='ltr'><strong>suo</strong></span> <span class='ocrx_word' id='word_1_65' title='bbox 1095 646 1242 688; x_wconf 76' lang='lat' dir='ltr'><strong>favore</strong></span> <span class='ocrx_word' id='word_1_66' title='bbox 1263 646 1477 703; x_wconf 80' lang='lat' dir='ltr'><strong>privavit,</strong></span> <span class='ocrx_word' id='word_1_67' title='bbox 1508 649 1602 703; x_wconf 90' lang='lat' dir='ltr'><strong>sed,</strong></span> 
     </span>
     <span class='ocr_line' id='line_1_9' title="bbox 121 701 1603 760; baseline 0.003 -17"><span class='ocrx_word' id='word_1_68' title='bbox 121 701 482 759; x_wconf 80' lang='lat' dir='ltr'>quemadmodum</span> <span class='ocrx_word' id='word_1_69' title='bbox 515 702 643 753; x_wconf 88' lang='lat' dir='ltr'><strong>olim,</strong></span> <span class='ocrx_word' id='word_1_70' title='bbox 682 703 745 744; x_wconf 91' lang='lat' dir='ltr'><strong>sic</strong></span> <span class='ocrx_word' id='word_1_71' title='bbox 773 716 887 744; x_wconf 92' lang='lat' dir='ltr'><strong>nunc</strong></span> <span class='ocrx_word' id='word_1_72' title='bbox 916 716 1088 758; x_wconf 84' lang='lat' dir='ltr'><strong>quoque</strong></span> <span class='ocrx_word' id='word_1_73' title='bbox 1119 703 1197 744; x_wconf 83' lang='lat' dir='ltr'><strong>ali(</strong></span> <span class='ocrx_word' id='word_1_74' title='bbox 1217 702 1300 744; x_wconf 92' lang='lat' dir='ltr'><strong>uod</strong></span> <span class='ocrx_word' id='word_1_75' title='bbox 1329 704 1500 760; x_wconf 91' lang='lat' dir='ltr'><strong>piorum</strong></span> <span class='ocrx_word' id='word_1_76' title='bbox 1522 705 1603 749; x_wconf 89' lang='lat' dir='ltr'><strong>Ju-</strong></span> 
     </span>
     <span class='ocr_line' id='line_1_10' title="bbox 120 718 1603 817; baseline 0.001 -15"><span class='ocrx_word' id='word_1_77' title='bbox 120 760 329 802; x_wconf 87' lang='lat' dir='ltr'><strong>daeorum</strong></span> <span class='ocrx_word' id='word_1_78' title='bbox 361 759 643 800; x_wconf 88' lang='lat' dir='ltr'><strong>seminarium</strong></span> <span class='ocrx_word' id='word_1_79' title='bbox 676 773 773 801; x_wconf 88' lang='lat' dir='ltr'><strong>esse</strong></span> <span class='ocrx_word' id='word_1_80' title='bbox 806 759 967 810; x_wconf 75' lang='lat' dir='ltr'><strong>voluit,</strong></span> <span class='ocrx_word' id='word_1_81' title='bbox 999 765 1169 801; x_wconf 89' lang='lat' dir='ltr'><strong>ceteros</strong></span> <span class='ocrx_word' id='word_1_82' title='bbox 1189 718 1382 804; x_wconf 73' lang='lat' dir='ltr'><strong>,ludaeos</strong></span> <span class='ocrx_word' id='word_1_83' title='bbox 1402 763 1603 817; x_wconf 78' lang='lat' dir='ltr'><strong>pervica-</strong></span> 
     </span>
     <span class='ocr_line' id='line_1_11' title="bbox 119 814 1603 871; baseline 0.004 -13"><span class='ocrx_word' id='word_1_84' title='bbox 119 831 192 858; x_wconf 88' lang='lat' dir='ltr'><strong>ces</strong></span> <span class='ocrx_word' id='word_1_85' title='bbox 215 814 431 868; x_wconf 79' lang='lat' dir='ltr'><strong>reddidit,</strong></span> <span class='ocrx_word' id='word_1_86' title='bbox 464 817 539 871; x_wconf 86' lang='lat' dir='ltr'><strong>qui</strong></span> <span class='ocrx_word' id='word_1_87' title='bbox 561 814 739 858; x_wconf 86' lang='lat' dir='ltr'><strong>Christo</strong></span> <span class='ocrx_word' id='word_1_88' title='bbox 760 814 887 858; x_wconf 86' lang='lat' dir='ltr'><strong>fidem</strong></span> <span class='ocrx_word' id='word_1_89' title='bbox 907 815 1176 871; x_wconf 83' lang='lat' dir='ltr'><strong>denegarent</strong></span> <span class='ocrx_word' id='word_1_90' title='bbox 1194 831 1230 859; x_wconf 88' lang='lat' dir='ltr'><strong>c.</strong></span> <span class='ocrx_word' id='word_1_91' title='bbox 1248 819 1316 861; x_wconf 91' lang='lat'><strong>11.</strong></span> <span class='ocrx_word' id='word_1_92' title='bbox 1337 831 1377 860; x_wconf 83' lang='lat' dir='ltr'><strong>v.</strong></span> <span class='ocrx_word' id='word_1_93' title='bbox 1394 820 1435 863; x_wconf 90' lang='grc'><strong>1.</strong></span> <span class='ocrx_word' id='word_1_94' title='bbox 1451 843 1496 850; x_wconf 85' lang='grc'><strong>-</strong></span> <span class='ocrx_word' id='word_1_95' title='bbox 1514 821 1603 866; x_wconf 90' lang='grc'><strong>10..</strong></span> 
     </span>
     <span class='ocr_line' id='line_1_12' title="bbox 119 872 1603 930; baseline 0.004 -16"><span class='ocrx_word' id='word_1_96' title='bbox 119 873 396 930; x_wconf 75' lang='lat' dir='ltr'>Quamquam</span> <span class='ocrx_word' id='word_1_97' title='bbox 431 887 484 913; x_wconf 90' lang='lat' dir='ltr'><strong>ne</strong></span> <span class='ocrx_word' id='word_1_98' title='bbox 516 872 560 914; x_wconf 93' lang='lat' dir='ltr'><strong>hi</strong></span> <span class='ocrx_word' id='word_1_99' title='bbox 592 872 766 929; x_wconf 81' lang='lat' dir='ltr'><strong>quidem</strong></span> <span class='ocrx_word' id='word_1_100' title='bbox 799 872 1049 915; x_wconf 87' lang='lat' dir='ltr'><strong>titubarunt</strong></span> <span class='ocrx_word' id='word_1_101' title='bbox 1089 879 1136 915; x_wconf 89' lang='lat' dir='ltr'><strong>ut</strong></span> <span class='ocrx_word' id='word_1_102' title='bbox 1164 872 1394 928; x_wconf 80' lang='lat' dir='ltr'><strong>caderent,</strong></span> <span class='ocrx_word' id='word_1_103' title='bbox 1434 875 1512 919; x_wconf 90' lang='lat' dir='ltr'><strong>sed</strong></span> <span class='ocrx_word' id='word_1_104' title='bbox 1545 877 1603 920; x_wconf 91' lang='lat' dir='ltr'><strong>iis</strong></span> 
     </span>
     <span class='ocr_line' id='line_1_13' title="bbox 119 930 1602 989; baseline 0.002 -16"><span class='ocrx_word' id='word_1_105' title='bbox 119 930 332 988; x_wconf 83' lang='lat' dir='ltr'><strong>prodesse</strong></span> <span class='ocrx_word' id='word_1_106' title='bbox 368 930 488 971; x_wconf 85' lang='lat' dir='ltr'><strong>Deus</strong></span> <span class='ocrx_word' id='word_1_107' title='bbox 509 930 670 981; x_wconf 77' lang='lat' dir='ltr'><strong>voluit,</strong></span> <span class='ocrx_word' id='word_1_108' title='bbox 700 944 832 986; x_wconf 84' lang='lat' dir='ltr'><strong>quum</strong></span> <span class='ocrx_word' id='word_1_109' title='bbox 860 944 942 987; x_wconf 91' lang='lat' dir='ltr'><strong>per</strong></span> <span class='ocrx_word' id='word_1_110' title='bbox 961 944 1228 987; x_wconf 83' lang='lat' dir='ltr'><strong>paganorum</strong></span> <span class='ocrx_word' id='word_1_111' title='bbox 1254 930 1409 984; x_wconf 88' lang='lat' dir='ltr'><strong>fidem,</strong></span> <span class='ocrx_word' id='word_1_112' title='bbox 1440 933 1602 989; x_wconf 89' lang='lat' dir='ltr'><strong>quibus</strong></span> 
     </span>
     <span class='ocr_line' id='line_1_14' title="bbox 119 985 1604 1045; baseline 0.003 -17"><span class='ocrx_word' id='word_1_113' title='bbox 119 988 244 1030; x_wconf 89' lang='lat' dir='ltr'><strong>salus</strong></span> <span class='ocrx_word' id='word_1_114' title='bbox 264 1001 342 1045; x_wconf 86' lang='lat' dir='ltr'><strong>per</strong></span> <span class='ocrx_word' id='word_1_115' title='bbox 355 985 621 1031; x_wconf 81' lang='lat' dir='ltr'><strong>Iudaeorum</strong></span> <span class='ocrx_word' id='word_1_116' title='bbox 644 986 933 1044; x_wconf 80' lang='lat' dir='ltr'><strong>pervicaciam</strong></span> <span class='ocrx_word' id='word_1_117' title='bbox 957 986 1104 1029; x_wconf 86' lang='lat' dir='ltr'><strong>oblata</strong></span> <span class='ocrx_word' id='word_1_118' title='bbox 1125 991 1259 1041; x_wconf 90' lang='lat' dir='ltr'><strong>esset,</strong></span> <span class='ocrx_word' id='word_1_119' title='bbox 1288 1002 1438 1031; x_wconf 90' lang='lat' dir='ltr'><strong>eorum</strong></span> <span class='ocrx_word' id='word_1_120' title='bbox 1454 1004 1604 1033; x_wconf 80' lang='lat' dir='ltr'><strong>aemu-</strong></span> 
     </span>
     <span class='ocr_line' id='line_1_15' title="bbox 117 1043 1601 1103; baseline 0.003 -17"><span class='ocrx_word' id='word_1_121' title='bbox 117 1045 327 1086; x_wconf 83' lang='lat' dir='ltr'><strong>lationem</strong></span> <span class='ocrx_word' id='word_1_122' title='bbox 365 1043 655 1088; x_wconf 78' lang='lat' dir='ltr'><strong>accendisset.</strong></span> <span class='ocrx_word' id='word_1_123' title='bbox 721 1043 911 1085; x_wconf 83' lang='lat' dir='ltr'><strong>Temere</strong></span> <span class='ocrx_word' id='word_1_124' title='bbox 952 1044 1111 1101; x_wconf 87' lang='lat' dir='ltr'><strong>pagani</strong></span> <span class='ocrx_word' id='word_1_125' title='bbox 1146 1045 1405 1102; x_wconf 84' lang='lat' dir='ltr'><strong>superbiant</strong></span> <span class='ocrx_word' id='word_1_126' title='bbox 1433 1049 1601 1103; x_wconf 91' lang='lat' dir='ltr'><strong>spretis</strong></span> 
     </span>
     <span class='ocr_line' id='line_1_16' title="bbox 118 1099 1601 1159; baseline 0.003 -17"><span class='ocrx_word' id='word_1_127' title='bbox 118 1101 419 1159; x_wconf 82' lang='lat' dir='ltr'><strong>pervicacibus</strong></span> <span class='ocrx_word' id='word_1_128' title='bbox 438 1099 640 1145; x_wconf 86' lang='lat' dir='ltr'><strong>Judaeis.</strong></span> <span class='ocrx_word' id='word_1_129' title='bbox 696 1099 872 1143; x_wconf 80' lang='lat' dir='ltr'><strong>Etenim</strong></span> <span class='ocrx_word' id='word_1_130' title='bbox 892 1102 1029 1143; x_wconf 90' lang='lat' dir='ltr'><strong>multo</strong></span> <span class='ocrx_word' id='word_1_131' title='bbox 1052 1101 1227 1143; x_wconf 81' lang='lat' dir='ltr'><strong>facilius</strong></span> <span class='ocrx_word' id='word_1_132' title='bbox 1249 1101 1294 1144; x_wconf 87' lang='lat' dir='ltr'><strong>bi</strong></span> <span class='ocrx_word' id='word_1_133' title='bbox 1314 1102 1358 1144; x_wconf 89' lang='lat' dir='ltr'><strong>in</strong></span> <span class='ocrx_word' id='word_1_134' title='bbox 1379 1103 1601 1159; x_wconf 89' lang='lat' dir='ltr'><strong>integrum</strong></span> 
     </span>
     <span class='ocr_line' id='line_1_17' title="bbox 117 1157 1602 1217; baseline 0.003 -17"><span class='ocrx_word' id='word_1_135' title='bbox 117 1159 440 1210; x_wconf 86' lang='lat' dir='ltr'><strong>restituantur,</strong></span> <span class='ocrx_word' id='word_1_136' title='bbox 482 1172 612 1214; x_wconf 89' lang='lat' dir='ltr'><strong>quam</strong></span> <span class='ocrx_word' id='word_1_137' title='bbox 652 1157 842 1213; x_wconf 82' lang='lat' dir='ltr'><strong>gentiles</strong></span> <span class='ocrx_word' id='word_1_138' title='bbox 881 1157 925 1200; x_wconf 91' lang='lat' dir='ltr'><strong>in</strong></span> <span class='ocrx_word' id='word_1_139' title='bbox 955 1157 1044 1200; x_wconf 89' lang='lat' dir='ltr'><strong>Dei</strong></span> <span class='ocrx_word' id='word_1_140' title='bbox 1074 1158 1262 1213; x_wconf 85' lang='lat' dir='ltr'><strong>gratiam</strong></span> <span class='ocrx_word' id='word_1_141' title='bbox 1296 1161 1463 1217; x_wconf 83' lang='lat' dir='ltr'><strong>recepti</strong></span> <span class='ocrx_word' id='word_1_142' title='bbox 1497 1167 1602 1204; x_wconf 89' lang='lat' dir='ltr'><strong>sunt</strong></span> 
     </span>
     <span class='ocr_line' id='line_1_18' title="bbox 117 1213 1602 1271; baseline 0.003 -14"><span class='ocrx_word' id='word_1_143' title='bbox 117 1229 158 1260; x_wconf 87' lang='lat' dir='ltr'><strong>c.</strong></span> <span class='ocrx_word' id='word_1_144' title='bbox 180 1217 249 1259; x_wconf 92' lang='lat'><strong>11.</strong></span> <span class='ocrx_word' id='word_1_145' title='bbox 272 1229 313 1259; x_wconf 84' lang='lat' dir='ltr'><strong>v.</strong></span> <span class='ocrx_word' id='word_1_146' title='bbox 334 1217 404 1259; x_wconf 89' lang='lat' dir='ltr'><strong>ll.</strong></span> <span class='ocrx_word' id='word_1_147' title='bbox 423 1239 479 1246; x_wconf 93' lang='lat'>—</span> <span class='ocrx_word' id='word_1_148' title='bbox 499 1214 646 1258; x_wconf 80' lang='lat' dir='ltr'><strong>v.24..</strong></span> <span class='ocrx_word' id='word_1_149' title='bbox 715 1214 772 1256; x_wconf 90' lang='lat' dir='ltr'><strong>Et</strong></span> <span class='ocrx_word' id='word_1_150' title='bbox 808 1228 863 1257; x_wconf 83' lang='lat' dir='ltr'><strong>ue</strong></span> <span class='ocrx_word' id='word_1_151' title='bbox 903 1214 1002 1271; x_wconf 87' lang='lat' dir='ltr'><strong>quis</strong></span> <span class='ocrx_word' id='word_1_152' title='bbox 1039 1213 1141 1257; x_wconf 91' lang='lat' dir='ltr'><strong>dum</strong></span> <span class='ocrx_word' id='word_1_153' title='bbox 1181 1214 1377 1259; x_wconf 88' lang='lat' dir='ltr'><strong>Judaeos</strong></span> <span class='ocrx_word' id='word_1_154' title='bbox 1418 1217 1602 1261; x_wconf 82' lang='lat' dir='ltr'><strong>infamet</strong></span> 
     </span>
     <span class='ocr_line' id='line_1_19' title="bbox 116 1270 1601 1333; baseline 0.002 -19"><span class='ocrx_word' id='word_1_155' title='bbox 116 1286 275 1330; x_wconf 83' lang='lat' dir='ltr'><strong>sapere</strong></span> <span class='ocrx_word' id='word_1_156' title='bbox 306 1271 392 1313; x_wconf 91' lang='lat' dir='ltr'><strong>sibi</strong></span> <span class='ocrx_word' id='word_1_157' title='bbox 426 1270 629 1313; x_wconf 76' lang='lat' dir='ltr'><strong>videatur</strong></span> <span class='ocrx_word' id='word_1_158' title='bbox 653 1270 834 1328; x_wconf 88' lang='lat' dir='ltr'><strong>aliquod</strong></span> <span class='ocrx_word' id='word_1_159' title='bbox 867 1271 1125 1328; x_wconf 84' lang='lat' dir='ltr'><strong>mysterium</strong></span> <span class='ocrx_word' id='word_1_160' title='bbox 1153 1273 1365 1330; x_wconf 89' lang='lat' dir='ltr'><strong>aperiam.</strong></span> <span class='ocrx_word' id='word_1_161' title='bbox 1430 1273 1601 1333; x_wconf 87' lang='lat' dir='ltr'><strong>Nempe</strong></span> 
     </span>
     <span class='ocr_line' id='line_1_20' title="bbox 116 1327 1602 1387; baseline 0.002 -16"><span class='ocrx_word' id='word_1_162' title='bbox 116 1327 244 1372; x_wconf 91' lang='lat' dir='ltr'><strong>Deus</strong></span> <span class='ocrx_word' id='word_1_163' title='bbox 265 1343 344 1387; x_wconf 91' lang='lat' dir='ltr'><strong>pro</strong></span> <span class='ocrx_word' id='word_1_164' title='bbox 369 1329 464 1380; x_wconf 66' lang='lat' dir='ltr'><strong>sua,</strong></span> <span class='ocrx_word' id='word_1_165' title='bbox 492 1343 604 1385; x_wconf 84' lang='lat' dir='ltr'><strong>quae</strong></span> <span class='ocrx_word' id='word_1_166' title='bbox 626 1336 809 1370; x_wconf 90' lang='lat' dir='ltr'><strong>mentem</strong></span> <span class='ocrx_word' id='word_1_167' title='bbox 830 1328 1062 1370; x_wconf 88' lang='lat' dir='ltr'><strong>humanam</strong></span> <span class='ocrx_word' id='word_1_168' title='bbox 1082 1330 1212 1384; x_wconf 91' lang='lat' dir='ltr'><strong>longe</strong></span> <span class='ocrx_word' id='word_1_169' title='bbox 1231 1331 1448 1386; x_wconf 85' lang='lat' dir='ltr'><strong>longeque</strong></span> <span class='ocrx_word' id='word_1_170' title='bbox 1467 1347 1602 1374; x_wconf 79' lang='lat' dir='ltr'><strong>exsu-</strong></span> 
     </span>
    </p>

    <p class='ocr_par' dir='ltr' id='par_1_3' title="bbox 58 1385 1602 2923">
     <span class='ocr_line' id='line_1_21' title="bbox 149 1385 1602 1444; baseline 0.002 -16"><span class='ocrx_word' id='word_1_171' title='bbox 149 1391 266 1439; x_wconf 89' lang='lat' dir='ltr'><strong>erat,</strong></span> <span class='ocrx_word' id='word_1_172' title='bbox 296 1386 515 1444; x_wconf 72' lang='lat' dir='ltr'><strong>sapientia</strong></span> <span class='ocrx_word' id='word_1_173' title='bbox 537 1400 628 1427; x_wconf 86' lang='lat' dir='ltr'><strong>rem</strong></span> <span class='ocrx_word' id='word_1_174' title='bbox 648 1385 711 1426; x_wconf 90' lang='lat' dir='ltr'><strong>sic</strong></span> <span class='ocrx_word' id='word_1_175' title='bbox 733 1385 952 1433; x_wconf 87' lang='lat' dir='ltr'><strong>instituit,</strong></span> <span class='ocrx_word' id='word_1_176' title='bbox 991 1389 1039 1427; x_wconf 88' lang='lat' dir='ltr'><strong>ut</strong></span> <span class='ocrx_word' id='word_1_177' title='bbox 1062 1386 1137 1442; x_wconf 91' lang='lat' dir='ltr'><strong>qui</strong></span> <span class='ocrx_word' id='word_1_178' title='bbox 1164 1400 1276 1429; x_wconf 90' lang='lat' dir='ltr'><strong>nunc</strong></span> <span class='ocrx_word' id='word_1_179' title='bbox 1295 1387 1602 1431; x_wconf 89' lang='lat' dir='ltr'><strong>obduruerunt</strong></span> 
     </span>
     <span class='ocr_line' id='line_1_22' title="bbox 116 1400 1597 1499; baseline 0.001 -12"><span class='ocrx_word' id='word_1_180' title='bbox 116 1400 279 1488; x_wconf 48' lang='lat' dir='ltr'><strong>gudaei</strong></span> <span class='ocrx_word' id='word_1_181' title='bbox 300 1448 391 1485; x_wconf 93' lang='lat' dir='ltr'><strong>tum</strong></span> <span class='ocrx_word' id='word_1_182' title='bbox 422 1441 550 1484; x_wconf 84' lang='lat' dir='ltr'><strong>fidem</strong></span> <span class='ocrx_word' id='word_1_183' title='bbox 571 1442 731 1484; x_wconf 89' lang='lat' dir='ltr'><strong>animis</strong></span> <span class='ocrx_word' id='word_1_184' title='bbox 757 1442 1013 1499; x_wconf 87' lang='lat' dir='ltr'><strong>concepturi</strong></span> <span class='ocrx_word' id='word_1_185' title='bbox 1048 1443 1164 1495; x_wconf 87' lang='lat' dir='ltr'><strong>sint,</strong></span> <span class='ocrx_word' id='word_1_186' title='bbox 1235 1458 1334 1485; x_wconf 94' lang='lat' dir='ltr'><strong>uum</strong></span> <span class='ocrx_word' id='word_1_187' title='bbox 1364 1446 1597 1498; x_wconf 79' lang='lat' dir='ltr'><strong>gentilium</strong></span> 
     </span>
     <span class='ocr_line' id='line_1_23' title="bbox 116 1499 1599 1558; baseline 0.002 -15"><span class='ocrx_word' id='word_1_188' title='bbox 116 1515 271 1555; x_wconf 82' lang='lat' dir='ltr'><strong>agmen</strong></span> <span class='ocrx_word' id='word_1_189' title='bbox 290 1499 346 1542; x_wconf 90' lang='lat' dir='ltr'><strong>ad</strong></span> <span class='ocrx_word' id='word_1_190' title='bbox 366 1499 534 1543; x_wconf 86' lang='lat' dir='ltr'><strong>Christi</strong></span> <span class='ocrx_word' id='word_1_191' title='bbox 558 1512 683 1541; x_wconf 87' lang='lat' dir='ltr'><strong>sacra</strong></span> <span class='ocrx_word' id='word_1_192' title='bbox 702 1499 956 1543; x_wconf 84' lang='lat' dir='ltr'><strong>accesserit.</strong></span> <span class='ocrx_word' id='word_1_193' title='bbox 1015 1499 1191 1558; x_wconf 74' lang='lat' dir='ltr'><strong>Quippe</strong></span> <span class='ocrx_word' id='word_1_194' title='bbox 1259 1515 1350 1553; x_wconf 84' lang='lat' dir='ltr'><strong>euS,</strong></span> <span class='ocrx_word' id='word_1_195' title='bbox 1380 1507 1429 1543; x_wconf 91' lang='lat' dir='ltr'><strong>ut</strong></span> <span class='ocrx_word' id='word_1_196' title='bbox 1447 1517 1599 1546; x_wconf 89' lang='lat' dir='ltr'><strong>omnes</strong></span> 
     </span>
     <span class='ocr_line' id='line_1_24' title="bbox 115 1554 1601 1614; baseline 0.002 -15"><span class='ocrx_word' id='word_1_197' title='bbox 115 1556 305 1614; x_wconf 88' lang='lat' dir='ltr'><strong>denique</strong></span> <span class='ocrx_word' id='word_1_198' title='bbox 326 1557 524 1599; x_wconf 90' lang='lat' dir='ltr'><strong>homines</strong></span> <span class='ocrx_word' id='word_1_199' title='bbox 547 1556 714 1609; x_wconf 85' lang='lat' dir='ltr'><strong>bearet,</strong></span> <span class='ocrx_word' id='word_1_200' title='bbox 746 1570 823 1614; x_wconf 92' lang='lat' dir='ltr'><strong>per</strong></span> <span class='ocrx_word' id='word_1_201' title='bbox 847 1554 1116 1600; x_wconf 74' lang='lat' dir='ltr'><strong>Iudaeorum</strong></span> <span class='ocrx_word' id='word_1_202' title='bbox 1141 1555 1478 1601; x_wconf 88' lang='lat' dir='ltr'><strong>obstinationem</strong></span> <span class='ocrx_word' id='word_1_203' title='bbox 1499 1560 1601 1603; x_wconf 87' lang='lat' dir='ltr'><strong>feli-</strong></span> 
     </span>
     <span class='ocr_line' id='line_1_25' title="bbox 115 1612 1601 1671; baseline 0.002 -15"><span class='ocrx_word' id='word_1_204' title='bbox 115 1629 188 1656; x_wconf 87' lang='lat' dir='ltr'><strong>ces</strong></span> <span class='ocrx_word' id='word_1_205' title='bbox 219 1613 414 1657; x_wconf 78' lang='lat' dir='ltr'><strong>reddidit</strong></span> <span class='ocrx_word' id='word_1_206' title='bbox 449 1614 663 1669; x_wconf 85' lang='lat' dir='ltr'><strong>gentiles,</strong></span> <span class='ocrx_word' id='word_1_207' title='bbox 714 1627 794 1670; x_wconf 89' lang='lat' dir='ltr'><strong>per</strong></span> <span class='ocrx_word' id='word_1_208' title='bbox 833 1612 1067 1667; x_wconf 87' lang='lat' dir='ltr'><strong>gentilium</strong></span> <span class='ocrx_word' id='word_1_209' title='bbox 1102 1613 1361 1671; x_wconf 85' lang='lat' dir='ltr'><strong>obsequium</strong></span> <span class='ocrx_word' id='word_1_210' title='bbox 1390 1614 1601 1670; x_wconf 78' lang='lat' dir='ltr'><strong>Judaeus,</strong></span> 
     </span>
     <span class='ocr_line' id='line_1_26' title="bbox 116 1670 1598 1728; baseline 0.002 -15"><span class='ocrx_word' id='word_1_211' title='bbox 116 1686 250 1728; x_wconf 85' lang='lat' dir='ltr'><strong>quum</strong></span> <span class='ocrx_word' id='word_1_212' title='bbox 278 1672 456 1714; x_wconf 90' lang='lat' dir='ltr'><strong>illorum</strong></span> <span class='ocrx_word' id='word_1_213' title='bbox 486 1671 694 1713; x_wconf 88' lang='lat' dir='ltr'><strong>virtutem</strong></span> <span class='ocrx_word' id='word_1_214' title='bbox 723 1670 931 1712; x_wconf 88' lang='lat' dir='ltr'><strong>aemulati</strong></span> <span class='ocrx_word' id='word_1_215' title='bbox 959 1670 1150 1724; x_wconf 87' lang='lat' dir='ltr'><strong>fuerint,</strong></span> <span class='ocrx_word' id='word_1_216' title='bbox 1189 1679 1234 1714; x_wconf 91' lang='lat' dir='ltr'><strong>et</strong></span> <span class='ocrx_word' id='word_1_217' title='bbox 1258 1672 1379 1728; x_wconf 86' lang='lat' dir='ltr'><strong>ipsos</strong></span> <span class='ocrx_word' id='word_1_218' title='bbox 1400 1672 1443 1714; x_wconf 89' lang='lat' dir='ltr'><strong>in</strong></span> <span class='ocrx_word' id='word_1_219' title='bbox 1466 1673 1598 1716; x_wconf 88' lang='lat' dir='ltr'><strong>fidem</strong></span> 
     </span>
     <span class='ocr_line' id='line_1_27' title="bbox 116 1727 1599 1786; baseline 0.002 -16"><span class='ocrx_word' id='word_1_220' title='bbox 116 1743 241 1770; x_wconf 87' lang='lat' dir='ltr'><strong>suam</strong></span> <span class='ocrx_word' id='word_1_221' title='bbox 285 1733 544 1786; x_wconf 87' lang='lat' dir='ltr'><strong>recepturus</strong></span> <span class='ocrx_word' id='word_1_222' title='bbox 591 1742 629 1770; x_wconf 86' lang='lat' dir='ltr'><strong>c.</strong></span> <span class='ocrx_word' id='word_1_223' title='bbox 669 1728 739 1770; x_wconf 89' lang='lat'><strong>11.</strong></span> <span class='ocrx_word' id='word_1_224' title='bbox 773 1741 812 1770; x_wconf 77' lang='lat' dir='ltr'><strong>v.</strong></span> <span class='ocrx_word' id='word_1_225' title='bbox 849 1727 1105 1771; x_wconf 80' lang='lat'><strong>25.-36..</strong></span> <span class='ocrx_word' id='word_1_226' title='bbox 1137 1753 1192 1762; x_wconf 88' lang='lat'>—</span> <span class='ocrx_word' id='word_1_227' title='bbox 1264 1729 1599 1786; x_wconf 87' lang='lat' dir='ltr'><strong>Disputatiouis</strong></span> 
     </span>
     <span class='ocr_line' id='line_1_28' title="bbox 118 1783 1599 1842; baseline 0.003 -16"><span class='ocrx_word' id='word_1_228' title='bbox 118 1784 350 1827; x_wconf 83' lang='lat' dir='ltr'><strong>Paullinae</strong></span> <span class='ocrx_word' id='word_1_229' title='bbox 377 1786 493 1826; x_wconf 87' lang='lat' dir='ltr'><strong>ratio</strong></span> <span class='ocrx_word' id='word_1_230' title='bbox 522 1790 564 1825; x_wconf 88' lang='lat' dir='ltr'><strong>et</strong></span> <span class='ocrx_word' id='word_1_231' title='bbox 592 1783 820 1826; x_wconf 84' lang='lat' dir='ltr'><strong>subtilitas</strong></span> <span class='ocrx_word' id='word_1_232' title='bbox 848 1798 884 1827; x_wconf 89' lang='lat' dir='ltr'><strong>c.</strong></span> <span class='ocrx_word' id='word_1_233' title='bbox 906 1785 1098 1830; x_wconf 85' lang='lat'>9.—11.</span> <span class='ocrx_word' id='word_1_234' title='bbox 1129 1788 1220 1827; x_wconf 89' lang='lat' dir='ltr'><strong>tum</strong></span> <span class='ocrx_word' id='word_1_235' title='bbox 1250 1800 1303 1828; x_wconf 84' lang='lat' dir='ltr'><strong>ex</strong></span> <span class='ocrx_word' id='word_1_236' title='bbox 1324 1793 1599 1842; x_wconf 88' lang='lat' dir='ltr'><strong>argumento,</strong></span> 
     </span>
     <span class='ocr_line' id='line_1_29' title="bbox 117 1840 1596 1900; baseline 0.004 -18"><span class='ocrx_word' id='word_1_237' title='bbox 117 1840 235 1897; x_wconf 91' lang='lat' dir='ltr'><strong>quod</strong></span> <span class='ocrx_word' id='word_1_238' title='bbox 257 1841 446 1894; x_wconf 86' lang='lat' dir='ltr'><strong>singulis</strong></span> <span class='ocrx_word' id='word_1_239' title='bbox 466 1841 684 1898; x_wconf 87' lang='lat' dir='ltr'><strong>capitibus</strong></span> <span class='ocrx_word' id='word_1_240' title='bbox 706 1841 1015 1897; x_wconf 84' lang='lat' dir='ltr'><strong>praefiximus,</strong></span> <span class='ocrx_word' id='word_1_241' title='bbox 1044 1846 1133 1883; x_wconf 90' lang='lat' dir='ltr'><strong>tum</strong></span> <span class='ocrx_word' id='word_1_242' title='bbox 1155 1856 1206 1883; x_wconf 82' lang='lat' dir='ltr'><strong>ex</strong></span> <span class='ocrx_word' id='word_1_243' title='bbox 1229 1843 1596 1900; x_wconf 81' lang='lat' dir='ltr'><strong>interpretatione</strong></span> 
     </span>
     <span class='ocr_line' id='line_1_30' title="bbox 115 1896 1597 1955; baseline 0.003 -16"><span class='ocrx_word' id='word_1_244' title='bbox 115 1898 270 1940; x_wconf 69' lang='lat' dir='ltr'><strong>nostra</strong></span> <span class='ocrx_word' id='word_1_245' title='bbox 339 1899 436 1939; x_wconf 90' lang='lat' dir='ltr'><strong>lane</strong></span> <span class='ocrx_word' id='word_1_246' title='bbox 496 1896 659 1955; x_wconf 87' lang='lat' dir='ltr'><strong>erspici</strong></span> <span class='ocrx_word' id='word_1_247' title='bbox 694 1898 872 1953; x_wconf 86' lang='lat' dir='ltr'><strong>poterit.</strong></span> <span class='ocrx_word' id='word_1_248' title='bbox 940 1897 1050 1938; x_wconf 88' lang='lat' dir='ltr'><strong>Erat</strong></span> <span class='ocrx_word' id='word_1_249' title='bbox 1077 1904 1222 1940; x_wconf 88' lang='lat' dir='ltr'><strong>tamen</strong></span> <span class='ocrx_word' id='word_1_250' title='bbox 1264 1899 1597 1944; x_wconf 88' lang='lat' dir='ltr'><strong>dissertationis</strong></span> 
     </span>
     <span class='ocr_line' id='line_1_31' title="bbox 114 1953 1598 2014; baseline 0.001 -17"><span class='ocrx_word' id='word_1_251' title='bbox 114 1969 282 1997; x_wconf 73' lang='lat' dir='ltr'><strong>sntnma</strong></span> <span class='ocrx_word' id='word_1_252' title='bbox 327 1954 406 1997; x_wconf 80' lang='lat' dir='ltr'><strong>1.l.</strong></span> <span class='ocrx_word' id='word_1_253' title='bbox 431 1953 647 1995; x_wconf 84' lang='lat' dir='ltr'><strong>al&#39;erenda</strong></span> <span class='ocrx_word' id='word_1_254' title='bbox 662 1986 674 2004; x_wconf 93' lang='lat'><strong>,</strong></span> <span class='ocrx_word' id='word_1_255' title='bbox 713 1960 761 1996; x_wconf 89' lang='lat' dir='ltr'><strong>ut</strong></span> <span class='ocrx_word' id='word_1_256' title='bbox 781 1959 824 1995; x_wconf 92' lang='lat' dir='ltr'><strong>et</strong></span> <span class='ocrx_word' id='word_1_257' title='bbox 846 1953 952 2009; x_wconf 87' lang='lat' dir='ltr'><strong>quid</strong></span> <span class='ocrx_word' id='word_1_258' title='bbox 975 1954 1053 1995; x_wconf 70' lang='lat' dir='ltr'><strong>hac</strong></span> <span class='ocrx_word' id='word_1_259' title='bbox 1072 1954 1371 2010; x_wconf 86' lang='lat' dir='ltr'><strong>disputatione</strong></span> <span class='ocrx_word' id='word_1_260' title='bbox 1389 1957 1480 2014; x_wconf 89' lang='lat' dir='ltr'><strong>Ap.</strong></span> <span class='ocrx_word' id='word_1_261' title='bbox 1502 1958 1598 2000; x_wconf 82' lang='lat' dir='ltr'><strong>effi-</strong></span> 
     </span>
     <span class='ocr_line' id='line_1_32' title="bbox 116 2011 1596 2070; baseline 0.002 -17"><span class='ocrx_word' id='word_1_262' title='bbox 116 2026 213 2053; x_wconf 89' lang='lat' dir='ltr'><strong>cere</strong></span> <span class='ocrx_word' id='word_1_263' title='bbox 243 2011 458 2052; x_wconf 75' lang='lat' dir='ltr'><strong>voluisset</strong></span> <span class='ocrx_word' id='word_1_264' title='bbox 478 2016 521 2052; x_wconf 88' lang='lat' dir='ltr'><strong>et</strong></span> <span class='ocrx_word' id='word_1_265' title='bbox 554 2024 663 2066; x_wconf 87' lang='lat' dir='ltr'><strong>quae</strong></span> <span class='ocrx_word' id='word_1_266' title='bbox 685 2024 782 2051; x_wconf 88' lang='lat' dir='ltr'><strong>eum</strong></span> <span class='ocrx_word' id='word_1_267' title='bbox 803 2024 874 2051; x_wconf 88' lang='lat' dir='ltr'><strong>res</strong></span> <span class='ocrx_word' id='word_1_268' title='bbox 900 2011 1107 2052; x_wconf 79' lang='lat' dir='ltr'><strong>movisset</strong></span> <span class='ocrx_word' id='word_1_269' title='bbox 1135 2018 1182 2053; x_wconf 91' lang='lat' dir='ltr'><strong>ut</strong></span> <span class='ocrx_word' id='word_1_270' title='bbox 1202 2013 1311 2054; x_wconf 86' lang='lat' dir='ltr'><strong>hanc</strong></span> <span class='ocrx_word' id='word_1_271' title='bbox 1331 2012 1596 2070; x_wconf 84' lang='lat' dir='ltr'><strong>disputatio-</strong></span> 
     </span>
     <span class='ocr_line' id='line_1_33' title="bbox 116 2065 1597 2130; baseline 0.004 -21"><span class='ocrx_word' id='word_1_272' title='bbox 116 2082 213 2110; x_wconf 89' lang='lat' dir='ltr'><strong>nem</strong></span> <span class='ocrx_word' id='word_1_273' title='bbox 248 2067 581 2122; x_wconf 85' lang='lat' dir='ltr'><strong>ingrederetur,</strong></span> <span class='ocrx_word' id='word_1_274' title='bbox 628 2067 838 2108; x_wconf 84' lang='lat' dir='ltr'><strong>coustitui</strong></span> <span class='ocrx_word' id='word_1_275' title='bbox 870 2071 1036 2123; x_wconf 85' lang='lat' dir='ltr'><strong>posset.</strong></span> <span class='ocrx_word' id='word_1_276' title='bbox 1107 2065 1226 2109; x_wconf 83' lang='lat' dir='ltr'><strong>Illud</strong></span> <span class='ocrx_word' id='word_1_277' title='bbox 1260 2083 1311 2110; x_wconf 86' lang='lat' dir='ltr'><strong>ex</strong></span> <span class='ocrx_word' id='word_1_278' title='bbox 1338 2069 1432 2127; x_wconf 89' lang='lat' dir='ltr'><strong>ipso</strong></span> <span class='ocrx_word' id='word_1_279' title='bbox 1465 2072 1597 2130; x_wconf 88' lang='lat' dir='ltr'><strong>hujus</strong></span> 
     </span>
     <span class='ocr_line' id='line_1_34' title="bbox 115 2122 1597 2182; baseline 0.003 -16"><span class='ocrx_word' id='word_1_280' title='bbox 115 2127 148 2170; x_wconf 90' lang='lat' dir='ltr'><strong>l.</strong></span> <span class='ocrx_word' id='word_1_281' title='bbox 170 2140 208 2168; x_wconf 86' lang='lat' dir='ltr'><strong>c.</strong></span> <span class='ocrx_word' id='word_1_282' title='bbox 229 2126 332 2169; x_wconf 88' lang='lat'><strong>9.—</strong></span> <span class='ocrx_word' id='word_1_283' title='bbox 350 2127 417 2167; x_wconf 90' lang='lat' dir='ltr'><strong>ll.</strong></span> <span class='ocrx_word' id='word_1_284' title='bbox 437 2130 695 2179; x_wconf 85' lang='lat' dir='ltr'><strong>argumento</strong></span> <span class='ocrx_word' id='word_1_285' title='bbox 717 2124 873 2179; x_wconf 73' lang='lat' dir='ltr'><strong>liquet,</strong></span> <span class='ocrx_word' id='word_1_286' title='bbox 931 2122 1047 2165; x_wconf 80' lang='lat' dir='ltr'><strong>Nam</strong></span> <span class='ocrx_word' id='word_1_287' title='bbox 1079 2124 1195 2180; x_wconf 87' lang='lat' dir='ltr'><strong>quod</strong></span> <span class='ocrx_word' id='word_1_288' title='bbox 1225 2127 1351 2182; x_wconf 86' lang='lat' dir='ltr'><strong>pauci</strong></span> <span class='ocrx_word' id='word_1_289' title='bbox 1382 2128 1459 2169; x_wconf 90' lang='lat' dir='ltr'><strong>illo</strong></span> <span class='ocrx_word' id='word_1_290' title='bbox 1479 2133 1597 2170; x_wconf 88' lang='lat' dir='ltr'><strong>tem-</strong></span> 
     </span>
     <span class='ocr_line' id='line_1_35' title="bbox 114 2179 1597 2249; baseline 0.005 -26"><span class='ocrx_word' id='word_1_291' title='bbox 114 2196 222 2249; x_wconf 91' lang='lat' dir='ltr'><strong>pore</strong></span> <span class='ocrx_word' id='word_1_292' title='bbox 261 2180 419 2224; x_wconf 86' lang='lat' dir='ltr'><strong>Judaei</strong></span> <span class='ocrx_word' id='word_1_293' title='bbox 455 2181 498 2222; x_wconf 88' lang='lat' dir='ltr'><strong>in</strong></span> <span class='ocrx_word' id='word_1_294' title='bbox 535 2180 713 2222; x_wconf 77' lang='lat' dir='ltr'><strong>Christo</strong></span> <span class='ocrx_word' id='word_1_295' title='bbox 753 2179 879 2221; x_wconf 82' lang='lat' dir='ltr'><strong>tidem</strong></span> <span class='ocrx_word' id='word_1_296' title='bbox 918 2181 1239 2223; x_wconf 85' lang='lat' dir='ltr'><strong>collocaverant</strong></span> <span class='ocrx_word' id='word_1_297' title='bbox 1270 2183 1597 2230; x_wconf 85' lang='lat' dir='ltr'><strong>sollicitudines</strong></span> 
     </span>
     <span class='ocr_line' id='line_1_36' title="bbox 109 2236 1595 2299; baseline 0.003 -18"><span class='ocrx_word' id='word_1_298' title='bbox 109 2237 316 2299; x_wconf 71' lang='lat' dir='ltr'><strong>judaicae</strong></span> <span class='ocrx_word' id='word_1_299' title='bbox 353 2238 508 2294; x_wconf 84' lang='lat' dir='ltr'><strong>stirpis</strong></span> <span class='ocrx_word' id='word_1_300' title='bbox 550 2236 842 2287; x_wconf 79' lang='lat' dir='ltr'><strong>Christianis,</strong></span> <span class='ocrx_word' id='word_1_301' title='bbox 889 2237 1005 2278; x_wconf 87' lang='lat' dir='ltr'><strong>altos</strong></span> <span class='ocrx_word' id='word_1_302' title='bbox 1039 2237 1227 2293; x_wconf 89' lang='lat' dir='ltr'><strong>spiritus</strong></span> <span class='ocrx_word' id='word_1_303' title='bbox 1264 2240 1343 2292; x_wconf 82' lang='lat' dir='ltr'><strong>iis,</strong></span> <span class='ocrx_word' id='word_1_304' title='bbox 1386 2242 1460 2297; x_wconf 87' lang='lat' dir='ltr'><strong>qui</strong></span> <span class='ocrx_word' id='word_1_305' title='bbox 1490 2244 1595 2285; x_wconf 93' lang='lat' dir='ltr'><strong>olim</strong></span> 
     </span>
     <span class='ocr_line' id='line_1_37' title="bbox 116 2293 1596 2354; baseline 0.001 -17"><span class='ocrx_word' id='word_1_306' title='bbox 116 2295 306 2349; x_wconf 83' lang='lat' dir='ltr'><strong>gentiles</strong></span> <span class='ocrx_word' id='word_1_307' title='bbox 337 2295 525 2337; x_wconf 84' lang='lat' dir='ltr'><strong>fuissent</strong></span> <span class='ocrx_word' id='word_1_308' title='bbox 559 2294 716 2335; x_wconf 86' lang='lat' dir='ltr'><strong>all&#39;erre</strong></span> <span class='ocrx_word' id='word_1_309' title='bbox 750 2300 939 2349; x_wconf 86' lang='lat' dir='ltr'><strong>poterat.</strong></span> <span class='ocrx_word' id='word_1_310' title='bbox 1011 2293 1285 2351; x_wconf 84' lang='lat' dir='ltr'><strong>Superquam</strong></span> <span class='ocrx_word' id='word_1_311' title='bbox 1324 2298 1438 2338; x_wconf 89' lang='lat' dir='ltr'><strong>enim</strong></span> <span class='ocrx_word' id='word_1_312' title='bbox 1479 2299 1596 2354; x_wconf 85' lang='lat' dir='ltr'><strong>quod</strong></span> 
     </span>
     <span class='ocr_line' id='line_1_38' title="bbox 117 2349 1596 2408; baseline 0.003 -13"><span class='ocrx_word' id='word_1_313' title='bbox 117 2367 240 2395; x_wconf 89' lang='lat' dir='ltr'><strong>suam</strong></span> <span class='ocrx_word' id='word_1_314' title='bbox 273 2353 458 2408; x_wconf 88' lang='lat' dir='ltr'><strong>quisque</strong></span> <span class='ocrx_word' id='word_1_315' title='bbox 488 2358 659 2404; x_wconf 88' lang='lat' dir='ltr'><strong>gentem</strong></span> <span class='ocrx_word' id='word_1_316' title='bbox 688 2349 859 2406; x_wconf 82' lang='lat' dir='ltr'><strong>diligit,</strong></span> <span class='ocrx_word' id='word_1_317' title='bbox 898 2350 1023 2392; x_wconf 89' lang='lat' dir='ltr'><strong>Deus</strong></span> <span class='ocrx_word' id='word_1_318' title='bbox 1055 2353 1312 2393; x_wconf 85' lang='lat' dir='ltr'><strong>messianam</strong></span> <span class='ocrx_word' id='word_1_319' title='bbox 1336 2355 1596 2399; x_wconf 84' lang='lat' dir='ltr'><strong>felicitatem</strong></span> 
     </span>
     <span class='ocr_line' id='line_1_39' title="bbox 115 2405 1598 2470; baseline 0.003 -19"><span class='ocrx_word' id='word_1_320' title='bbox 115 2408 325 2461; x_wconf 81' lang='lat' dir='ltr'><strong>Iudaeis,</strong></span> <span class='ocrx_word' id='word_1_321' title='bbox 354 2409 528 2451; x_wconf 87' lang='lat' dir='ltr'><strong>deliciis</strong></span> <span class='ocrx_word' id='word_1_322' title='bbox 554 2408 662 2459; x_wconf 89' lang='lat' dir='ltr'><strong>suis,</strong></span> <span class='ocrx_word' id='word_1_323' title='bbox 693 2405 1007 2464; x_wconf 85' lang='lat' dir='ltr'><strong>spoponderat.</strong></span> <span class='ocrx_word' id='word_1_324' title='bbox 1064 2407 1308 2451; x_wconf 85' lang='lat' dir='ltr'><strong>Christiani</strong></span> <span class='ocrx_word' id='word_1_325' title='bbox 1328 2417 1489 2463; x_wconf 87' lang='lat' dir='ltr'><strong>autem,</strong></span> <span class='ocrx_word' id='word_1_326' title='bbox 1520 2415 1598 2470; x_wconf 90' lang='lat' dir='ltr'><strong>qui</strong></span> 
     </span>
     <span class='ocr_line' id='line_1_40' title="bbox 115 2465 1596 2523; baseline 0.003 -16"><span class='ocrx_word' id='word_1_327' title='bbox 115 2466 353 2522; x_wconf 75' lang='lat' dir='ltr'><strong>aliquando</strong></span> <span class='ocrx_word' id='word_1_328' title='bbox 382 2465 541 2523; x_wconf 78' lang='lat' dir='ltr'><strong>pagani</strong></span> <span class='ocrx_word' id='word_1_329' title='bbox 572 2465 782 2514; x_wconf 78' lang='lat' dir='ltr'><strong>luissent,</strong></span> <span class='ocrx_word' id='word_1_330' title='bbox 822 2479 951 2518; x_wconf 82' lang='lat' dir='ltr'><strong>quum</strong></span> <span class='ocrx_word' id='word_1_331' title='bbox 977 2465 1138 2506; x_wconf 87' lang='lat' dir='ltr'><strong>multos</strong></span> <span class='ocrx_word' id='word_1_332' title='bbox 1167 2467 1236 2507; x_wconf 90' lang='lat' dir='ltr'><strong>sui</strong></span> <span class='ocrx_word' id='word_1_333' title='bbox 1258 2469 1433 2521; x_wconf 88' lang='lat' dir='ltr'><strong>generis</strong></span> <span class='ocrx_word' id='word_1_334' title='bbox 1456 2469 1596 2512; x_wconf 87' lang='lat' dir='ltr'><strong>homi-</strong></span> 
     </span>
     <span class='ocr_line' id='line_1_41' title="bbox 58 2520 1595 2579; baseline 0.003 -14"><span class='ocrx_word' id='word_1_335' title='bbox 58 2521 61 2523; x_wconf 33' lang='lat'><em>*</em></span> <span class='ocrx_word' id='word_1_336' title='bbox 115 2537 219 2574; x_wconf 87' lang='lat' dir='ltr'><strong>nes,</strong></span> <span class='ocrx_word' id='word_1_337' title='bbox 257 2536 418 2579; x_wconf 86' lang='lat' dir='ltr'><strong>paucos</strong></span> <span class='ocrx_word' id='word_1_338' title='bbox 439 2521 633 2566; x_wconf 67' lang='lat' dir='ltr'><strong>,ludaeos</strong></span> <span class='ocrx_word' id='word_1_339' title='bbox 663 2520 717 2562; x_wconf 85' lang='lat' dir='ltr'><strong>ad</strong></span> <span class='ocrx_word' id='word_1_340' title='bbox 738 2521 907 2564; x_wconf 73' lang='lat' dir='ltr'><strong>Christi</strong></span> <span class='ocrx_word' id='word_1_341' title='bbox 935 2535 1060 2563; x_wconf 85' lang='lat' dir='ltr'><strong>sacra</strong></span> <span class='ocrx_word' id='word_1_342' title='bbox 1083 2525 1298 2565; x_wconf 88' lang='lat' dir='ltr'><strong>transisse</strong></span> <span class='ocrx_word' id='word_1_343' title='bbox 1319 2526 1595 2569; x_wconf 84' lang='lat' dir='ltr'><strong>animadver-</strong></span> 
     </span>
     <span class='ocr_line' id='line_1_42' title="bbox 115 2578 1595 2640; baseline 0.003 -18"><span class='ocrx_word' id='word_1_344' title='bbox 115 2580 303 2630; x_wconf 90' lang='lat' dir='ltr'><strong>tissent,</strong></span> <span class='ocrx_word' id='word_1_345' title='bbox 350 2585 493 2621; x_wconf 87' lang='lat' dir='ltr'><strong>sumto</strong></span> <span class='ocrx_word' id='word_1_346' title='bbox 536 2578 696 2634; x_wconf 84' lang='lat' dir='ltr'><strong>spiritu</strong></span> <span class='ocrx_word' id='word_1_347' title='bbox 732 2578 922 2622; x_wconf 55' lang='lat' dir='ltr'><strong>,ludaeos</strong></span> <span class='ocrx_word' id='word_1_348' title='bbox 967 2584 1242 2621; x_wconf 83' lang='lat' dir='ltr'><strong>contemnere</strong></span> <span class='ocrx_word' id='word_1_349' title='bbox 1283 2587 1595 2640; x_wconf 89' lang='lat' dir='ltr'><strong>contemtuque</strong></span> 
     </span>
     <span class='ocr_line' id='line_1_43' title="bbox 116 2634 1595 2697; baseline 0.004 -20"><span class='ocrx_word' id='word_1_350' title='bbox 116 2634 382 2681; x_wconf 82' lang='lat' dir='ltr'><strong>Iudaeorum</strong></span> <span class='ocrx_word' id='word_1_351' title='bbox 421 2651 496 2677; x_wconf 89' lang='lat' dir='ltr'><strong>eos</strong></span> <span class='ocrx_word' id='word_1_352' title='bbox 538 2635 606 2676; x_wconf 88' lang='lat' dir='ltr'><strong>sui</strong></span> <span class='ocrx_word' id='word_1_353' title='bbox 646 2642 794 2677; x_wconf 66' lang='lat' dir='ltr'><strong>coetus</strong></span> <span class='ocrx_word' id='word_1_354' title='bbox 829 2635 1106 2677; x_wconf 70' lang='lat' dir='ltr'><strong>Christianos</strong></span> <span class='ocrx_word' id='word_1_355' title='bbox 1136 2636 1310 2679; x_wconf 89' lang='lat' dir='ltr'><strong>laedere</strong></span> <span class='ocrx_word' id='word_1_356' title='bbox 1338 2644 1595 2697; x_wconf 89' lang='lat' dir='ltr'><strong>potuerunt,</strong></span> 
     </span>
     <span class='ocr_line' id='line_1_44' title="bbox 117 2689 1594 2750; baseline 0.005 -17"><span class='ocrx_word' id='word_1_357' title='bbox 117 2693 192 2750; x_wconf 89' lang='lat' dir='ltr'><strong>qui</strong></span> <span class='ocrx_word' id='word_1_358' title='bbox 214 2692 316 2733; x_wconf 91' lang='lat' dir='ltr'><strong>olim</strong></span> <span class='ocrx_word' id='word_1_359' title='bbox 337 2691 495 2736; x_wconf 75' lang='lat' dir='ltr'><strong>Iudaei</strong></span> <span class='ocrx_word' id='word_1_360' title='bbox 517 2691 721 2734; x_wconf 79' lang='lat' dir='ltr'><strong>fuissent.</strong></span> <span class='ocrx_word' id='word_1_361' title='bbox 781 2689 937 2746; x_wconf 86' lang='lat' dir='ltr'><strong>ltaque</strong></span> <span class='ocrx_word' id='word_1_362' title='bbox 966 2692 1056 2734; x_wconf 88' lang='lat' dir='ltr'><strong>illis</strong></span> <span class='ocrx_word' id='word_1_363' title='bbox 1084 2707 1250 2736; x_wconf 89' lang='lat' dir='ltr'><strong>omnem</strong></span> <span class='ocrx_word' id='word_1_364' title='bbox 1272 2695 1594 2750; x_wconf 87' lang='lat' dir='ltr'><strong>aegritudinem</strong></span> 
     </span>
     <span class='ocr_line' id='line_1_45' title="bbox 116 2748 1595 2808; baseline 0.004 -18"><span class='ocrx_word' id='word_1_365' title='bbox 116 2750 365 2801; x_wconf 80' lang='lat' dir='ltr'><strong>absterget,</strong></span> <span class='ocrx_word' id='word_1_366' title='bbox 400 2749 483 2801; x_wconf 76' lang='lat' dir='ltr'><strong>his,</strong></span> <span class='ocrx_word' id='word_1_367' title='bbox 517 2755 564 2789; x_wconf 92' lang='lat' dir='ltr'><strong>ut</strong></span> <span class='ocrx_word' id='word_1_368' title='bbox 585 2748 817 2789; x_wconf 82' lang='lat' dir='ltr'><strong>insolentia</strong></span> <span class='ocrx_word' id='word_1_369' title='bbox 839 2749 1023 2790; x_wconf 85' lang='lat' dir='ltr'><strong>tollatur</strong></span> <span class='ocrx_word' id='word_1_370' title='bbox 1045 2749 1353 2808; x_wconf 88' lang='lat' dir='ltr'><strong>bominumque</strong></span> <span class='ocrx_word' id='word_1_371' title='bbox 1372 2767 1425 2794; x_wconf 81' lang='lat' dir='ltr'><strong>ex</strong></span> <span class='ocrx_word' id='word_1_372' title='bbox 1449 2754 1595 2796; x_wconf 84' lang='lat' dir='ltr'><strong>diver-</strong></span> 
     </span>
     <span class='ocr_line' id='line_1_46' title="bbox 116 2803 1594 2863; baseline 0.004 -16"><span class='ocrx_word' id='word_1_373' title='bbox 116 2807 179 2848; x_wconf 81' lang='lat' dir='ltr'><strong>sis</strong></span> <span class='ocrx_word' id='word_1_374' title='bbox 195 2805 443 2848; x_wconf 81' lang='lat' dir='ltr'><strong>nationibus</strong></span> <span class='ocrx_word' id='word_1_375' title='bbox 461 2805 743 2846; x_wconf 79' lang='lat' dir='ltr'><strong>collectorum</strong></span> <span class='ocrx_word' id='word_1_376' title='bbox 764 2803 991 2847; x_wconf 84' lang='lat' dir='ltr'><strong>concordia</strong></span> <span class='ocrx_word' id='word_1_377' title='bbox 1007 2814 1307 2863; x_wconf 75' lang='lat' dir='ltr'><strong>conservetur,</strong></span> <span class='ocrx_word' id='word_1_378' title='bbox 1337 2809 1594 2853; x_wconf 88' lang='lat' dir='ltr'><strong>modestiam</strong></span> 
     </span>
     <span class='ocr_line' id='line_1_47' title="bbox 114 2861 1597 2923; baseline 0.004 -17"><span class='ocrx_word' id='word_1_379' title='bbox 114 2862 404 2907; x_wconf 85' lang='lat' dir='ltr'><strong>commendat.</strong></span> <span class='ocrx_word' id='word_1_380' title='bbox 472 2862 601 2905; x_wconf 85' lang='lat' dir='ltr'><strong>Duae</strong></span> <span class='ocrx_word' id='word_1_381' title='bbox 634 2870 775 2905; x_wconf 83' lang='lat' dir='ltr'><strong>autem</strong></span> <span class='ocrx_word' id='word_1_382' title='bbox 807 2876 879 2905; x_wconf 87' lang='lat' dir='ltr'><strong>res</strong></span> <span class='ocrx_word' id='word_1_383' title='bbox 899 2861 1102 2920; x_wconf 86' lang='lat' dir='ltr'><strong>judaicae</strong></span> <span class='ocrx_word' id='word_1_384' title='bbox 1131 2864 1286 2923; x_wconf 87' lang='lat' dir='ltr'><strong>stirpis</strong></span> <span class='ocrx_word' id='word_1_385' title='bbox 1318 2866 1597 2912; x_wconf 80' lang='lat' dir='ltr'><strong>Christianos</strong></span> 
     </span>
    </p>
   </div>
  </div>
 </body>
</html>
