1715 3115
500 187 589 232 CA
608 186 657 231 P.
691 186 784 232 lx.
846 187 937 232 Vs.
973 191 1012 234 1.
1043 197 1095 234 et
1125 192 1185 238 2..
1504 196 1590 241 2⁴1

97 295 186 341 Sed
205 309 254 337 ex
284 308 360 347 eo,
400 293 514 351 quod
536 293 595 339 N.
618 293 678 338 T.
700 295 941 352 scriptores
961 295 1192 341 Hebraeos
1226 299 1388 343 imitati
1419 298 1586 353 ὀμόσαι

97 351 153 397 ἔν
181 368 267 395 ’τινι
289 357 582 409 usurparunt,
615 366 698 393 non
720 353 922 408 sequitur
958 352 1015 395 iis
1035 354 1080 396 ἔν
1099 371 1186 398 τινι
1200 354 1398 413 jurantis
1418 359 1583 401 formu-

96 411 183 452 lam
214 410 374 451 fuisse:
411 423 492 463 per
526 409 724 466 aliquem.
795 409 1017 451 Dixerunt
1055 412 1216 456 Graeci
1249 409 1409 465 ὀμόσαι
1446 412 1583 457 κατά

94 481 213 516 τινος
234 471 294 520 (v.
318 466 448 506 etiam
469 464 621 508 Lxx,
640 463 735 508 Jes.
758 466 830 517 62,
843 467 886 510 8.
909 468 1014 509 Am.
1030 467 1073 519 8,
1091 470 1207 524 14.):
1239 477 1278 511 et
1305 476 1446 513 tamen
1469 471 1581 514 κατὰ

95 521 210 572 Διός
229 537 307 579 ριό
330 520 575 577 πρόςΔιύς
597 536 677 562 usu
701 535 785 562 non
808 531 1030 580 receptum
1053 532 1137 568 est.
1198 528 1311 569 Mire
1333 528 1446 569 onim
1474 544 1581 571 usus

95 579 363 623 dominatur.
419 576 600 620 Nullam
631 578 768 632 igitur
799 579 883 620 vim
916 580 1046 623 habet
1072 582 1239 625 Reichn·
1259 584 1312 625 ad
1333 585 1580 639 analogiam

95 640 345 680 structurae
366 632 531 685 ὀμόσαι
551 633 596 677 ἔν
616 650 701 676 τινι
722 638 989 692 provocatio.
1039 639 1243 693 Accedit,
1274 641 1390 697 quod
1404 648 1580 685 nostros

95 693 337 750 scriptores
384 688 430 733 ἔν
467 707 555 733 τινι
595 706 674 747 pro
703 689 817 747 πρός
855 708 974 742 τινος
1000 693 1100 749 (per
1127 697 1342 755 aliquem)
1376 700 1579 756 posuisse

94 748 266 792 ostendi
288 749 454 804 nequit.
498 747 594 789 Hoc
615 763 705 790 rem
720 749 907 800 coniicit,
941 756 986 793 ut
1006 761 1264 805 argumento
1283 769 1388 797 sane
1410 756 1578 799 lubrico

94 804 388 865 supersedere
426 805 674 862 possimus,
718 819 803 847 non
849 807 962 848 alias
1001 807 1188 852 Paulum
1235 825 1314 868 per
1352 811 1578 856 Christum

90 864 285 923 jurasse.
351 860 466 904 Nam
506 862 655 903 eodem
691 861 817 918 jure,
868 877 953 919 quo
998 878 1077 922 per
1125 866 1294 910 Christi
1346 871 1577 912 veritatem

93 919 263 976 aliquid
283 919 554 961 asseveravit
574 919 602 960 2
623 918 727 963 Cor.
749 921 816 972 11,
832 921 900 965 10.
919 925 963 962 et
983 936 1062 978 per
1083 922 1309 967 Christum
1331 933 1375 968 et
1394 928 1578 982 angelos

91 978 277 1019 amicum
308 976 559 1017 obtestatus
586 981 654 1017 est
686 977 707 1017 l
734 975 854 1020 Tim.
874 977 1025 1031 5‚21.,
1065 994 1146 1036 per
1168 979 1393 1026 Christum
1427 982 1575 1039 jurare

92 1034 252 1091 potuit.
322 1032 453 1089 Quod
485 1047 563 1089 per
591 1033 928 1075 affirmationem
960 1036 1106 1078 verbis
1140 1033 1361 1094 ἀλήθειαν
1392 1039 1503 1095 λέγω
1532 1040 1578 1084 ἐν

91 1091 280 1145 Χριστῷ
303 1088 355 1135 P.
375 1089 641 1142 enuntiavit,
677 1088 785 1130 idem
809 1091 1004 1142 graviter
1025 1107 1114 1134 rem
1138 1096 1476 1138 confirmaturus
1500 1112 1579 1155 per

93 1148 372 1198 negationem
403 1146 607 1202 exprimit
639 1145 862 1189 vocabulis
896 1146 948 1189 οὐ
968 1147 1198 1203 ψεύδομαι
1219 1179 1272 1184 —
1294 1151 1338 1195 ἐν
1358 1154 1579 1205 πνεύματι

92 1199 220 1259 ἁγίῳ.
261 1204 328 1247 Cf.
354 1205 377 1245 l
398 1203 519 1248 Tim.
539 1204 580 1256 2,
595 1204 640 1245 7.
667 1200 888 1258 ἀλήθειαν
907 1203 1045 1258 λέγω,
1079 1205 1130 1249 οὗ
1152 1206 1394 1261 ψεύδομαι.
1423 1215 1468 1252 et
1486 1210 1578 1266 Ly-

92 1261 186 1302 sias
218 1261 322 1314 περὶ
349 1256 600 1313 τραύματος
632 1258 679 1300 ἐκ
699 1258 915 1313 προνοίας
937 1263 1038 1308 101.
1057 1266 1123 1320 (ρ.
1146 1265 1244 1308 17⁴.
1267 1266 1436 1319 Remu)
1461 1265 1577 1309 ἄλλο)

93 1316 309 1372 ψεύδεται
342 1319 415 1359 καὶ
435 1315 513 1357 οὔκ
533 1314 683 1372 ἀληθῆ
706 1315 836 1369 λέγει.
897 1317 1047 1361 Verba
1077 1320 1476 1379 σιψμαρτυρούσης
1496 1340 1578 1378 μοι

90 1375 168 1429 τῆς
187 1369 479 1428 συνειδήσεώς
499 1388 586 1423 μου
615 1373 852 1425 causalem,
882 1375 965 1430 qus:
989 1372 1040 1417 οὗ
1064 1376 1293 1432 ψεύδομαι
1317 1381 1576 1423 corrobore-

91 1436 188 1483 tur,
230 1444 314 1472 non
346 1430 690 1496 parentheticam
719 1433 779 1484 (v.
799 1444 840 1474 v.
859 1445 897 1473 c.
920 1432 1089 1478 Griesb.
1109 1439 1153 1475 et
1177 1435 1378 1490 Knapp.)
1396 1444 1573 1480 senten-

88 1488 195 1529 tiam
239 1492 480 1531 continent.
549 1485 663 1528 Nam
703 1501 786 1528 non
822 1487 930 1531 dicti
967 1489 1180 1532 mendacii
1211 1506 1296 1533 non
1331 1493 1452 1536 aliud
1489 1494 1576 1540 nisi

89 1545 385 1586 conscientiae
407 1549 583 1586 nostrae
604 1543 904 1585 testimonium
926 1547 1125 1602 proferre
1146 1562 1404 1605 possumus,
1437 1566 1575 1607 quan-

91 1601 324 1657 doquidem
354 1601 526 1643 mentiri
547 1605 614 1643 est
633 1599 777 1642 dicere
799 1607 948 1643 contra
974 1617 1105 1659 quam
1135 1607 1349 1650 senseris.
1414 1608 1575 1654 Verte:

89 1673 176 1700 non
208 1658 418 1710 mentior,
458 1672 588 1713 qutun
621 1671 782 1699 mecum
815 1663 997 1701 testetur
1028 1675 1120 1701 mea
1160 1664 1425 1707 couscientia
1459 1666 1503 1711 h.
1531 1664 1571 1712 e.

92 1728 224 1771 quum
257 1715 373 1771 quod
405 1714 605 1756 dicturus
634 1729 730 1755 sum
758 1715 1024 1757 conscientia
1054 1732 1146 1759 mea
1180 1721 1431 1764 testimonio
1456 1737 1573 1766 com-

90 1771 274 1828 probet,
303 1786 435 1827 quum
460 1770 515 1812 ad
536 1770 667 1813 verba
692 1785 783 1812 mea
803 1777 1012 1828 tanquam
1033 1775 1171 1817 altera
1200 1777 1331 1819 testis
1349 1781 1572 1823 conscien-

91 1829 151 1870 tia
186 1842 278 1868 mea
306 1828 500 1872 accedat.
558 1827 708 1883 Quare
741 1841 793 1869 ne
814 1828 887 1869 hic
915 1829 1089 1885 quidem
1112 1839 1434 1889 συμμαρτυρεῖν
1456 1836 1570 1879 idem

91 1884 230 1941 pollet
267 1883 383 1940 quod
419 1883 595 1925 verbum
627 1884 812 1940 simplex
855 1885 1023 1937 (Grot.,
1063 1888 1234 1943 Kopp„
1274 1891 1445 1934 Koelln.
1473 1894 1570 1948 aL).

90 1941 163 1986 Cf.
191 1947 281 1984 not.
312 1939 367 1982 ad
393 1940 435 1991 2,
457 1940 526 1984 15.
553 1945 598 1982 et
626 1941 669 1992 8,
688 1943 774 1985 16..
834 1940 951 1983 Male
974 1944 1121 1996 Grot„
1153 1946 1378 1999 Ammon„
1418 1948 1567 1994 Varer.

90 1999 151 2041 al.
181 2011 223 2042 v.
242 1996 288 2039 ἐν
314 1994 533 2049 πνεύματι
563 1992 672 2052 ἁγίῳ
705 1996 954 2039 arctissime
983 2012 1078 2041 cum
1112 2015 1226 2044 vocc.
1254 2002 1334 2058 τῆς
1362 2004 1570 2063 συνειδή-

89 2052 204 2103 σεώς
231 2068 319 2106 μου
339 2054 623 2110 copularunt:
660 2053 924 2094 conscientia
954 2069 1073 2107 mea,
1114 2071 1223 2112 quae
1251 2060 1381 2101 estin
1404 2062 1568 2118 spiritu

89 2125 129 2155 s.
152 2110 183 2152 i.
203 2125 242 2153 e.
264 2124 344 2167 per
366 2111 572 2167 spiritum
593 2123 630 2153 s.
662 2111 758 2165 (qui
778 2111 1085 2153 conscientiam
1109 2113 1344 2168 illuminat,
1372 2116 1571 2176 Benyel.)
1623 2123 1626 2126 ’

88 2167 277 2222 regitur.
336 2166 410 2208 Sic
431 2166 544 2208 enim
567 2171 643 2207 aut
663 2190 718 2196 ——-
737 2167 814 2221 τῆς
833 2165 878 2208 ἕν
898 2164 1121 2218 stat-stiuam
1143 2165 1253 2227 ἁγίῳ
1274 2173 1568 2230 συνειδήσεώς

86 2238 175 2276 μου
210 2229 287 2266 aut
328 2222 407 2278 τῆς
444 2219 736 2277 συνειδήσεώς
771 2239 857 2274 μου
890 2224 968 2279 τῆς
997 2223 1041 2265 ἐν
1072 2240 1142 2267 nv.
1176 2224 1286 2282 ἁγίῳ
1318 2231 1565 2284 ponendum

88 2280 249 2322 fuerat.
312 2279 441 2321 Adde
463 2278 578 2349 quod
599 2294 722 2321 nemo
746 2279 803 2320 ita
826 2280 1035 2336 loquutus
1058 2288 1140 2333 est,
1173 2291 1218 2325 ut
1240 2285 1405 2327 (liceret
1421 2282 1444 2343 ἢ
1465 2303 1564 2331 συν-

87 2334 259 2391 είδησίς
285 2352 371 2389 μου
401 2333 424 2391 ἡ
462 2353 506 2378 εν
532 2336 592 2391 τῷ
612 2351 684 2378 πν.
718 2330 827 2391 ἁγίῳ
859 2350 976 2389 mea,
1019 2352 1144 2394 (piam
1168 2339 1253 2384 div.
1278 2343 1464 2399 spiritns
1482 2362 1563 2400 gu-

86 2392 267 2444 bernat,
316 2393 601 2436 conscientia.
676 2392 878 2448 Denique
908 2394 1012 2436 haec
1042 2400 1269 2439 vorborum
1311 2399 1562 2456 conjunctio

85 2449 422 2491 concinnitatem
446 2447 716 2505 perturbata
734 2447 782 2492 P.
797 2449 909 2490 haud
928 2451 1057 2493 dubie
1079 2454 1337 2507 quaesitam.
1378 2458 1562 2503 Rectius

69 2505 171 2546 *alii
203 2505 383 2559 (Syrus,
436 2506 583 2556 Beza,
632 2505 829 2557 Rodum,
872 2507 1051 2560 Rueck,
1090 2507 1295 2562 Meyerns
1326 2514 1408 2568 al.)
1445 2529 1484 2560 v.
1514 2515 1559 2559 ἐν

85 2558 308 2614 πνεύματι
338 2559 448 2618 ἁγίῳ
482 2578 506 2604 a
553 2560 792 2618 Participio
830 2563 1226 2622 orgaegtaozi‘poziotyg
1261 2571 1560 2627 suspendunt:

85 2632 217 2673 quum
250 2620 516 2660 conscientia
548 2633 639 2659 mea
670 2632 830 2659 mecum
859 2623 1134 2674 testem-per
1159 2624 1362 2679 spiritum
1388 2643 1426 2672 s.
1448 2628 1492 2676 h.
1514 2644 1556 2674 e.

84 2673 245 2728 spiritu
277 2690 312 2717 s,
347 2676 622 2730 impellente,
667 2674 828 2730 spiritu
866 2690 903 2716 s.
933 2675 1038 2717 «luce
1076 2684 1119 2718 et
1150 2679 1437 2728 moderatore.
1487 2685 1555 2730 Cf.

85 2728 245 2772 matth.
272 2732 342 2783 22,
363 2732 436 2775 43.
471 2735 574 2774 Luc.
595 2734 637 2783 2,
653 2732 724 2774 27.
758 2732 841 2773 Mr.
868 2733 1024 2784 12,3o.
1056 2735 1079 2774 1
1103 2733 1205 2783 Cor.
1228 2737 1295 2791 12,
1315 2739 1376 2785 3,,
1444 2741 1554 2784 Sen-

83 2788 222 2828 tentia
256 2787 362 2830 hene
389 2793 638 2846 comparata
669 2792 760 2830 est:
803 2788 918 2843 quod
945 2788 1143 2833 dicturus
1171 2807 1267 2836 sum
1287 2799 1556 2842 conscientia

83 2855 177 2885 mea
199 2842 286 2887 div.
311 2845 495 2901 spiritus
515 2845 705 2901 impulsu
725 2846 977 2900 confirmat,
1014 2852 1063 2889 ut
1084 2856 1274 2894 nontam
1294 2867 1383 2907 me,
1423 2869 1552 2912 quam

131 2909 319 2946 Frilzsche
337 2912 404 2958 Ep.
427 2913 469 2947 ad
487 2912 594 2946 Rom.
620 2911 661 2950 Ρ.
682 2912 726 2947 ll.
1074 2902 1115 2959 Q
