1715 3115
470 145 631 192 CAP.
664 144 761 190 Xl.
792 143 884 190 Vs.
917 143 994 191 13.
1024 149 1081 189 et
1111 144 1208 191 14..
1490 146 1579 192 479

104 255 172 299 cia
194 254 433 306 contineri,
461 253 595 295 donec
623 250 674 295 τὸ
703 248 927 307 πλήρωμα
950 249 1038 293 τῶν
1064 246 1209 294 &avar
1233 249 1288 293 ad
1309 249 1479 296 Christi
1507 268 1578 295 sa-

105 327 178 354 cra
201 312 477 362 accessisset,
514 309 563 354 Ρ.
583 324 621 353 v,
642 309 712 352 25.
734 309 929 365 scripsit.
977 307 1130 363 Quare
1155 323 1202 350 se
1220 307 1416 352 Judaeos
1434 323 1457 350 a
1480 309 1578 352 Deo

105 369 336 412 induratos
358 375 572 409 moturum
593 380 690 408 esse
713 380 795 406 non
817 365 941 421 prius
962 379 1141 422 sperare
1166 366 1332 422 potuit,
1373 380 1502 423 quam
1533 368 1577 409 bi

102 426 326 484 yeutilium
351 425 621 466 multitudine
641 423 697 463 mi
718 422 928 464 Chr-inrum
948 425 1147 463 conversa
1174 423 1422 464 libertatem
1453 438 1576 465 recu-

104 489 339 541 perassent
366 488 409 522 et
437 481 616 524 Christo
645 477 771 519 iidem
801 476 991 534 adjicere
1016 483 1202 531 possent.
1271 478 1390 521 Male
1418 480 1579 521 Luthe-

105 554 204 591 rus,
247 538 424 590 Morus,
465 535 662 587 Κυρήνη,
701 533 844 576 Reich.
867 535 925 577 al.
946 533 1025 589 τὴν
1046 532 1272 576 διακονίαν
1293 550 1381 588 μου
1406 535 1578 589 δοξάζω

105 601 351 653 exponunt:
391 608 543 636 munus
574 605 711 633 meum
741 592 891 643 lanuto,
938 591 1122 643 celebro,
1164 605 1244 632 non
1270 606 1453 645 parvum
1477 607 1578 648 pre-

106 655 215 696 tium
243 653 282 694 ei
308 656 463 693 statuo.
536 648 694 705 Neque
726 647 944 689 laudando
975 662 1117 704 neque
1144 648 1419 690 aestimando
1450 653 1577 707 Apo-

105 710 237 762 stoli,
267 709 335 750 cui
356 706 595 760 gentilibus
615 705 926 747 consulendum
948 710 1066 757 erat,
1106 718 1283 747 munere
1311 720 1359 748 se
1389 705 1433 747 id
1459 707 1576 764 apud

105 765 300 810 Judaeos
330 764 583 806 effecturum
615 776 739 813 esse,
779 761 894 817 quod
920 777 957 805 v,
982 761 1050 804 14.
1071 760 1206 814 dixit,
1245 760 1298 806 P.
1319 769 1474 819 putare
1500 779 1577 821 po-

105 823 209 866 tuit.
268 822 475 864 Licenter
493 821 666 863 Grotius
688 821 844 861 vertit:
875 833 995 860 meae
1014 823 1116 861 tunc
1133 832 1288 873 operae
1316 819 1576 875 felicita-

106 885 212 923 tem
239 878 462 934 praedico,
502 891 595 919 cum
626 876 717 918 de'co
744 876 898 917 multos
924 890 1014 917 esse
1042 888 1101 916 ex
1123 877 1321 930 yentibus
1339 891 1573 922 conversos.

106 934 301 990 δοξάζω]
334 930 508 985 δοξάσω
528 932 584 977 G.
601 932 674 976 46.
715 930 774 975 lt.
798 931 933 985 Vulg.
966 937 1010 972 et
1040 932 1212 987 aliquot
1238 931 1328 976 PP.
1354 934 1433 978 lat.
1459 937 1574 991 apud

105 992 416 1036 Sabatierium.
485 990 612 1032 Hanc
640 990 871 1031 lectionem
896 987 1068 1030 Minius
1089 987 1212 1034 Prol.
1241 991 1284 1044 ᾧ.
1303 991 1408 1035 449.
1437 991 1506 1033 his
1535 1007 1575 1037 v.

105 1049 325 1092 defendit:
363 1080 391 1100 „
405 1046 613 1089 Futurum
643 1047 808 1088 rectius
836 1051 905 1088 est
928 1051 972 1087 et
994 1045 1048 1086 ad
1070 1059 1247 1102 scopum
1270 1049 1483 1105 Apostoli
1505 1063 1576 1090 ac-

105 1105 449 1156 commodatius;
489 1118 574 1160 quo
605 1118 758 1161 nempe
789 1102 1012 1157 significat
1040 1117 1086 1144 se
1117 1103 1159 1144 in
1191 1111 1415 1160 posterum
1443 1106 1575 1148 etiam

105 1165 244 1219 mayis
271 1162 412 1204 adhuc
445 1175 599 1202 munus
629 1161 706 1203 boc
735 1175 861 1202 suum
892 1160 1069 1201 illustre
1098 1174 1148 1200 ac
1173 1161 1346 1204 celebre
1376 1162 1575 1205 redditu-

107 1235 228 1272 rum,
258 1234 340 1262 non
359 1219 493 1262 solum
505 1217 607 1273 jam
626 1222 800 1272 propter
819 1217 1000 1259 salutem
1019 1218 1234 1272 yeni'e’um,
1272 1233 1418 1261 verum
1441 1221 1573 1262 etiam

107 1277 394 1328 Judaeorum,
440 1282 488 1316 ut
525 1275 746 1331 zelotypia
785 1273 970 1330 quadam
1010 1274 1205 1327 incitati,
1257 1290 1388 1332 quum
1427 1277 1576 1319 vident

106 1342 261 1387 gentes
291 1333 394 1374 fidei
428 1356 476 1363 -
515 1332 755 1388 participes
783 1332 946 1382 lactas,
992 1330 1201 1373 accedant
1236 1334 1366 1374 etiam
1400 1333 1487 1391 ipsi
1519 1336 1575 1376 ad

106 1390 235 1433 fidem
267 1404 440 1446 unaque
468 1403 563 1430 cum
595 1388 799 1442 gentibus
828 1389 1015 1429 salutem
1045 1390 1421 1445 consequantur.”
1481 1390 1574 1433 To-

106 1455 198 1491 tum
219 1449 251 1491 Ι.
272 1447 443 1490 Minius
464 1460 546 1487 non
570 1445 816 1496 intellexit,
847 1459 978 1501 quum
998 1442 1077 1499 τὴν
1095 1443 1322 1487 διακονίαν
1340 1461 1571 1506 perperam

105 1506 160 1547 de
200 1519 378 1546 munere
417 1503 646 1557 apostolico
681 1503 964 1559 exposuisset
1001 1501 1234 1557 (contende
1264 1505 1395 1546 etium
1422 1507 1575 1560 mayis,

106 1575 219 1620 quae
250 1575 290 1603 v.
319 1560 568 1602 liberaliter
597 1559 692 1616 ipse
719 1558 880 1617 adjecit
909 1565 953 1600 et
979 1558 1084 1600 haec
1104 1559 1201 1616 ejus
1222 1561 1455 1605 vocabula:
1492 1578 1575 1604 mm

105 1620 242 1662 solum
264 1615 367 1674 jam
392 1621 570 1672 propter
596 1617 777 1658 salutem
803 1616 1016 1671 yentium,
1063 1630 1208 1658 verum
1236 1619 1368 1660 etium
1394 1620 1574 1661 Judaeu-

105 1679 237 1731 rum).
316 1673 548 1716 Praeterea
583 1675 899 1715 sententiarum
936 1672 1132 1714 ordinem
1162 1688 1372 1730 praesens
1401 1682 1575 1733 tempus

105 1745 288 1789 poscere
309 1746 392 1772 non
415 1729 742 1774 animadvertit.
800 1729 1019 1772 Nimirum
1041 1744 1152 1786 quae
1171 1745 1210 1774 v,
1232 1731 1300 1776 13.
1319 1738 1363 1774 et
1386 1734 1455 1777 14.
1474 1748 1574 1790 per-

105 1789 272 1845 scripta
304 1792 429 1837 sunt,
469 1787 631 1828 idcirco
665 1785 714 1830 P.
747 1787 787 1827 in
821 1787 1070 1827 universum
1099 1788 1287 1841 monuit,
1325 1795 1373 1830 ut
1399 1798 1574 1831 senten-

104 1845 211 1886 tiam
233 1859 272 1886 ν.
298 1844 365 1887 12.
386 1843 545 1884 dictam
567 1857 615 1883 se
632 1844 856 1897 yentilium
880 1844 1128 1899 apostolum
1160 1844 1337 1886 minime
1364 1845 1575 1888 dedecere

105 1900 381 1951 ostenderet,
422 1914 552 1956 quum
581 1913 673 1940 eam
705 1899 764 1940 ita
796 1907 1089 1956 comparatam
1118 1914 1217 1942 esse
1239 1902 1428 1955 diceret,
1466 1911 1513 1945 ut
1535 1905 1574 1946 si

104 1958 346 2000 incredulis
378 1954 562 2000 Judaeis
591 1956 856 1997 innotuisset
887 1970 1033 1997 curam
1062 1957 1120 1998 iis
1151 1958 1574 2017 aemulationemqu‘e

105 2016 289 2073 injicere
313 2028 443 2071 posse
465 2013 702 2065 videretur,
722 2014 805 2068 quai
830 2013 869 2053 in
885 2012 1305 2057 Iudaeisexcitandii
1318 2031 1442 2058 suum
1457 2019 1574 2074 quod

108 2072 298 2126 gentiles
325 2071 693 2128 complecteretur
723 2084 878 2110 munus
906 2071 1006 2112 dum
1031 2084 1077 2112 eo
1102 2070 1573 2127 fimyereturnobilita-

105 2135 197 2181 ret,
240 2143 320 2169 non
354 2130 397 2169 in
423 2132 640 2182 posterum
662 2126 887 2169 nobilitare
908 2141 1049 2169 secum
1072 2130 1373 2173 constituisset.
1433 2131 1574 2173 Deni-

106 2199 191 2242 que
223 2182 397 2232 dag—’ciam
427 2190 501 2224 ant
531 2184 747 2225 correctio
776 2190 846 2224 est
875 2197 1050 2235 eorum,
1088 2185 1164 2241 qui
1194 2184 1264 2240 ἐφ’
1287 2184 1392 2228 ὅσον
1417 2202 1574 2245 perpe-

105 2256 199 2284 ram
230 2241 431 2297 quamdiu
459 2241 719 2293 vertissent,
756 2248 830 2281 aut
852 2240 890 2282 si
913 2255 935 2282 e
958 2242 1114 2282 calami
1136 2256 1287 2283 errore
1310 2249 1456 2286 natum
1478 2247 1572 2287 fue-

105 2300 166 2342 rit
185 2307 302 2341 certe
323 2299 377 2338 ab
403 2298 458 2338 iis
479 2298 634 2354 cupide
654 2303 940 2354 propagatum
966 2304 1058 2349 est,
1101 2299 1176 2353 qui
1205 2297 1273 2355 ἐφ’
1295 2297 1399 2342 ὅσον
1424 2317 1573 2358 ‹lucem-

103 2357 178 2398 diu
203 2355 538 2413 explicuissent.
610 2352 946 2410 παραζηλώσω]
987 2356 1227 2397 Alluditur
1263 2357 1318 2397 ad
1353 2371 1392 2401 v.
1426 2361 1493 2402 11.
1529 2367 1573 2403 et

83 2414 176 2464 .l⁰‚
200 2415 285 2457 19..
345 2412 540 2454 conatur
570 2409 621 2454 P.
652 2425 806 2452 munus
837 2412 879 2452 in
911 2412 1101 2465 gentiles
1130 2412 1216 2453 sibi
1242 2413 1389 2455 datum
1414 2415 1573 2457 nobili-

104 2475 281 2511 taturus
301 2469 404 2511 cura
430 2467 678 2509 incredulos
699 2467 890 2511 Iudaeos
913 2469 1110 2518 allicere,
1149 2483 1259 2524 quae
1289 2484 1364 2512 eos
1392 2472 1446 2512 ad
1477 2474 1573 2514 imi-

104 2528 280 2568 tandam
313 2538 580 2583 paganorum
612 2526 740 2566 iidem
771 2526 1021 2581 compellat.
1090 2524 1215 2567 Hanc
1236 2528 1374 2583 ipsam
1398 2530 1484 2570 vim
1506 2530 1573 2571 di-

106 2585 250 2637 gnitas
279 2585 440 2640 populo
466 2580 566 2638 jud.
596 2596 634 2625 v,
659 2583 725 2624 12.
747 2583 913 2623 tributa
939 2583 981 2622 in
1004 2581 1197 2626 Iudaeos
1217 2596 1420 2626 exercere
1443 2601 1573 2643 posse

106 2641 307 2697 apostolo
329 2640 581 2689 videbatur,
622 2653 731 2694 quos
759 2639 797 2680 si
828 2645 995 2679 tantum
1026 2639 1112 2680 sibi
1135 2653 1157 2679 a
1186 2639 1234 2682 P.
1255 2641 1433 2683 concedi
1455 2658 1570 2685 com-

106 2698 328 2754 perissent
357 2697 397 2737 in
430 2710 575 2736 curam
604 2695 850 2753 conjectos,
889 2709 940 2736 ne
969 2695 1052 2736 lide
1079 2695 1247 2738 diutius
1271 2697 1409 2740 dilata
1432 2700 1571 2758 major

105 2754 336 2808 gentilium
371 2767 473 2810 pars
510 2752 592 2793 Dei
624 2753 812 2793 savorem
845 2760 1182 2809 praeoccuparet
1214 2760 1257 2796 et
1286 2756 1410 2810 prius
1441 2771 1569 2813 quam

105 2824 317 2866 generosa
341 2810 584 2852 Abrahami
607 2809 871 2866 posteritas,
902 2823 1028 2865 quam
1051 2811 1234 2868 paganis
1251 2813 1452 2870 exemplo
1473 2829 1572 2857 esse
