1715 3115
538 202 575 248 C
596 200 700 249 ΑΡ.
732 201 864 249 V11.
914 203 1007 250 Vs.
1037 204 1136 251 15..
1521 213 1581 256 49

208 309 270 356 V.
291 308 361 352 15.
417 307 584 353 Primis
605 308 738 368 hujus
762 324 828 355 vs,
852 311 999 354 verbis
1020 308 1044 354 ὃ
1066 309 1149 367 γὰρ
1169 310 1493 369 κατεργάζομαι
1513 318 1568 361 οὐ

97 365 295 424 γινώσκω
322 366 476 408 ultima
506 367 811 425 praecedentis
832 382 896 412 vs,
925 382 1041 412 voce.
1070 369 1355 424 πεπραμένος
1379 369 1465 413 ὑπὸ
1485 370 1564 429 τήν

80 418 327 479 Ἀλιαρτίαν
337 425 687 466 communiuntur
697 439 708 468 τ
719 449 774 455 —
787 425 992 467 Pace-atus
1002 439 1094 466 sum
1105 427 1362 479 mancipium
1376 431 1436 483 (ι’.
1453 431 1519 471 14.
1529 434 1561 482 ).

89 480 208 523 Num
227 481 336 536 quod
362 486 564 535 perpetro
582 482 721 523 nescio
744 481 785 524 b.
804 495 842 524 e.
865 487 1027 523 temere
1048 486 1091 523 et
1111 496 1237 524 caeco
1258 484 1406 539 potins
1428 487 1564 530 animi

88 537 195 579 hero
217 537 393 579 obnoxii
413 538 576 594 impetu
598 552 724 593 quam
742 537 983 580 deliberati}
1006 539 1177 580 ratione
1198 539 1309 581 facio
1327 555 1437 596 quae
1460 558 1561 600 per-

85 598 232 650 petro.
300 593 535 636 Servorum
576 600 646 636 est
682 595 796 636 enim
835 595 1108 637 dominorum
1148 595 1345 638 mandata
1375 602 1562 656 exsequi

85 650 410 707 qualiacunque
434 652 546 703 sint,
583 665 669 693 non
697 665 746 693 ea
768 652 1041 704 examinare,
1081 657 1127 694 ut
1149 653 1408 709 obsequium
1430 671 1560 713 prae·-

85 712 206 749 stent
232 707 272 749 si
300 709 484 750 honesta
514 708 727 766 imperata
756 708 944 760 fuerint,
989 709 1058 751 sin
1091 709 1234 750 minus
1262 710 1557 757 obedientiam

85 763 277 806 dominis
309 764 541 819 denegent.
615 765 820 807 Dicimus
851 771 993 807 autem
1027 766 1071 806 in
1111 767 1315 822 populari
1355 783 1555 814 sermone

82 835 194 878 quiae
211 821 382 877 facicm!
401 823 563 865 nescire
581 836 682 874 eos,
724 822 800 878 qni
820 822 880 864 ita
905 822 1073 879 aliquid
1093 823 1280 872 faciunt,
1319 830 1367 865 ut·
1389 830 1555 872 temere

83 878 233 934 potius
252 884 296 920 et
317 878 502 934 quadam
526 879 660 920 animi
681 879 1030 936 perturbatione,
1062 893 1189 935 quam
1213 881 1397 923 consilio
1418 890 1462 925 et
1480 899 1555 927 co-

83 934 297 988 gitatione
319 935 361 976 id
382 950 590 991 peragere
611 935 844 978 videantur
863 939 924 991 (v.
952 935 1060 979 Luc.
1077 937 1148 989 23,
1166 937 1277 992 34.).
1336 937 1411 980 Sic
1431 947 1553 984 recte

81 992 197 1033 hune
220 991 253 1034 l.
272 992 398 1048 multi
418 996 626 1061 ceperunt
654 999 890 1050 praeeunte
911 992 1093 1048 Chrys.:
1124 994 1389 1046 σκοτοῦμαι,
1421 997 1551 1053 φησί,

80 1047 443 1103 συναρπάζομαι,
475 1048 691 1105 εῖτήρειαν
707 1045 915 1101 ὑπο,ιιένω
929 1082 940 1101 ,
977 1048 1056 1090 οὐκ
1076 1043 1176 1091 οἶδα
1194 1050 1291 1099 πῶς
1309 1045 1553 1097 ὑποσκελί-

82 1101 232 1156 ζομαι.
291 1107 356 1146 At
387 1106 536 1148 nullus
566 1105 746 1148 affectus
778 1107 874 1147 sine
897 1120 1081 1147 assensu
1111 1106 1269 1147 mentis
1294 1121 1433 1164 neque
1457 1112 1553 1155 ulla

79 1160 196 1203 actio
215 1160 355 1202 libera
378 1161 472 1203 sine
497 1162 742 1216 cognitione
769 1170 813 1204 et
831 1162 1094 1207 conscientia
1117 1163 1288 1216 agentis
1308 1165 1449 1207 locum
1471 1168 1549 1210 ha-

79 1216 169 1262 bet.
229 1216 329 1260 Non
351 1219 527 1273 negauit
546 1221 625 1261 hoc
646 1221 739 1276 Ap.
767 1225 827 1272 (ν.
850 1220 1009 1275 Chrys.
1030 1225 1074 1260 et
1095 1219 1391 1276 Theophyl.);
1430 1223 1547 1268 illud

77 1287 163 1317 non
190 1275 553 1334 philosophorum
575 1276 866 1319 subtilitatem
891 1277 1159 1330 aemulatus,
1197 1276 1274 1318 sed
1297 1291 1393 1320 cum
1413 1281 1547 1337 vulgo

168 1439 326 1482 ἔλαβε,
360 1442 529 1485 κρατεῖ
550 1454 570 1482 η
596 1439 618 1474 ἀ
634 1444 718 1486 γαί)
737 1440 755 1485 ἠ
781 1443 855 1476 καὶ
881 1439 1005 1475 πάνυ
1030 1454 1055 1475 71
1071 1437 1161 1475 ολύ.
1209 1440 1263 1474 Ad
1278 1442 1470 1477 secundam
1485 1443 1544 1479 io-

167 1498 293 1520 corum
315 1485 634 1530 classem‘pertinet
656 1489 784 1522 Arrian
806 1488 920 1533 Epict.
938 1490 971 1532 9,
989 1487 1045 1521 96.
1074 1487 1137 1529 (ef.
1158 1487 1189 1523 1,
1206 1488 1280 1530 98.)
1307 1508 1351 1512 —
1376 1488 1454 1524 ἐπεὶ
1470 1491 1545 1537 γὰρ

165 1530 185 1566 ὁ
206 1529 431 1578 ἁμαρτάνων
448 1532 490 1566 οὗ
512 1534 612 1567 θέλει
627 1531 870 1577 ἁμαρτάνειν,
905 1532 996 1568 &aad
1022 1536 1278 1578 κατορθῶσαι,
1313 1533 1446 1580 δῆλον,
1484 1534 1545 1572 ὅτι

165 1575 186 1613 ὃ
205 1579 275 1623 μὲν
293 1581 388 1612 θέλει
408 1576 453 1613 ου’
471 1582 580 1613 ποιεῖ.
630 1579 756 1625 Τίγὰρ
775 1578 957 1623 ὁκλέπῐης
974 1581 1074 1615 θέλει
1089 1581 1240 1622 πρᾶξαι;
1267 1579 1306 1613 τὸ
1327 1579 1426 1625 αὐτῷ·
1443 1594 1545 1630 συμ-

163 1627 296 1672 φέρον.
345 1624 548 1669 Οὐκοῦν,
581 1627 619 1659 εἰ
643 1624 929 1672 ἀσύμφορον
959 1623 1078 1670 αὐτῷ
1103 1627 1203 1661 ἐστι
1228 1625 1276 1660 τὸ
1309 1629 1543 1664 κλέπτειν

166 1670 188 1706 ὅ
219 1672 306 1717 μὲν
328 1673 459 1706 θέλει
484 1669 536 1706 οὗ
569 1675 713 1707 ποιεῖ.
759 1673 922 1707 Tertium
946 1672 1112 1707 locorum
1139 1684 1251 1716 genus
1280 1685 1318 1707 ea
1341 1673 1364 1706 l.
1387 1672 1542 1719 faciunt,

165 1717 203 1752 in
223 1717 353 1763 quibus
373 1717 534 1751 homines
553 1718 701 1765 perditi,
727 1726 916 1764 postquam
944 1715 1086 1763 ignavizi
1107 1721 1174 1751 sua
1192 1719 1472 1762 commiserunt,
1501 1728 1543 1756 ut

165 1764 258 1798 ratio
276 1764 476 1809 principatu
494 1763 725 1807 dejiceretur,
750 1765 971 1798 dominatum
994 1765 1094 1810 pravi
1114 1763 1285 1808 appetitus
1305 1774 1540 1811 occuparent,

167 1821 274 1854 quam
301 1821 374 1842 non
402 1809 472 1844 sint
491 1817 655 1853 potentes
675 1812 728 1845 sui
756 1809 937 1852 fatentur,
968 1809 1065 1855 quod
1088 1809 1264 1854 hodieque
1290 1811 1406 1844 cosin
1434 1812 1544 1859 scen&

165 1855 282 1888 faeere
307 1855 440 1888 audias.
490 1856 617 1889 Medea
643 1868 698 1900 ap.
727 1856 815 1890 Eur.
842 1856 941 1890 Med.
965 1855 1061 1889 1078.
1097 1856 1157 1889 καὶ
1180 1853 1362 1899 μανθάνω
1383 1857 1455 1902 μὲν
1479 1863 1545 1894 οἱα

168 1900 262 1942 δρᾶν
277 1901 396 1944 μέλλω
413 1898 523 1934 κακά·
547 1902 553 1943 Ι
593 1904 686 1947 θυμ
699 1902 717 1935 ὸ
730 1915 746 1940 ς
770 1900 811 1936 δὲ
827 1906 1005 1947 κρείσσων
1022 1902 1096 1935 τῶν
1112 1902 1214 1946 ἐμῶν
1225 1901 1496 1948 βουλευμάτων,
1515 1906 1523 1952 Ι

168 1942 276 1989 ὅςηερ
291 1949 478 1990 μεγίστων
503 1951 618 1985 αἴτιος
635 1950 759 1982 κακῶν
781 1952 937 1993 βροτοῖς.
986 1948 1148 1982 Phaedra
1167 1947 1204 1980 in
1224 1948 1381 1982 Senecae
1400 1949 1543 1997 Hippo-

165 1990 243 2037 lyto
267 1991 343 2024 177.
394 1992 496 2035 Quae
518 2006 694 2027 memoras
714 1993 788 2027 scio
812 1995 818 2038 Ι
838 2007 916 2028 vera
935 2006 1030 2033 esse,
1054 1992 1193 2026 nutrix:
1226 1994 1286 2027 sed
1306 1993 1422 2036 furor
1443 1997 1543 2044 cogit

166 2038 266 2083 sequi
285 2036 291 2082 l
318 2037 449 2082 pejora.
489 2037 593 2071 Vadit
609 2039 748 2072 animus
767 2038 802 2070 in
822 2051 990 2084 praeceps
1007 2037 1143 2080 sciens,
1164 2041 1171 2077 Ι
1207 2045 1429 2084 remeatque,
1457 2041 1542 2076 sru-

161 2089 233 2117 stra
250 2095 333 2116 sana
354 2083 500 2117 consilia
518 2090 698 2129 appetens.
748 2083 962 2118 Lesbonides
981 2083 1017 2116 in
1035 2083 1149 2117 Plauti
1167 2083 1311 2128 Trin.3,
1321 2086 1353 2131 2,
1367 2086 1422 2121 31.
1459 2087 1544 2122 Sei..

162 2129 245 2163 ham
266 2135 304 2162 ut
324 2141 398 2161 esse
415 2142 470 2162 me
492 2129 653 2171 deceret,
676 2128 793 2163 facere
812 2142 885 2163 non
909 2130 1052 2175 quibam
1073 2129 1191 2164 miser.
1214 2132 1220 2172 Ι
1266 2131 1315 2164 lta
1334 2132 1541 2170 viVeneris

166 2175 299 2216 victus,
326 2176 398 2207 otio
412 2182 534 2220 captus
554 2176 587 2208 in
609 2174 772 2208 fraudem
794 2175 914 2209 incidi.
963 2175 1092 2208 Medea
1112 2189 1167 2220 ap.
1183 2176 1290 2212 Ovid.
1310 2176 1464 2222 Met.17,
1479 2182 1541 2215 17.

163 2221 298 2255 Excute
320 2220 476 2265 virgineo
505 2227 696 2265 conceptas
722 2227 865 2265 pectore
889 2221 1049 2255 flammas
1079 2222 1086 2264 Ι
1113 2223 1140 2255 si
1166 2229 1288 2268 potes,
1318 2222 1452 2259 infelix.
1498 2225 1540 2261 Si

162 2277 307 2313 possem
322 2291 331 2308 ‚
357 2269 485 2299 sanior
503 2278 633 2307 essem,
655 2268 662 2309 Ι
699 2266 764 2300 deo
785 2266 889 2300 trabit
909 2265 1055 2300 invitam
1076 2279 1167 2301 nova
1186 2269 1254 2307 vis·‚
1277 2267 1443 2313 aliudque
1461 2270 1539 2305 Cu·—

159 2315 269 2359 pi'do‚
293 2315 301 2357 1
337 2312 443 2347 Mens
463 2312 556 2346 aliud
582 2313 716 2346 suadet.
770 2311 881 2345 Video
904 2312 1052 2346 meliora
1078 2314 1283 2359 proboque;
1311 2314 1315 2358 Ι
1361 2315 1539 2353 deteriora

163 2371 306 2404 sequor.
355 2359 503 2392 Minime
524 2357 611 2392 hacc
629 2366 732 2404 atque
747 2358 875 2392 similia
894 2358 972 2392 loca
985 2357 1110 2393 natura
1126 2358 1171 2393 ita
1186 2367 1430 2405 comparatum
1450 2374 1539 2408 esse,

163 2412 204 2441 ut
225 2405 335 2440 libido
353 2404 388 2437 in
403 2404 608 2438 hominibus
628 2404 845 2446 dominetur,
873 2405 961 2438 ratio
973 2411 1006 2438 et
1025 2403 1212 2438 consilium
1227 2405 1392 2451 serviant,
1410 2414 1541 2443 testan-

162 2458 220 2486 tur
241 2463 358 2496 neque
377 2451 572 2496 quidquam
596 2450 768 2495 probant,
797 2450 862 2484 nisi
884 2450 979 2494 quod
1001 2448 1200 2495 intelligens
1218 2462 1339 2485 rerum
1359 2453 1539 2489 humana-

162 2510 243 2532 rum
263 2498 475 2531 existimator
486 2495 590 2530 facile
602 2494 830 2535 concesserit,
854 2495 890 2529 in
910 2494 1109 2530 bonisviris
1128 2508 1399 2543 nonnunquam.
1424 2512 1539 2545 quum

162 2543 229 2578 sibi
249 2557 267 2578 a
287 2542 507 2588 voluptatum
529 2542 706 2586 blanditiis
732 2554 804 2575 non
823 2542 905 2575 satis
926 2542 1105 2581 caverint,
1136 2543 1420 2586 perturbationes
1439 2553 1535 2579 cem-

160 2592 357 2633 porarium
384 2589 605 2622 dominatum
631 2587 761 2621 habere
792 2594 889 2626 (mox
916 2587 1011 2620 enim
1043 2599 1210 2632 oppressa
1239 2589 1326 2621 ratio
1353 2591 1536 2634 praesidiis

164 2635 325 2671 collectis
351 2635 403 2677 jus
423 2647 525 2667 sumn
547 2640 654 2676 atque
674 2634 864 2678 imperium
894 2640 1119 2679 recuperat),
1150 2634 1184 2667 in
1208 2635 1357 2679 impuris
1375 2637 1536 2671 bomini-

162 2682 229 2716 bus
256 2689 289 2714 et
315 2681 374 2725 qui
402 2680 508 2713 malas
528 2679 737 2723 cupiditates
763 2680 797 2712 in
820 2693 854 2712 sc.
876 2679 1012 2714 saevire
1035 2691 1141 2724 quam
1162 2693 1179 2714 a
1203 2680 1339 2714 ratione
1369 2683 1442 2727 regi
1470 2683 1536 2728 ipsi

163 2727 355 2761 maluerint
379 2727 560 2760 slabilem.
608 2724 795 2758 Postremo
821 2725 877 2758 illa
904 2725 924 2758 l.
946 2724 1033 2758 nihil
1062 2724 1150 2759 lucis
1176 2725 1274 2758 l'unli
1306 2726 1539 2772 disputationi

162 2772 369 2812 effundunt,
400 2772 530 2817 qnippe
558 2771 618 2816 qui
637 2773 850 2813 mysterium
875 2771 1066 2805 lectoribus
1086 2783 1254 2816 promens
1274 2785 1448 2806 summam
1466 2775 1538 2807 Ju-

164 2820 335 2852 dacorum
353 2819 543 2862 nequitiam
563 2819 908 2850 extraordinarium
928 2816 1035 2850 fuisse
1054 2824 1086 2850 et
1106 2830 1195 2863 quae
1214 2830 1231 2850 a
1254 2817 1283 2848 vi
1306 2819 1455 2861 quatiam
1468 2821 1538 2855 Dei

164 2871 268 2910 atque
287 2864 493 2899 efficacitate
517 2862 707 2908 repetenda
727 2864 769 2898 sit
790 2863 985 2910 perspicuis
1001 2864 1120 2902 verbis
1138 2864 1263 2900 doceat
1293 2865 1338 2908 (v.
1355 2869 1492 2910 supra).

115 2922 299 2957 Frilzsclie
319 2919 382 2965 Ep.
404 2921 445 2955 ad
465 2920 567 2956 Rom.
588 2918 628 2952 P.
652 2918 694 2952 ll.
1051 2907 1096 2951 D
