1715 3115
484 117 645 163 CAP.
681 117 774 163 IX.
819 121 909 165 Vs.
941 122 1013 165 30.
1043 126 1087 163 et
1115 122 1205 166 31..
1495 125 1580 166 :557

108 225 188 266 bus
216 223 255 265 is
279 221 452 262 demum
475 222 668 319 (palmam
697 222 882 279 accipit,
922 223 997 279 qui
1020 223 1178 266 ceteris
1199 222 1469 279 praecurrit,
1512 224 1578 264 id-

105 281 220 323 circo
253 278 444 332 φθάνειν
508 279 637 320 icitur
667 294 680 319 t
700 279 740 319 ni
776 279 935 321 ceteris
972 281 1098 336 quasi
1132 296 1154 320 a
1180 285 1304 333 tergo
1333 279 1503 323 relictis
1535 280 1578 322 id

105 335 358 392 assequitur
388 349 473 390 quo
502 294 836 378 contenuiebatst'
903 336 1122 378 obtundit
1151 347 1391 378 senescens
1410 338 1578 390 graeci-

104 401 172 436 tas
196 392 423 433 verborum
448 392 645 434 acumina
667 400 711 434 et
731 407 841 449 quae
859 393 994 435 arctis
1014 394 1231 435 limitibus
1251 393 1468 436 sermonis
1487 394 1577 435 eie-

101 449 249 506 gantia
280 448 489 490 vocabula
532 450 961 506 circumscripserat,
1012 450 1067 491 iis
1104 451 1194 491 iate
1234 455 1455 507 patentem
1489 450 1573 491 vim

101 507 316 560 assignat.
383 504 541 562 itaque
571 506 613 547 in
647 507 777 548 verbo
809 504 971 561 φθάνω
999 506 1343 560 praeveniendi
1366 506 1575 560 cogitatio

101 563 335 605 obliterata
368 570 462 614 est,
501 563 693 605 veniendi
721 563 841 604 notio
873 568 1060 606 retenta.
1131 562 1311 605 Inutilis
1340 567 1409 604 est
1428 562 1573 619 Hesy-

99 620 188 662 chii
211 620 385 673 glossa:
419 617 614 675 φθάνει,
643 616 991 671 καταλαμβάνει,
1021 634 1174 676 parum
1201 621 1409 662 sollerter
1445 633 1495 661 ex
1518 621 1574 662 iis

98 677 132 722 l.
159 675 312 726 ducta,
351 675 394 716 in
415 676 574 732 quibus
604 681 674 718 est
703 672 894 730 φθάνειν
921 672 984 726 εἴς
1010 692 1053 718 τι
1076 678 1132 718 ad
1166 676 1327 733 aliqne'd
1355 677 1573 728 accedere,

98 733 262 789 aliquid
287 733 506 789 consequi,
549 737 598 774 ut:
625 733 667 775 h.
695 732 745 777 i..
817 732 943 774 Nunc
971 746 1046 774 eos
1073 733 1295 785 refellam,
1336 733 1412 790 qui
1439 729 1573 786 νόμον

99 785 384 843 δικαιοσύνης
415 791 526 830 male
565 795 876 845 exposuerunt.
951 789 1113 844 Kopp..
1158 790 1385 842 Roseum„
1432 789 1573 843 Jasp„

100 846 234 889 Hau.
248 878 260 898 ‚
291 844 440 888 Reiclz.
455 879 466 897 ,
496 846 660 890 Koelln.
684 846 742 891 al.
763 842 897 897 νόμον
914 843 1196 902 δικαιοσύνης
1216 847 1364 903 priore
1386 845 1418 890 i.
1439 845 1571 901 quem

99 917 230 952 mos„
268 903 514 958 posteriore
547 903 783 944 doctrinam
811 901 958 948 christ.
987 901 1074 944 dici
1105 908 1316 958 putarunt
1338 903 1380 948 b.
1400 916 1462 946 r.:
1492 902 1570 944 sed

98 957 356 1010 israelitae,
395 974 526 1015 quum
556 960 722 1013 legem,
761 972 872 1015 quae
899 959 1195 1013 integritatem
1220 960 1482 1017 polliceatur
1501 960 1570 1014 (h.

98 1031 139 1060 e.
169 1016 309 1069 legem
344 1019 494 1069 mos.)‚
533 1016 766 1057 observare
789 1014 1017 1067 studeant,
1046 1015 1100 1058 ad
1128 1019 1293 1070 legem,
1323 1030 1435 1073 quae
1456 1015 1572 1057 inte-

96 1072 302 1126 gritatem
331 1070 457 1113 daret
483 1072 549 1127 (h.
571 1087 610 1114 e.
631 1071 684 1113 ad
708 1072 948 1113 doctrinam
967 1072 1122 1117 christ.
1144 1074 1185 1124 3,
1204 1074 1298 1127 27.)
1319 1087 1402 1114 ηοη
1424 1087 1570 1114 acces-

98 1134 267 1172 serunt.
326 1126 517 1170 Διώκειν
543 1126 675 1180 νόμον
701 1130 870 1171 studere
898 1129 1001 1184 leye',
1034 1129 1076 1173 b.
1099 1144 1137 1172 e.
1166 1131 1269 1185 Ieyis
1288 1129 1571 1173 observationi

95 1186 306 1228 intentum
325 1199 415 1226 esse
437 1187 582 1227 valere
603 1187 730 1242 plane
753 1186 921 1241 nequit.
975 1185 1059 1228 Est
1088 1186 1202 1227 enim
1231 1183 1404 1228 διώκειν
1426 1201 1469 1226 τι
1486 1186 1568 1227 ali-

94 1242 195 1283 ιιιίιί
231 1243 491 1294 consectari,
535 1242 697 1299 aliquid
732 1242 887 1283 habere
937 1242 1058 1284 valde
1094 1257 1246 1297 cupere
1291 1245 1352 1298 (V.
1393 1247 1566 1298 supra).

97 1257 227 1340 {Inde
246 1297 423 1340 διώκειν
450 1298 583 1352 νόμον
615 1301 746 1353 quem
762 1298 975 1355 possidere
1010 1299 1276 1342 vehementer
1294 1299 1396 1341 velle
1419 1298 1566 1340 decia-

94 1362 164 1397 ret
188 1368 365 1396 necesse
385 1361 469 1397 est.
531 1355 765 1397 Praeterea
789 1354 921 1411 hujus
940 1356 973 1399 i.
993 1370 1169 1399 acumen
1194 1356 1236 1397 in
1259 1370 1308 1397 eo
1329 1356 1460 1398 situm
1482 1362 1566 1406 est,

95 1418 143 1453 ut
172 1410 403 1453 israelitas
432 1412 477 1453 id
503 1412 641 1469 ipsum
670 1426 754 1453 non
786 1417 1053 1467 assequutus
1082 1426 1204 1463 esse,
1245 1412 1361 1468 quod
1385 1412 1565 1467 assequi

93 1468 218 1510 vaide
239 1468 532 1524 cupivissent‚
562 1469 807 1538 Apcdicat.
875 1467 1104 1510 Infelicior
1126 1470 1254 1511 etiam
1277 1483 1427 1512 eorum
1449 1468 1564 1510 ratio

91 1532 184 1577 est,
222 1526 298 1582 qui
327 1525 403 1579 (cf.
421 1524 546 1579 dW.)
573 1541 706 1578 νομον
728 1522 1013 1581 δικαιοσύνης
1043 1526 1278 1582 utrobique
1305 1526 1436 1580 leqem
1458 1540 1565 1570 mos-

91 1582 324 1636 designare
350 1580 634 1627 crediderunt
662 1582 705 1626 h.
732 1596 812 1624 m.:
850 1581 928 1623 sed
949 1580 1207 1634 israelitae,
1237 1597 1368 1638 quum
1389 1582 1476 1637 legi
1497 1582 1564 1622 in-

91 1640 341 1692 tegritatem
368 1639 598 1700 pollicenti
625 1639 733 1693 (legi
761 1641 888 1692 mox.)
925 1639 1182 1680 satisfacere
1207 1638 1435 1690 studeant,
1473 1638 1564 1693 legi

93 1696 389 1749 integritatem
419 1696 690 1754 promittenti
721 1695 828 1749 (logi
862 1698 992 1749 moS.)
1021 1710 1103 1739 non
1132 1710 1315 1751 prorsus
1338 1695 1564 1738 satisfece-

94 1758 212 1794 runt.
268 1750 427 1807 Neque
458 1748 632 1793 διώκειν
661 1749 795 1802 νόμον
822 1751 924 1806 quis
949 1753 1231 1794 observationi
1256 1766 1430 1805 operam
1457 1753 1563 1793 dare

93 1813 237 1860 notat,
279 1822 417 1863 neque
439 1805 630 1863 φθάνειν
655 1810 713 1857 εἰς
733 1805 866 1859 νόμον
885 1808 966 1865 leyi
986 1808 1116 1861 plane
1135 1809 1243 1851 sutis
1270 1808 1392 1850 'acere
1415 1808 1560 1850 decla-

91 1870 177 1907 rat.
236 1863 447 1914 Accedit,
485 1862 600 1916 quod
631 1863 698 1904 bic
733 1863 763 1905 Ι.
796 1864 902 1904 hanc
930 1865 1191 1907 sententiam
1226 1864 1419 1917 lagitat:
1447 1864 1560 1905 inte-

91 1921 318 1976 gritatem,
350 1934 477 1977 quam
501 1918 607 1960 tides
626 1918 804 1962 Christo
824 1919 1025 1977 adjuncta
1051 1926 1193 1978 paret,
1225 1921 1455 1962 israelitas
1475 1934 1560 1961 non

89 1984 354 2033 assequutus
385 1991 506 2027 esse,
548 1976 668 2019 iliam
696 1976 886 2031 respuit:
926 1991 1009 2017 non
1029 1977 1208 2019 licuisse
1232 1977 1450 2020 israelitis
1470 1976 1558 2032 legi

92 2048 200 2078 mos.
225 2048 335 2089 quae
357 2033 653 2085 integritatem
674 2031 914 2086 sponderet
936 2047 1118 2089 prorsus
1150 2035 1420 2076 satisfacere.
1478 2033 1558 2076 Ga-

91 2092 194 2143 Ιοι·.,
222 2090 434 2136 Noessen.
461 2090 490 2130 i.
520 2103 558 2132 c.
590 2104 632 2145 p.
655 2089 749 2132 187.
782 2085 914 2140 νόμον
940 2087 1221 2146 δικαιοσύνης
1247 2089 1508 2146 intem-itatis
1530 2104 1558 2130 a

90 2149 185 2191 Deo
204 2147 453 2190 tribuendae
482 2160 713 2189 normam
743 2146 886 2198 (Grot.
918 2147 1055 2187 viam
1076 2145 1301 2202 justitiae,
1332 2161 1439 2204 qnae
1466 2147 1556 2187 Deo

89 2205 298 2259 placeret)
325 2207 637 2260 exposuerunt.
702 2201 761 2243 lli
791 2216 813 2241 a
847 2203 1043 2254 ratione,
1081 2218 1208 2259 quam
1244 2217 1322 2244 nos
1354 2202 1555 2259 probavi-

90 2275 210 2313 mus,
247 2260 440 2316 proxime
477 2260 695 2302 afuerunt.
760 2257 847 2299 Sed
874 2258 1081 2311 i’aulum,
1118 2274 1248 2315 quum
1272 2259 1556 2310 iudaeorum,

90 2318 163 2373 qui
193 2314 338 2372 νόμῳ
379 2317 668 2357 δικαιοῦσθαι
698 2315 882 2366 vellent,
932 2317 1143 2357 rationem
1183 2316 1384 2358 duxisset
1420 2312 1554 2368 νόμον

88 2374 219 2427 quem
255 2372 419 2414 dixisse
461 2387 593 2429 supra
633 2372 892 2413 monuimus.
961 2373 1151 2422 Calvia„
1195 2372 1339 2420 neza,
1386 2372 1554 2425 Closs„

66 2429 248 2484 'Beny.,
285 2429 439 2471 Ileum.
462 2430 520 2469 al.
548 2428 600 2470 ad
632 2428 891 2484 hypallages
922 2437 1159 2470 monstrum
1192 2434 1251 2480 (v.
1272 2429 1324 2470 ad
1349 2429 1483 2493 Marc:
1510 2444 1554 2485 p.

85 2486 185 2527 759.
205 2500 225 2525 s
261 2489 325 2543 q.)
345 2486 660 2538 confugerunt,
692 2483 824 2536 νόμον
857 2483 1139 2540 δικαιοσύνῃ-ς
1171 2501 1249 2541 pro
1274 2488 1556 2540 ‹lezcuoovrqv

86 2500 426 2593 v154a›1›(i’au111n1
448 2542 648 2599 posuisse
667 2540 850 2597 opinati.
911 2542 998 2594 Qui
1027 2542 1157 2583 etiam
1181 2542 1436 2583 sententiam
1456 2557 1554 2598 per-

86 2596 307 2641 diderunt.
378 2597 487 2640 Nam
521 2597 634 2654 quod
666 2597 894 2638 israelitae
933 2599 1227 2651 integritatem
1260 2598 1344 2653 fiale
1378 2599 1553 2655 parabi-

85 2655 194 2706 lem,
223 2670 334 2711 quae
352 2656 449 2696 data
471 2656 603 2697 fuerit
634 2654 874 2709 gentilibus
900 2670 990 2694 eam
1014 2655 1184 2695 minim·-
1206 2657 1555 2710 anquirentibus,

86 2725 170 2752 nou
192 2713 416 2768 assequuti
442 2713 626 2761 fuerint,
668 2727 748 2750 non
780 2711 891 2766 quozl
926 2712 1218 2765 integritatem
1238 2714 1339 2767 lryis
1362 2727 1461 2755 mos.
1479 2713 1549 2753 ob-

86 2767 227 2823 sequio
256 2769 490 2823 putandam
523 2783 608 2811 non
636 2768 928 2822 obtinuerint,
969 2767 1020 2812 P.
1051 2768 1093 2812 b.
1123 2769 1153 2813 i.
1178 2770 1384 2825 conqueri
1406 2770 1550 2815 debet.
