1715 3115
153 201 237 243 112
430 198 811 244 EPISTOLA
842 200 943 244 AD
974 200 1338 248 ROMANOS

152 302 326 362 Σαρκός
345 305 588 358 institutis,
619 303 662 348 οἱ
686 307 972 359 πνευματικοί
992 308 1074 350 τοῦ
1095 307 1352 361 Πιιεύματος
1371 308 1500 350 rebus
1521 312 1613 351 stu-

150 365 249 406 dent
269 368 329 417 (v.
349 363 429 415 5.).
474 363 589 404 Nam
609 365 682 413 (ne
703 378 827 419 quem
850 363 976 422 hujus
997 366 1242 419 argumenti
1262 365 1326 406 vis
1344 366 1613 422 praetereat)

153 420 323 475 Corpus
364 425 567 471 mortem,
604 419 693 463 div.
724 419 920 475 Spiritus
961 422 1092 463 vitam
1124 428 1169 462 et
1198 435 1343 478 pacem
1372 422 1508 463 studio
1534 435 1611 463 suo

156 476 464 531 complectitur
489 476 559 530 (v.
585 476 627 517 6.
646 478 676 529 ).
736 478 997 530 (Ιανηονανίῐ,
1037 478 1109 533 qui
1143 476 1193 518 τὸ
1225 475 1432 533 φρόνημα
1461 490 1613 532 super-

152 532 267 575 biam
306 537 505 583 enarrat,
553 533 769 574 sententia
811 533 911 575 usui
950 532 1156 590 loquendi
1196 540 1486 575 consentanea
1526 537 1612 585 est,

155 588 273 644 quod
305 589 416 629 male
444 588 619 641 negavit
647 589 794 632 Reich.
822 593 884 644 (ν.
915 590 1088 646 Schaes'.
1121 589 1175 630 ad
1203 589 1434 633 Demosth.
1458 588 1612 642 1,547.

151 644 255 687 745.
280 643 437 699 Polyb.
463 644 688 698 4,64,8.)‚
728 645 806 687 sed
834 660 857 686 a
883 644 934 689 P.
959 646 1257 703 disputatione
1287 652 1468 689 remota.
1527 644 1612 686 Vi-

151 702 267 742 tiose
288 698 346 744 It.
368 706 412 741 et
431 700 570 755 Vulg.
590 698 640 741 τὰ
663 700 871 758 φρόνημα
888 717 927 745 v,
946 704 988 747 6.
1010 703 1278 755 prudentiam
1298 702 1364 757 (h.
1383 717 1423 745 e.
1442 698 1468 759 ἡ
1489 698 1613 758 qvod-

151 770 301 812 νησις,
333 771 416 798 non
437 755 485 800 τὸ
514 753 761 813 φρόνημα),
792 773 834 801 v.
855 759 898 801 7.
926 760 1187 812 sapientiam
1211 763 1450 801 verterunt.
1508 756 1611 814 Qua

150 813 439 854 translatione
469 813 622 855 conlisi
649 815 847 856 nonnulli
879 815 1107 868 misologi,
1145 829 1255 871 quos
1286 828 1326 858 v·
1352 829 1390 858 c.
1416 813 1611 856 Tarreti-

149 884 231 911 nus
262 870 556 926 impugnavit,
593 871 864 923 prudentiam
893 872 1036 914 carnis
1066 872 1094 914 i.
1119 886 1158 913 e.
1187 876 1370 912 naturae
1399 871 1611 912 humanae

184 930 328 968 eccato
349 926 681 976 contaminatae,
705 932 887 969 mentem
906 932 950 969 et
968 927 1176 970 rationem
1197 927 1285 969 dici
1304 926 1470 985 opinati
1491 931 1611 971 sunt.

149 940 255 1024 'ivon
292 983 356 1024 ita
391 983 526 1025 visum
557 987 626 1024 est
658 981 863 1025 Patribus
890 985 1060 1038 graecis
1088 986 1149 1039 (v.
1182 983 1327 1027 Reich.
1358 984 1414 1026 cl.
1444 983 1612 1026 Suicer.

152 1038 293 1082 Thes.
314 1040 469 1082 eccles.
489 1037 710 1093 II,938.)‚
746 1041 821 1095 qui
848 1055 901 1082 ne
927 1041 981 1097 τῇ
1010 1041 1142 1094 σαρκὶ
1172 1036 1323 1081 ἴδιον
1349 1036 1611 1095 φρόνημα

149 1095 423 1138 tribueretur
442 1095 534 1150 (lv.
560 1095 806 1150 Theophyl.)
824 1095 874 1137 τὸ
900 1093 1106 1152 φρόνημα
1122 1095 1200 1150 τῆς
1228 1096 1389 1151 σαρκός
1419 1096 1612 1137 animum

151 1152 319 1204 corpori
338 1153 636 1194 deservientem
657 1166 784 1208 eoque
803 1153 1076 1194 deterioribus
1093 1153 1368 1204 inclinatum,
1396 1152 1450 1195 bie
1478 1150 1609 1205 ᾗείῖώτ

150 1208 238 1260 1id>e
262 1208 557 1262 (Sjesinnung
580 1209 690 1249 male
710 1213 1023 1265 exposuerunt.
1081 1204 1252 1264 εἰρήνη]
1285 1209 1385 1250 Pax·
1405 1209 1448 1251 h.
1470 1208 1502 1250 l.
1524 1220 1609 1248 non

150 1278 202 1305 ea
234 1263 418 1317 dicitur,
468 1266 551 1320 quii
587 1264 752 1306 fruaris
780 1280 909 1321 quum
937 1280 959 1305 a
987 1265 1158 1320 placato
1189 1264 1286 1306 Deo
1314 1263 1493 1306 hostilia
1523 1277 1609 1305 non

148 1321 338 1376 patiaris
355 1321 415 1375 (5,
431 1323 468 1364 l.
492 1320 671 1372 Rueck„
704 1320 878 1374 Reiclae„
908 1321 1006 1364 le.
1026 1321 1121 1375 aL),
1151 1320 1226 1362 sed
1247 1335 1373 1377 quam
1398 1321 1492 1377 ipse
1511 1334 1609 1361 cum

149 1377 252 1418 Deo
273 1377 411 1418 facias
433 1392 563 1433 quum
585 1382 733 1419 sancta
754 1377 850 1436 ejus
875 1382 1104 1436 praecepta
1127 1377 1332 1420 observes
1357 1378 1434 1431 (cf.
1463 1391 1505 1420 ν.
1525 1377 1610 1431 7.).

152 1429 244 1488 ζωή
272 1434 345 1475 καὶ
375 1431 546 1490 εἰρῆνη]
576 1430 922 1490 Πρωθύστερον.
978 1434 1135 1488 Gignit
1157 1435 1269 1475 enim
1290 1448 1373 1491 pax
1392 1448 1488 1474 cum
1511 1433 1609 1475 Deo

150 1495 325 1531 servata
357 1491 487 1531 vitam
523 1491 848 1546 sempiternam.
915 1489 1047 1532 Illius
1079 1490 1246 1545 figurae
1275 1490 1474 1547 exempla
1505 1504 1610 1546 sup-

153 1544 323 1601 peditat
340 1545 517 1602 Sclmcf.
542 1547 763 1592 Meletem⁶
789 1549 890 1592 crit.
921 1562 966 1604 p.
989 1549 1073 1591 16..
1131 1546 1262 1589 Adde
1285 1548 1392 1590 Eur.
1418 1546 1488 1589 El.
1507 1547 1609 1589 969.

151 1600 251 1650 πῶς
268 1600 350 1655 γὰρ
380 1599 519 1642 κτάνω
550 1619 639 1651 νιν,
681 1601 708 1658 ἥ
734 1602 776 1656 μ’
805 1604 1025 1658 ἔθρεψε
1055 1596 1303 1654 κᾶτεκενς
1347 1609 1391 1645 et
1421 1602 1513 1646 Cic.
1549 1603 1609 1647 D.

153 1656 216 1700 N.
243 1658 304 1702 D.
334 1657 591 1710 11,48,124.
609 1683 664 1690 —-
682 1673 705 1700 a
741 1659 899 1714 quihus
927 1659 1082 1715 (pulli)
1107 1659 1270 1700 exclusi
1298 1658 1458 1715 fotique
1491 1664 1611 1712 sunt,

153 1713 231 1755 ubi
254 1728 293 1758 v.
316 1714 535 1758 Orellium.
594 1714 681 1756 Sed
704 1716 824 1757 nullo
855 1716 1055 1769 negotio,
1095 1729 1172 1756 cur
1201 1716 1396 1757 accurati
1419 1716 1612 1772 scripto-

151 1784 226 1811 res
246 1785 361 1823 rem,
392 1784 501 1826 quae
522 1771 669 1827 priore
688 1772 782 1813 loco
806 1771 1081 1814 memoranda
1109 1771 1247 1813 fuisse
1277 1771 1499 1823 videatur,
1528 1785 1610 1828 po-

151 1827 338 1870 steriore
361 1827 391 1868 l.
420 1827 647 1883 posuerint
676 1842 847 1885 semper
877 1827 1096 1871 ostendas.
1155 1826 1224 1869 Nc
1254 1825 1307 1872 P.
1339 1827 1512 1882 quidem
1541 1834 1610 1870 te·-

151 1897 270 1924 mere
291 1884 364 1925 καὶ
385 1880 536 1938 εἰρήνη
556 1889 656 1940 post
677 1899 716 1929 v.
738 1882 823 1939 ζωή
846 1884 1090 1928 collocavit.
1146 1883 1314 1940 Nempe
1332 1891 1381 1925 ut
1401 1885 1495 1926 voci
1518 1881 1606 1941 ζωή

154 1941 278 1994 prior
297 1940 418 1981 locus
439 1939 618 1982 daretur
635 1943 852 1983 sententia
873 1941 1074 1997 opposita
1094 1940 1310 1993 flagitavit
1337 1945 1393 1993 (τ.
1422 1956 1459 1994 γ.
1489 1954 1541 1993 φ.
1567 1956 1609 1984 τ.

152 1997 201 2037 Σ.
223 1994 492 2045 θάνατος,
532 2012 571 2038 τ.
594 1997 631 2038 ὁ.
654 2011 700 2052 φ.
721 2013 760 2040 τ.
784 2000 866 2040 Πν.
898 1994 1039 2054 ζωή).
1097 1996 1289 2039 Addidit
1318 2002 1458 2038 antem
1480 1995 1533 2042 Ρ.
1563 2010 1607 2042 v.

151 2053 226 2093 καί
255 2049 425 2108 εἰρήνη,
472 2053 674 2108 quoniam
705 2059 789 2110 qm?
820 2069 866 2096 re
892 2055 979 2097 div.
1010 2053 1197 2109 spiritus
1225 2054 1356 2095 vitam
1385 2060 1604 2095 aeternam

152 2113 355 2165 pararet,
401 2109 640 2151 lectoribus
674 2109 971 2165 ccdsiym'ficare
1001 2110 1140 2151 voluit
1168 2110 1312 2151 verbis
1340 2123 1465 2164 quam
1498 2123 1607 2166 pau-

150 2165 341 2206 cissimis
361 2167 531 2218 <contra
553 2165 642 2210 div.
663 2167 847 2223 spiritus
868 2169 981 2209 vitae
1003 2167 1294 2222 sempiternae
1314 2172 1357 2206 et
1378 2165 1475 2222 paci
1507 2179 1604 2207 cum

149 2220 249 2264 Deo
267 2222 505 2274 faciendae,
537 2223 760 2277 [aeternae
781 2225 895 2265 vitae
913 2222 1211 2280 procreatrici]
1232 2221 1380 2263 studet
1397 2222 1428 2264 i.
1451 2236 1495 2278 q.
1514 2221 1605 2266 div.

151 2279 339 2334 spiritus
361 2285 582 2320 aeternam
610 2280 741 2321 vitam
771 2281 887 2336 parit
915 2294 994 2337 per
1022 2293 1191 2334 pacem,
1229 2277 1354 2334 cujus
1381 2292 1474 2319 eum
1504 2278 1604 2320 Deo

149 2335 470 2391 componendae
505 2340 656 2377 auctor
692 2341 762 2378 est
799 2336 896 2379 scil.
926 2335 1212 2376 obedientiam
1242 2335 1401 2376 divinis
1425 2348 1605 2391 praece-

148 2391 242 2447 ptis
278 2391 584 2446 praestandam
623 2391 958 2434 commendando
989 2391 1280 2447 pietatemque
1310 2390 1601 2448 promovendo

152 2447 255 2489 Gal.
282 2447 391 2499 5‚22
423 2462 492 2503 sq.
522 2448 656 2503 6,8.).
730 2447 1006 2491 suffecerunt
1044 2448 1148 2489 haec
1182 2447 1267 2489 duo
1295 2447 1501 2490 vocabula
1527 2447 1605 2488 καὶ

148 2500 301 2558 εἰρήνη
323 2504 585 2557 lectoribus,
624 2505 700 2561 qui
730 2519 816 2561 quo
848 2504 972 2546 modo
1001 2503 1088 2548 div.
1114 2504 1299 2561 spiritus
1327 2516 1473 2559 pacem
1505 2516 1601 2544 cum

148 2558 248 2601 Deo
271 2560 526 2602 conciliaret
545 2562 680 2618 probe
709 2561 888 2604 scirent.
946 2559 1090 2612 Illud,
1127 2575 1180 2602 ne
1209 2559 1396 2603 Romani
1425 2557 1603 2616 corpori

150 2629 199 2656 se
218 2616 564 2672 emanciparent‚
593 2617 735 2672 paullo
755 2618 999 2659 accuratius
1026 2616 1337 2659 ostendendum
1365 2621 1485 2667 erat,
1522 2628 1601 2656 cur

150 2669 324 2727 Corpus
341 2677 516 2713 mortem
538 2673 683 2715 studio
701 2687 779 2715 suo
800 2674 1112 2729 complectatur
1139 2679 1216 2715 aut
1240 2677 1420 2716 mortem
1448 2685 1602 2714 neces-

150 2728 270 2770 sario
291 2727 447 2782 gignat
465 2729 539 2781 (cf.
564 2743 604 2772 V.
624 2731 667 2772 7.
687 2730 768 2783 8.).

263 2783 324 2827 V.
351 2786 395 2828 7.
419 2783 463 2828 8.
492 2783 545 2827 Ρ.
574 2785 801 2827 verborum
837 2782 888 2825 τὸ
920 2785 968 2826 δὲ
997 2784 1205 2839 φρόνημα
1231 2784 1312 2825 τοῦ
1340 2781 1602 2837 Πνείματος

151 2838 241 2898 ζωή
260 2841 431 2885 ratione
454 2841 676 2886 vocabulis
699 2843 772 2885 καὶ
792 2837 943 2898 εἰρήνη
965 2840 1097 2886 obiter
1111 2839 1284 2884 reddita
1305 2840 1464 2897 (neque
1484 2839 1600 2881 enim

1487 2908 1598 2951 quae
