<?xml version="1.0" encoding="UTF-8"?>
<!DOCTYPE html PUBLIC "-//W3C//DTD XHTML 1.0 Transitional//EN"
    "http://www.w3.org/TR/xhtml1/DTD/xhtml1-transitional.dtd">
<html xmlns="http://www.w3.org/1999/xhtml" xml:lang="en" lang="en">
 <head>
  <title>
</title>
<meta http-equiv="Content-Type" content="text/html;charset=utf-8" />
  <meta name='ocr-system' content='tesseract 3.04.00' />
  <meta name='ocr-capabilities' content='ocr_page ocr_carea ocr_par ocr_line ocrx_word'/>
</head>
<body>
  <div class='ocr_page' id='page_1' title='image "./pauliadromanosep02frituoft/pauliadromanosep02frituoft_0331.png"; bbox 0 0 1715 3115; ppageno 0'>
   <div class='ocr_carea' id='block_1_1' title="bbox 522 149 1627 197">
    <p class='ocr_par' dir='ltr' id='par_1_1' title="bbox 522 149 1627 197">
     <span class='ocr_line' id='line_1_1' title="bbox 522 149 1627 197; baseline -0.005 -1"><span class='ocrx_word' id='word_1_1' title='bbox 522 152 615 196; x_wconf 77' lang='lat' dir='ltr'>CA</span> <span class='ocrx_word' id='word_1_2' title='bbox 631 149 682 196; x_wconf 90' lang='lat' dir='ltr'>P.</span> <span class='ocrx_word' id='word_1_3' title='bbox 715 149 813 196; x_wconf 81' lang='lat' dir='ltr'>lx.</span> <span class='ocrx_word' id='word_1_4' title='bbox 862 150 954 197; x_wconf 83' lang='lat' dir='ltr'>Vs.</span> <span class='ocrx_word' id='word_1_5' title='bbox 989 149 1056 196; x_wconf 80' lang='lat'>14.</span> <span class='ocrx_word' id='word_1_6' title='bbox 1079 150 1133 184; x_wconf 68' lang='lat'>—&#39;</span> <span class='ocrx_word' id='word_1_7' title='bbox 1156 152 1243 196; x_wconf 87' lang='lat'><strong>16..</strong></span> <span class='ocrx_word' id='word_1_8' title='bbox 1542 150 1627 192; x_wconf 81' lang='lat'>317</span> 
     </span>
    </p>
   </div>
   <div class='ocr_carea' id='block_1_2' title="bbox 115 255 1639 2875">
    <p class='ocr_par' dir='ltr' id='par_1_2' title="bbox 115 255 1639 2875">
     <span class='ocr_line' id='line_1_2' title="bbox 142 255 1630 314; baseline -0.007 -9"><span class='ocrx_word' id='word_1_9' title='bbox 142 268 225 313; x_wconf 77' lang='lat' dir='ltr'>tur,</span> <span class='ocrx_word' id='word_1_10' title='bbox 259 259 442 302; x_wconf 81' lang='lat' dir='ltr'>Paulum</span> <span class='ocrx_word' id='word_1_11' title='bbox 464 259 536 300; x_wconf 75' lang='lat' dir='ltr'>hic</span> <span class='ocrx_word' id='word_1_12' title='bbox 563 259 710 301; x_wconf 87' lang='lat' dir='ltr'>dicere</span> <span class='ocrx_word' id='word_1_13' title='bbox 728 258 871 303; x_wconf 81' lang='lat' dir='ltr'>finxit.</span> <span class='ocrx_word' id='word_1_14' title='bbox 932 257 1089 314; x_wconf 82' lang='lat' dir='ltr'>Itaque</span> <span class='ocrx_word' id='word_1_15' title='bbox 1117 257 1262 301; x_wconf 75' lang='lat' dir='ltr'>verbis</span> <span class='ocrx_word' id='word_1_16' title='bbox 1282 255 1335 299; x_wconf 83' lang='grc' dir='ltr'>οὗ</span> <span class='ocrx_word' id='word_1_17' title='bbox 1356 256 1434 298; x_wconf 80' lang='grc' dir='ltr'>τοῦ</span> <span class='ocrx_word' id='word_1_18' title='bbox 1460 255 1630 296; x_wconf 73' lang='grc' dir='ltr'><em>θέλον-</em></span> 
     </span>
     <span class='ocr_line' id='line_1_3' title="bbox 141 313 1628 372; baseline -0.003 -13"><span class='ocrx_word' id='word_1_19' title='bbox 141 334 212 367; x_wconf 80' lang='grc' dir='ltr'>ιὐς</span> <span class='ocrx_word' id='word_1_20' title='bbox 234 314 337 360; x_wconf 73' lang='grc' dir='ltr'>οὐδὲ</span> <span class='ocrx_word' id='word_1_21' title='bbox 358 319 439 358; x_wconf 77' lang='grc' dir='ltr'>τοῦ</span> <span class='ocrx_word' id='word_1_22' title='bbox 462 314 694 371; x_wconf 65' lang='grc' dir='ltr'><em>τρέχοντος</em></span> <span class='ocrx_word' id='word_1_23' title='bbox 710 316 910 359; x_wconf 62' lang='lat' dir='ltr'>desiderii</span> <span class='ocrx_word' id='word_1_24' title='bbox 929 316 1141 372; x_wconf 64' lang='lat' dir='ltr'>studiique</span> <span class='ocrx_word' id='word_1_25' title='bbox 1160 316 1202 357; x_wconf 73' lang='grc' dir='ltr'>ἱη</span> <span class='ocrx_word' id='word_1_26' title='bbox 1222 328 1271 356; x_wconf 83' lang='lat' dir='ltr'>eo</span> <span class='ocrx_word' id='word_1_27' title='bbox 1290 314 1444 368; x_wconf 70' lang='lat' dir='ltr'>positi,</span> <span class='ocrx_word' id='word_1_28' title='bbox 1483 317 1527 354; x_wconf 76' lang='lat' dir='ltr'>ul</span> <span class='ocrx_word' id='word_1_29' title='bbox 1553 313 1628 355; x_wconf 80' lang='lat' dir='ltr'>{le-</span> 
     </span>
     <span class='ocr_line' id='line_1_4' title="bbox 137 369 1629 428; baseline -0.004 -11"><span class='ocrx_word' id='word_1_30' title='bbox 137 375 291 417; x_wconf 76' lang='lat' dir='ltr'>siderio</span> <span class='ocrx_word' id='word_1_31' title='bbox 319 379 391 416; x_wconf 81' lang='lat' dir='ltr'>tuo</span> <span class='ocrx_word' id='word_1_32' title='bbox 419 373 610 426; x_wconf 73' lang='lat' dir='ltr'><em>satisfiat</em></span> <span class='ocrx_word' id='word_1_33' title='bbox 642 374 749 428; x_wconf 90' lang='lat' dir='ltr'>(non</span> <span class='ocrx_word' id='word_1_34' title='bbox 768 372 958 415; x_wconf 80' lang='lat' dir='ltr'>actionis</span> <span class='ocrx_word' id='word_1_35' title='bbox 980 378 1024 415; x_wconf 85' lang='lat' dir='ltr'>et</span> <span class='ocrx_word' id='word_1_36' title='bbox 1046 387 1159 428; x_wconf 82' lang='lat' dir='ltr'>quae</span> <span class='ocrx_word' id='word_1_37' title='bbox 1178 371 1322 413; x_wconf 88' lang='lat' dir='ltr'>animo</span> <span class='ocrx_word' id='word_1_38' title='bbox 1344 369 1629 412; x_wconf 84' lang='lat' dir='ltr'>contineatur</span> 
     </span>
     <span class='ocr_line' id='line_1_5' title="bbox 137 425 1630 487; baseline -0.003 -15"><span class='ocrx_word' id='word_1_39' title='bbox 137 435 181 472; x_wconf 85' lang='lat' dir='ltr'>et</span> <span class='ocrx_word' id='word_1_40' title='bbox 209 445 320 487; x_wconf 86' lang='lat' dir='ltr'>quae</span> <span class='ocrx_word' id='word_1_41' title='bbox 349 430 479 472; x_wconf 80' lang='lat' dir='ltr'>sactis</span> <span class='ocrx_word' id='word_1_42' title='bbox 502 430 785 482; x_wconf 70' lang='lat' dir='ltr'>ostendatur,</span> <span class='ocrx_word' id='word_1_43' title='bbox 815 429 1001 486; x_wconf 73' lang='lat' dir='ltr'>Reich.)‚</span> <span class='ocrx_word' id='word_1_44' title='bbox 1039 430 1159 471; x_wconf 88' lang='lat' dir='ltr'>notio</span> <span class='ocrx_word' id='word_1_45' title='bbox 1188 429 1320 470; x_wconf 87' lang='lat' dir='ltr'>inest.</span> <span class='ocrx_word' id='word_1_46' title='bbox 1390 425 1479 470; x_wconf 84' lang='lat' dir='ltr'>Sed</span> <span class='ocrx_word' id='word_1_47' title='bbox 1509 425 1630 482; x_wconf 87' lang='lat' dir='ltr'>quod</span> 
     </span>
     <span class='ocr_line' id='line_1_6' title="bbox 135 482 1632 545; baseline -0.002 -16"><span class='ocrx_word' id='word_1_48' title='bbox 135 488 229 545; x_wconf 87' lang='lat' dir='ltr'>Ap.</span> <span class='ocrx_word' id='word_1_49' title='bbox 251 488 474 530; x_wconf 81' lang='lat' dir='ltr'>hominum</span> <span class='ocrx_word' id='word_1_50' title='bbox 494 487 818 529; x_wconf 82' lang='lat' dir='ltr'>contentionem</span> <span class='ocrx_word' id='word_1_51' title='bbox 837 485 892 528; x_wconf 80' lang='lat' dir='ltr'>ad</span> <span class='ocrx_word' id='word_1_52' title='bbox 916 486 1160 529; x_wconf 85' lang='lat' dir='ltr'>messianae</span> <span class='ocrx_word' id='word_1_53' title='bbox 1179 484 1407 528; x_wconf 79' lang='lat' dir='ltr'>beatitatis</span> <span class='ocrx_word' id='word_1_54' title='bbox 1428 482 1632 540; x_wconf 72' lang='lat' dir='ltr'>adeptio-</span> 
     </span>
     <span class='ocr_line' id='line_1_7' title="bbox 137 539 1632 602; baseline -0.001 -16"><span class='ocrx_word' id='word_1_55' title='bbox 137 558 232 586; x_wconf 86' lang='lat' dir='ltr'>nem</span> <span class='ocrx_word' id='word_1_56' title='bbox 261 544 474 602; x_wconf 80' lang='lat' dir='ltr'>prodesse</span> <span class='ocrx_word' id='word_1_57' title='bbox 505 545 548 588; x_wconf 84' lang='lat' dir='ltr'>h.</span> <span class='ocrx_word' id='word_1_58' title='bbox 577 545 608 588; x_wconf 93' lang='lat' dir='ltr'>l.</span> <span class='ocrx_word' id='word_1_59' title='bbox 639 548 793 599; x_wconf 81' lang='lat' dir='ltr'>negat,</span> <span class='ocrx_word' id='word_1_60' title='bbox 830 543 945 585; x_wconf 82' lang='lat' dir='ltr'>alias</span> <span class='ocrx_word' id='word_1_61' title='bbox 979 544 1173 586; x_wconf 82' lang='lat' dir='ltr'>affirmat</span> <span class='ocrx_word' id='word_1_62' title='bbox 1196 557 1240 586; x_wconf 83' lang='lat' dir='ltr'>v.</span> <span class='ocrx_word' id='word_1_63' title='bbox 1258 542 1330 584; x_wconf 88' lang='grc'>30.</span> <span class='ocrx_word' id='word_1_64' title='bbox 1351 555 1452 597; x_wconf 82' lang='lat' dir='ltr'>sqq.</span> <span class='ocrx_word' id='word_1_65' title='bbox 1475 542 1497 581; x_wconf 91' lang='lat' dir='ltr'>l</span> <span class='ocrx_word' id='word_1_66' title='bbox 1523 539 1632 585; x_wconf 87' lang='lat' dir='ltr'>Cor.</span> 
     </span>
     <span class='ocr_line' id='line_1_8' title="bbox 135 595 1631 658; baseline -0.002 -15"><span class='ocrx_word' id='word_1_67' title='bbox 135 602 179 654; x_wconf 88' lang='grc'>9,</span> <span class='ocrx_word' id='word_1_68' title='bbox 203 601 276 646; x_wconf 83' lang='lat'>24.</span> <span class='ocrx_word' id='word_1_69' title='bbox 298 616 395 658; x_wconf 60' lang='lat' dir='ltr'>sq„</span> <span class='ocrx_word' id='word_1_70' title='bbox 443 607 534 655; x_wconf 81' lang='lat' dir='ltr'>est,</span> <span class='ocrx_word' id='word_1_71' title='bbox 580 615 664 643; x_wconf 90' lang='lat' dir='ltr'>non</span> <span class='ocrx_word' id='word_1_72' title='bbox 701 614 800 644; x_wconf 86' lang='lat' dir='ltr'>esse</span> <span class='ocrx_word' id='word_1_73' title='bbox 837 600 1037 654; x_wconf 85' lang='lat' dir='ltr'>videtur,</span> <span class='ocrx_word' id='word_1_74' title='bbox 1086 598 1395 658; x_wconf 78' lang='lat' dir='ltr'>repugnantia.</span> <span class='ocrx_word' id='word_1_75' title='bbox 1465 595 1631 654; x_wconf 77' lang='lat' dir='ltr'>Neque</span> 
     </span>
     <span class='ocr_line' id='line_1_9' title="bbox 137 655 1635 714; baseline -0.002 -14"><span class='ocrx_word' id='word_1_76' title='bbox 137 658 250 702; x_wconf 88' lang='lat' dir='ltr'>euim</span> <span class='ocrx_word' id='word_1_77' title='bbox 276 659 405 701; x_wconf 84' lang='lat' dir='ltr'>homo</span> <span class='ocrx_word' id='word_1_78' title='bbox 424 665 513 700; x_wconf 84' lang='lat' dir='ltr'>tam</span> <span class='ocrx_word' id='word_1_79' title='bbox 536 658 718 701; x_wconf 81' lang='lat' dir='ltr'>subtilis</span> <span class='ocrx_word' id='word_1_80' title='bbox 746 664 977 707; x_wconf 88' lang='lat' dir='ltr'>nascetur,</span> <span class='ocrx_word' id='word_1_81' title='bbox 1007 657 1083 714; x_wconf 87' lang='lat' dir='ltr'>qui</span> <span class='ocrx_word' id='word_1_82' title='bbox 1104 657 1217 700; x_wconf 86' lang='lat' dir='ltr'>illud</span> <span class='ocrx_word' id='word_1_83' title='bbox 1239 669 1324 698; x_wconf 91' lang='lat' dir='ltr'>non</span> <span class='ocrx_word' id='word_1_84' title='bbox 1346 655 1635 697; x_wconf 78' lang='lat' dir='ltr'>vehementer</span> 
     </span>
     <span class='ocr_line' id='line_1_10' title="bbox 134 712 1635 773; baseline 0 -17"><span class='ocrx_word' id='word_1_85' title='bbox 134 729 384 773; x_wconf 86' lang='lat' dir='ltr'>repugnare</span> <span class='ocrx_word' id='word_1_86' title='bbox 396 715 564 768; x_wconf 88' lang='lat' dir='ltr'>doceat,</span> <span class='ocrx_word' id='word_1_87' title='bbox 589 715 772 758; x_wconf 84' lang='lat' dir='ltr'>eandem</span> <span class='ocrx_word' id='word_1_88' title='bbox 787 729 879 757; x_wconf 88' lang='lat' dir='ltr'>rem</span> <span class='ocrx_word' id='word_1_89' title='bbox 899 715 1128 757; x_wconf 87' lang='lat' dir='ltr'>etinanem</span> <span class='ocrx_word' id='word_1_90' title='bbox 1146 728 1246 756; x_wconf 91' lang='lat' dir='ltr'>esse</span> <span class='ocrx_word' id='word_1_91' title='bbox 1265 718 1312 756; x_wconf 87' lang='lat' dir='ltr'>et</span> <span class='ocrx_word' id='word_1_92' title='bbox 1329 726 1414 754; x_wconf 90' lang='lat' dir='ltr'>non</span> <span class='ocrx_word' id='word_1_93' title='bbox 1435 712 1536 754; x_wconf 84' lang='lat' dir='ltr'>inan</span> <span class='ocrx_word' id='word_1_94' title='bbox 1549 726 1635 756; x_wconf 83' lang='lat' dir='ltr'>em.</span> 
     </span>
     <span class='ocr_line' id='line_1_11' title="bbox 137 769 1635 831; baseline -0.002 -18"><span class='ocrx_word' id='word_1_95' title='bbox 137 772 329 815; x_wconf 80' lang='lat' dir='ltr'>Ostendi</span> <span class='ocrx_word' id='word_1_96' title='bbox 358 777 528 815; x_wconf 83' lang='lat' dir='ltr'>tantum</span> <span class='ocrx_word' id='word_1_97' title='bbox 566 779 736 831; x_wconf 86' lang='lat' dir='ltr'>potest,</span> <span class='ocrx_word' id='word_1_98' title='bbox 767 774 844 828; x_wconf 74' lang='lat' dir='ltr'>qui</span> <span class='ocrx_word' id='word_1_99' title='bbox 877 770 929 816; x_wconf 88' lang='lat' dir='ltr'>P.</span> <span class='ocrx_word' id='word_1_100' title='bbox 949 771 1140 814; x_wconf 86' lang='lat' dir='ltr'>diversis</span> <span class='ocrx_word' id='word_1_101' title='bbox 1159 771 1271 814; x_wconf 88' lang='lat' dir='ltr'>locis</span> <span class='ocrx_word' id='word_1_102' title='bbox 1301 769 1346 810; x_wconf 91' lang='lat' dir='ltr'>in</span> <span class='ocrx_word' id='word_1_103' title='bbox 1374 774 1464 812; x_wconf 87' lang='lat' dir='ltr'>tam</span> <span class='ocrx_word' id='word_1_104' title='bbox 1493 782 1635 826; x_wconf 67' lang='lat' dir='ltr'>repu-</span> 
     </span>
     <span class='ocr_line' id='line_1_12' title="bbox 137 825 1637 886; baseline -0.001 -16"><span class='ocrx_word' id='word_1_105' title='bbox 137 835 325 884; x_wconf 82' lang='lat' dir='ltr'>gnantes</span> <span class='ocrx_word' id='word_1_106' title='bbox 345 830 591 872; x_wconf 82' lang='lat' dir='ltr'>sententias</span> <span class='ocrx_word' id='word_1_107' title='bbox 612 829 832 872; x_wconf 86' lang='lat' dir='ltr'>inciderit.</span> <span class='ocrx_word' id='word_1_108' title='bbox 898 827 1071 886; x_wconf 87' lang='lat' dir='ltr'>Nempe</span> <span class='ocrx_word' id='word_1_109' title='bbox 1093 843 1225 885; x_wconf 91' lang='lat' dir='ltr'>quum</span> <span class='ocrx_word' id='word_1_110' title='bbox 1249 827 1394 869; x_wconf 89' lang='lat' dir='ltr'>Deum</span> <span class='ocrx_word' id='word_1_111' title='bbox 1416 840 1494 881; x_wconf 84' lang='lat' dir='ltr'>pro</span> <span class='ocrx_word' id='word_1_112' title='bbox 1511 825 1637 869; x_wconf 76' lang='lat' dir='ltr'>arbi-</span> 
     </span>
     <span class='ocr_line' id='line_1_13' title="bbox 137 882 1636 943; baseline -0.003 -14"><span class='ocrx_word' id='word_1_113' title='bbox 137 887 223 929; x_wconf 70' lang='lat' dir='ltr'>trio</span> <span class='ocrx_word' id='word_1_114' title='bbox 258 887 455 939; x_wconf 78' lang='lat' dir='ltr'>delectis,</span> <span class='ocrx_word' id='word_1_115' title='bbox 501 888 652 943; x_wconf 71' lang='lat' dir='ltr'>quibus</span> <span class='ocrx_word' id='word_1_116' title='bbox 690 886 793 929; x_wconf 84' lang='lat' dir='ltr'>bene</span> <span class='ocrx_word' id='word_1_117' title='bbox 829 887 1036 940; x_wconf 70' lang='lat' dir='ltr'>cupierit,</span> <span class='ocrx_word' id='word_1_118' title='bbox 1086 885 1338 928; x_wconf 85' lang='lat' dir='ltr'>hominibus</span> <span class='ocrx_word' id='word_1_119' title='bbox 1376 884 1484 926; x_wconf 83' lang='lat' dir='ltr'>dono</span> <span class='ocrx_word' id='word_1_120' title='bbox 1525 882 1636 925; x_wconf 84' lang='lat' dir='ltr'>dare</span> 
     </span>
     <span class='ocr_line' id='line_1_14' title="bbox 137 939 1635 998; baseline -0.003 -13"><span class='ocrx_word' id='word_1_121' title='bbox 137 944 401 986; x_wconf 70' lang='lat' dir='ltr'>messianum</span> <span class='ocrx_word' id='word_1_122' title='bbox 422 943 678 986; x_wconf 72' lang='lat' dir='ltr'>felicitatem</span> <span class='ocrx_word' id='word_1_123' title='bbox 701 945 936 996; x_wconf 81' lang='lat' dir='ltr'>statueris,</span> <span class='ocrx_word' id='word_1_124' title='bbox 975 956 1072 985; x_wconf 84' lang='lat' dir='ltr'>eam</span> <span class='ocrx_word' id='word_1_125' title='bbox 1095 941 1408 998; x_wconf 83' lang='lat' dir='ltr'>consequeriS‚</span> <span class='ocrx_word' id='word_1_126' title='bbox 1436 939 1477 982; x_wconf 86' lang='lat' dir='ltr'>si</span> <span class='ocrx_word' id='word_1_127' title='bbox 1503 939 1635 982; x_wconf 81' lang='lat' dir='ltr'>Deus</span> 
     </span>
     <span class='ocr_line' id='line_1_15' title="bbox 136 996 1638 1057; baseline -0.002 -16"><span class='ocrx_word' id='word_1_128' title='bbox 136 1001 219 1042; x_wconf 80' lang='lat' dir='ltr'>tibi</span> <span class='ocrx_word' id='word_1_129' title='bbox 242 1001 424 1053; x_wconf 77' lang='lat' dir='ltr'>faverit,</span> <span class='ocrx_word' id='word_1_130' title='bbox 451 1001 556 1043; x_wconf 86' lang='lat' dir='ltr'>licet</span> <span class='ocrx_word' id='word_1_131' title='bbox 579 1001 690 1042; x_wconf 83' lang='lat' dir='ltr'>nihil</span> <span class='ocrx_word' id='word_1_132' title='bbox 711 1014 873 1057; x_wconf 85' lang='lat' dir='ltr'>agens,</span> <span class='ocrx_word' id='word_1_133' title='bbox 903 1014 988 1042; x_wconf 90' lang='lat' dir='ltr'>non</span> <span class='ocrx_word' id='word_1_134' title='bbox 1007 998 1297 1056; x_wconf 86' lang='lat' dir='ltr'>adipisceris,</span> <span class='ocrx_word' id='word_1_135' title='bbox 1335 999 1374 1042; x_wconf 88' lang='lat' dir='ltr'>si</span> <span class='ocrx_word' id='word_1_136' title='bbox 1394 997 1479 1039; x_wconf 83' lang='lat' dir='ltr'>tibi</span> <span class='ocrx_word' id='word_1_137' title='bbox 1506 996 1638 1039; x_wconf 82' lang='lat' dir='ltr'>Deus</span> 
     </span>
     <span class='ocr_line' id='line_1_16' title="bbox 140 1058 1636 1116; baseline -0.001 -18"><span class='ocrx_word' id='word_1_138' title='bbox 140 1072 222 1099; x_wconf 86' lang='lat' dir='ltr'>non</span> <span class='ocrx_word' id='word_1_139' title='bbox 266 1058 488 1116; x_wconf 87' lang='lat' dir='ltr'>propitius</span> <span class='ocrx_word' id='word_1_140' title='bbox 525 1058 682 1111; x_wconf 85' lang='lat' dir='ltr'>suerit,</span> <span class='ocrx_word' id='word_1_141' title='bbox 731 1058 931 1114; x_wconf 80' lang='lat' dir='ltr'>quamvis</span> <span class='ocrx_word' id='word_1_142' title='bbox 978 1058 1261 1100; x_wconf 78' lang='lat' dir='ltr'>vehementer</span> <span class='ocrx_word' id='word_1_143' title='bbox 1304 1069 1399 1097; x_wconf 86' lang='lat' dir='ltr'>eam</span> <span class='ocrx_word' id='word_1_144' title='bbox 1446 1059 1636 1112; x_wconf 80' lang='lat' dir='ltr'>expetas</span> 
     </span>
     <span class='ocr_line' id='line_1_17' title="bbox 139 1113 1637 1172; baseline -0.001 -17"><span class='ocrx_word' id='word_1_145' title='bbox 139 1130 384 1172; x_wconf 78' lang='lat' dir='ltr'>magnoque</span> <span class='ocrx_word' id='word_1_146' title='bbox 420 1116 599 1157; x_wconf 76' lang='lat' dir='ltr'>virtutis</span> <span class='ocrx_word' id='word_1_147' title='bbox 625 1114 773 1157; x_wconf 89' lang='lat' dir='ltr'>studio</span> <span class='ocrx_word' id='word_1_148' title='bbox 794 1114 849 1156; x_wconf 87' lang='lat' dir='ltr'>ad</span> <span class='ocrx_word' id='word_1_149' title='bbox 876 1128 969 1156; x_wconf 89' lang='lat' dir='ltr'>eam</span> <span class='ocrx_word' id='word_1_150' title='bbox 990 1113 1246 1158; x_wconf 86' lang='lat' dir='ltr'>contendas.</span> <span class='ocrx_word' id='word_1_151' title='bbox 1307 1113 1478 1156; x_wconf 60' lang='lat' dir='ltr'>Contra.</span> <span class='ocrx_word' id='word_1_152' title='bbox 1501 1125 1637 1168; x_wconf 88' lang='lat' dir='ltr'>quum</span> 
     </span>
     <span class='ocr_line' id='line_1_18' title="bbox 136 1167 1638 1229; baseline -0.001 -17"><span class='ocrx_word' id='word_1_153' title='bbox 136 1171 192 1212; x_wconf 84' lang='lat' dir='ltr'>ab</span> <span class='ocrx_word' id='word_1_154' title='bbox 219 1173 308 1214; x_wconf 81' lang='lat' dir='ltr'>alio</span> <span class='ocrx_word' id='word_1_155' title='bbox 337 1172 554 1229; x_wconf 81' lang='lat' dir='ltr'>principio</span> <span class='ocrx_word' id='word_1_156' title='bbox 585 1187 716 1215; x_wconf 88' lang='lat' dir='ltr'>orsus</span> <span class='ocrx_word' id='word_1_157' title='bbox 746 1171 890 1215; x_wconf 90' lang='lat' dir='ltr'>Deum</span> <span class='ocrx_word' id='word_1_158' title='bbox 918 1185 996 1226; x_wconf 84' lang='lat' dir='ltr'>pro</span> <span class='ocrx_word' id='word_1_159' title='bbox 1027 1172 1264 1214; x_wconf 74' lang='lat' dir='ltr'>sanctitate</span> <span class='ocrx_word' id='word_1_160' title='bbox 1291 1174 1373 1212; x_wconf 71' lang='lat' dir='ltr'>sm?</span> <span class='ocrx_word' id='word_1_161' title='bbox 1408 1169 1524 1212; x_wconf 85' lang='lat' dir='ltr'>hanc</span> <span class='ocrx_word' id='word_1_162' title='bbox 1547 1167 1638 1210; x_wconf 85' lang='lat' dir='ltr'>sihi</span> 
     </span>
     <span class='ocr_line' id='line_1_19' title="bbox 137 1225 1639 1286; baseline -0.003 -15"><span class='ocrx_word' id='word_1_163' title='bbox 137 1229 279 1284; x_wconf 83' lang='lat' dir='ltr'>legem</span> <span class='ocrx_word' id='word_1_164' title='bbox 318 1229 554 1286; x_wconf 78' lang='lat' dir='ltr'>scripsisse</span> <span class='ocrx_word' id='word_1_165' title='bbox 599 1230 836 1282; x_wconf 87' lang='lat' dir='ltr'>sumseris,</span> <span class='ocrx_word' id='word_1_166' title='bbox 883 1235 932 1270; x_wconf 84' lang='lat' dir='ltr'>ut</span> <span class='ocrx_word' id='word_1_167' title='bbox 972 1242 1140 1270; x_wconf 86' lang='lat' dir='ltr'>summo</span> <span class='ocrx_word' id='word_1_168' title='bbox 1180 1232 1437 1270; x_wconf 82' lang='lat' dir='ltr'>ornamento</span> <span class='ocrx_word' id='word_1_169' title='bbox 1471 1225 1639 1282; x_wconf 85' lang='lat' dir='ltr'>dignis,</span> 
     </span>
     <span class='ocr_line' id='line_1_20' title="bbox 139 1284 1636 1344; baseline -0.003 -16"><span class='ocrx_word' id='word_1_170' title='bbox 139 1285 182 1328; x_wconf 87' lang='lat' dir='ltr'>h.</span> <span class='ocrx_word' id='word_1_171' title='bbox 207 1301 245 1328; x_wconf 88' lang='lat' dir='ltr'>e.</span> <span class='ocrx_word' id='word_1_172' title='bbox 278 1285 363 1327; x_wconf 84' lang='lat' dir='ltr'>fide</span> <span class='ocrx_word' id='word_1_173' title='bbox 391 1292 434 1327; x_wconf 91' lang='lat' dir='ltr'>et</span> <span class='ocrx_word' id='word_1_174' title='bbox 462 1287 627 1343; x_wconf 80' lang='lat' dir='ltr'>pietate</span> <span class='ocrx_word' id='word_1_175' title='bbox 659 1287 937 1344; x_wconf 84' lang='lat' dir='ltr'>conspicuis,</span> <span class='ocrx_word' id='word_1_176' title='bbox 977 1286 1230 1328; x_wconf 89' lang='lat' dir='ltr'>hominibus</span> <span class='ocrx_word' id='word_1_177' title='bbox 1257 1284 1522 1326; x_wconf 68' lang='lat' dir='ltr'>felicitatum</span> <span class='ocrx_word' id='word_1_178' title='bbox 1555 1296 1636 1340; x_wconf 87' lang='lat' dir='ltr'>per</span> 
     </span>
     <span class='ocr_line' id='line_1_21' title="bbox 139 1340 1637 1400; baseline -0.002 -15"><span class='ocrx_word' id='word_1_179' title='bbox 139 1342 365 1386; x_wconf 81' lang='lat' dir='ltr'>Christum</span> <span class='ocrx_word' id='word_1_180' title='bbox 396 1351 567 1400; x_wconf 82' lang='lat' dir='ltr'>partam</span> <span class='ocrx_word' id='word_1_181' title='bbox 601 1344 794 1396; x_wconf 81' lang='lat' dir='ltr'>tribuat,</span> <span class='ocrx_word' id='word_1_182' title='bbox 832 1342 960 1387; x_wconf 66' lang='lat' dir='ltr'>,nulla</span> <span class='ocrx_word' id='word_1_183' title='bbox 988 1357 1035 1384; x_wconf 87' lang='lat' dir='ltr'>re</span> <span class='ocrx_word' id='word_1_184' title='bbox 1066 1343 1156 1384; x_wconf 85' lang='lat' dir='ltr'>nisi</span> <span class='ocrx_word' id='word_1_185' title='bbox 1184 1340 1271 1385; x_wconf 88' lang='lat' dir='ltr'>fide</span> <span class='ocrx_word' id='word_1_186' title='bbox 1302 1345 1347 1384; x_wconf 90' lang='lat' dir='ltr'>et</span> <span class='ocrx_word' id='word_1_187' title='bbox 1377 1341 1549 1399; x_wconf 71' lang='lat' dir='ltr'>pietate</span> <span class='ocrx_word' id='word_1_188' title='bbox 1581 1353 1637 1382; x_wconf 79' lang='lat' dir='ltr'>ea</span> 
     </span>
     <span class='ocr_line' id='line_1_22' title="bbox 138 1397 1638 1458; baseline -0.002 -17"><span class='ocrx_word' id='word_1_189' title='bbox 138 1408 420 1458; x_wconf 83' lang='lat' dir='ltr'>comparatur</span> <span class='ocrx_word' id='word_1_190' title='bbox 442 1401 705 1457; x_wconf 81' lang='lat' dir='ltr'>minimeque</span> <span class='ocrx_word' id='word_1_191' title='bbox 726 1401 872 1443; x_wconf 89' lang='lat' dir='ltr'>inanis</span> <span class='ocrx_word' id='word_1_192' title='bbox 891 1405 960 1441; x_wconf 85' lang='lat' dir='ltr'>est</span> <span class='ocrx_word' id='word_1_193' title='bbox 981 1405 1133 1441; x_wconf 81' lang='lat' dir='ltr'>nostra</span> <span class='ocrx_word' id='word_1_194' title='bbox 1153 1398 1392 1442; x_wconf 75' lang='lat' dir='ltr'>eontentio.</span> <span class='ocrx_word' id='word_1_195' title='bbox 1454 1397 1535 1441; x_wconf 83' lang='lat' dir='ltr'>Ab</span> <span class='ocrx_word' id='word_1_196' title='bbox 1553 1397 1638 1439; x_wconf 83' lang='lat' dir='ltr'>hoc</span> 
     </span>
     <span class='ocr_line' id='line_1_23' title="bbox 137 1455 1637 1516; baseline -0.002 -18"><span class='ocrx_word' id='word_1_197' title='bbox 137 1458 356 1516; x_wconf 86' lang='lat' dir='ltr'>principio</span> <span class='ocrx_word' id='word_1_198' title='bbox 386 1456 438 1502; x_wconf 91' lang='grc' dir='ltr'>Ρ.</span> <span class='ocrx_word' id='word_1_199' title='bbox 457 1459 499 1507; x_wconf 81' lang='lat'>9,</span> <span class='ocrx_word' id='word_1_200' title='bbox 527 1460 599 1502; x_wconf 69' lang='grc'>30.</span> <span class='ocrx_word' id='word_1_201' title='bbox 622 1473 690 1513; x_wconf 83' lang='lat' dir='ltr'>sq.</span> <span class='ocrx_word' id='word_1_202' title='bbox 722 1459 747 1499; x_wconf 95' lang='lat' dir='ltr'>l</span> <span class='ocrx_word' id='word_1_203' title='bbox 769 1458 874 1501; x_wconf 86' lang='lat' dir='ltr'>Cor.</span> <span class='ocrx_word' id='word_1_204' title='bbox 894 1458 938 1510; x_wconf 88' lang='lat'>9,</span> <span class='ocrx_word' id='word_1_205' title='bbox 954 1456 1028 1500; x_wconf 72' lang='lat'>24.</span> <span class='ocrx_word' id='word_1_206' title='bbox 1053 1471 1146 1513; x_wconf 63' lang='lat' dir='ltr'>sq„</span> <span class='ocrx_word' id='word_1_207' title='bbox 1185 1456 1240 1497; x_wconf 88' lang='lat' dir='ltr'>ab</span> <span class='ocrx_word' id='word_1_208' title='bbox 1269 1456 1347 1497; x_wconf 83' lang='lat' dir='ltr'>illo</span> <span class='ocrx_word' id='word_1_209' title='bbox 1379 1456 1422 1498; x_wconf 84' lang='lat' dir='ltr'>h.</span> <span class='ocrx_word' id='word_1_210' title='bbox 1456 1455 1492 1497; x_wconf 87' lang='lat'>1.</span> <span class='ocrx_word' id='word_1_211' title='bbox 1532 1467 1637 1511; x_wconf 86' lang='lat' dir='ltr'>pro-</span> 
     </span>
     <span class='ocr_line' id='line_1_24' title="bbox 137 1511 1637 1569; baseline -0.001 -14"><span class='ocrx_word' id='word_1_212' title='bbox 137 1516 279 1556; x_wconf 79' lang='lat' dir='ltr'>fectus</span> <span class='ocrx_word' id='word_1_213' title='bbox 311 1519 395 1558; x_wconf 86' lang='lat' dir='ltr'>est.</span> <span class='ocrx_word' id='word_1_214' title='bbox 471 1514 662 1556; x_wconf 82' lang='lat' dir='ltr'>Temere</span> <span class='ocrx_word' id='word_1_215' title='bbox 693 1515 834 1569; x_wconf 84' lang='lat' dir='ltr'>igitur</span> <span class='ocrx_word' id='word_1_216' title='bbox 862 1512 1051 1557; x_wconf 85' lang='lat' dir='ltr'>Paulum</span> <span class='ocrx_word' id='word_1_217' title='bbox 1083 1527 1241 1555; x_wconf 71' lang='lat' dir='ltr'>vanum</span> <span class='ocrx_word' id='word_1_218' title='bbox 1273 1526 1372 1554; x_wconf 87' lang='lat' dir='ltr'>esse</span> <span class='ocrx_word' id='word_1_219' title='bbox 1405 1511 1637 1554; x_wconf 83' lang='lat' dir='ltr'>hominum</span> 
     </span>
     <span class='ocr_line' id='line_1_25' title="bbox 137 1567 1637 1625; baseline 0.001 -14"><span class='ocrx_word' id='word_1_220' title='bbox 137 1570 331 1613; x_wconf 86' lang='lat' dir='ltr'>studium</span> <span class='ocrx_word' id='word_1_221' title='bbox 363 1572 406 1614; x_wconf 90' lang='lat' dir='ltr'>h.</span> <span class='ocrx_word' id='word_1_222' title='bbox 434 1572 465 1614; x_wconf 88' lang='lat' dir='ltr'>l.</span> <span class='ocrx_word' id='word_1_223' title='bbox 498 1572 667 1612; x_wconf 79' lang='lat' dir='ltr'>dixisse</span> <span class='ocrx_word' id='word_1_224' title='bbox 696 1586 747 1613; x_wconf 92' lang='lat' dir='ltr'>eo</span> <span class='ocrx_word' id='word_1_225' title='bbox 778 1585 938 1624; x_wconf 82' lang='lat' dir='ltr'>neges,</span> <span class='ocrx_word' id='word_1_226' title='bbox 988 1570 1104 1625; x_wconf 84' lang='lat' dir='ltr'>quod</span> <span class='ocrx_word' id='word_1_227' title='bbox 1142 1569 1412 1611; x_wconf 87' lang='lat' dir='ltr'>contrarium</span> <span class='ocrx_word' id='word_1_228' title='bbox 1449 1567 1564 1611; x_wconf 83' lang='lat' dir='ltr'>infra</span> <span class='ocrx_word' id='word_1_229' title='bbox 1592 1581 1637 1612; x_wconf 80' lang='lat' dir='ltr'>V.</span> 
     </span>
     <span class='ocr_line' id='line_1_26' title="bbox 136 1625 1637 1685; baseline -0.002 -16"><span class='ocrx_word' id='word_1_230' title='bbox 136 1629 209 1671; x_wconf 80' lang='grc'>30.</span> <span class='ocrx_word' id='word_1_231' title='bbox 232 1643 299 1685; x_wconf 85' lang='lat' dir='ltr'>sq.</span> <span class='ocrx_word' id='word_1_232' title='bbox 325 1632 343 1669; x_wconf 90' lang='lat'>1</span> <span class='ocrx_word' id='word_1_233' title='bbox 369 1627 471 1672; x_wconf 84' lang='lat' dir='ltr'>Cor.</span> <span class='ocrx_word' id='word_1_234' title='bbox 490 1630 531 1681; x_wconf 86' lang='lat'>9,</span> <span class='ocrx_word' id='word_1_235' title='bbox 554 1628 627 1672; x_wconf 78' lang='lat'>24.</span> <span class='ocrx_word' id='word_1_236' title='bbox 652 1642 722 1683; x_wconf 81' lang='lat' dir='ltr'>sq.</span> <span class='ocrx_word' id='word_1_237' title='bbox 753 1628 1048 1670; x_wconf 83' lang='lat' dir='ltr'>contenderit.</span> <span class='ocrx_word' id='word_1_238' title='bbox 1117 1625 1246 1668; x_wconf 87' lang='lat' dir='ltr'>Licet</span> <span class='ocrx_word' id='word_1_239' title='bbox 1277 1626 1391 1667; x_wconf 87' lang='lat' dir='ltr'>enim</span> <span class='ocrx_word' id='word_1_240' title='bbox 1419 1625 1637 1682; x_wconf 86' lang='lat' dir='ltr'>scriptori</span> 
     </span>
     <span class='ocr_line' id='line_1_27' title="bbox 136 1682 1637 1741; baseline -0.002 -16"><span class='ocrx_word' id='word_1_241' title='bbox 136 1685 252 1725; x_wconf 86' lang='lat' dir='ltr'>alias</span> <span class='ocrx_word' id='word_1_242' title='bbox 291 1684 347 1726; x_wconf 87' lang='lat' dir='ltr'>ad</span> <span class='ocrx_word' id='word_1_243' title='bbox 387 1686 517 1727; x_wconf 80' lang='lat' dir='ltr'>aliam</span> <span class='ocrx_word' id='word_1_244' title='bbox 552 1685 841 1741; x_wconf 78' lang='lat' dir='ltr'>principalem</span> <span class='ocrx_word' id='word_1_245' title='bbox 884 1684 1148 1726; x_wconf 86' lang='lat' dir='ltr'>sententiam</span> <span class='ocrx_word' id='word_1_246' title='bbox 1180 1682 1529 1740; x_wconf 87' lang='lat' dir='ltr'>disputationem</span> <span class='ocrx_word' id='word_1_247' title='bbox 1564 1695 1637 1722; x_wconf 87' lang='lat' dir='ltr'>ac·-</span> 
     </span>
     <span class='ocr_line' id='line_1_28' title="bbox 137 1737 1636 1798; baseline 0.002 -18"><span class='ocrx_word' id='word_1_248' title='bbox 137 1740 412 1782; x_wconf 85' lang='lat' dir='ltr'>commodare</span> <span class='ocrx_word' id='word_1_249' title='bbox 434 1748 478 1783; x_wconf 87' lang='lat' dir='ltr'>et</span> <span class='ocrx_word' id='word_1_250' title='bbox 500 1741 721 1798; x_wconf 84' lang='lat' dir='ltr'>deponere</span> <span class='ocrx_word' id='word_1_251' title='bbox 745 1741 1026 1793; x_wconf 81' lang='lat' dir='ltr'>sententiam,</span> <span class='ocrx_word' id='word_1_252' title='bbox 1058 1755 1187 1796; x_wconf 85' lang='lat' dir='ltr'>quam</span> <span class='ocrx_word' id='word_1_253' title='bbox 1210 1745 1337 1782; x_wconf 82' lang='lat' dir='ltr'>antea</span> <span class='ocrx_word' id='word_1_254' title='bbox 1366 1737 1636 1783; x_wconf 79' lang='lat' dir='ltr'>defenderit.</span> 
     </span>
     <span class='ocr_line' id='line_1_29' title="bbox 139 1797 1635 1856; baseline -0.001 -18"><span class='ocrx_word' id='word_1_255' title='bbox 139 1798 332 1854; x_wconf 84' lang='lat' dir='ltr'>Operam</span> <span class='ocrx_word' id='word_1_256' title='bbox 344 1802 389 1838; x_wconf 88' lang='lat' dir='ltr'>et</span> <span class='ocrx_word' id='word_1_257' title='bbox 407 1800 550 1839; x_wconf 86' lang='lat' dir='ltr'>oleum</span> <span class='ocrx_word' id='word_1_258' title='bbox 573 1797 876 1856; x_wconf 70' lang='lat' dir='ltr'>perdiderunt,</span> <span class='ocrx_word' id='word_1_259' title='bbox 908 1798 984 1853; x_wconf 89' lang='lat' dir='ltr'>qui</span> <span class='ocrx_word' id='word_1_260' title='bbox 996 1812 1107 1853; x_wconf 84' lang='lat' dir='ltr'>quac</span> <span class='ocrx_word' id='word_1_261' title='bbox 1127 1802 1376 1853; x_wconf 74' lang='lat' dir='ltr'>repugnant</span> <span class='ocrx_word' id='word_1_262' title='bbox 1389 1809 1635 1850; x_wconf 79' lang='lat' dir='ltr'>congruere</span> 
     </span>
     <span class='ocr_line' id='line_1_30' title="bbox 140 1852 1636 1897; baseline -0.001 -3"><span class='ocrx_word' id='word_1_263' title='bbox 140 1855 257 1895; x_wconf 86' lang='lat' dir='ltr'>inter</span> <span class='ocrx_word' id='word_1_264' title='bbox 294 1869 341 1895; x_wconf 88' lang='lat' dir='ltr'>se</span> <span class='ocrx_word' id='word_1_265' title='bbox 370 1854 674 1897; x_wconf 81' lang='lat' dir='ltr'>demonstrare</span> <span class='ocrx_word' id='word_1_266' title='bbox 705 1855 852 1896; x_wconf 84' lang='lat' dir='ltr'>conati</span> <span class='ocrx_word' id='word_1_267' title='bbox 879 1860 997 1897; x_wconf 87' lang='lat' dir='ltr'>sunt.</span> <span class='ocrx_word' id='word_1_268' title='bbox 1065 1853 1139 1896; x_wconf 90' lang='lat' dir='ltr'>Sic</span> <span class='ocrx_word' id='word_1_269' title='bbox 1170 1853 1269 1896; x_wconf 70' lang='lat' dir='ltr'>le.</span> <span class='ocrx_word' id='word_1_270' title='bbox 1291 1852 1518 1894; x_wconf 87' lang='lat' dir='ltr'>hominum</span> <span class='ocrx_word' id='word_1_271' title='bbox 1540 1858 1636 1894; x_wconf 89' lang='lat' dir='ltr'>stu-</span> 
     </span>
     <span class='ocr_line' id='line_1_31' title="bbox 140 1908 1633 1966; baseline -0.001 -15"><span class='ocrx_word' id='word_1_272' title='bbox 140 1910 259 1952; x_wconf 89' lang='lat' dir='ltr'>dium</span> <span class='ocrx_word' id='word_1_273' title='bbox 289 1912 587 1953; x_wconf 86' lang='lat' dir='ltr'>uecessarium</span> <span class='ocrx_word' id='word_1_274' title='bbox 619 1910 791 1966; x_wconf 80' lang='lat' dir='ltr'>quidem</span> <span class='ocrx_word' id='word_1_275' title='bbox 826 1925 925 1952; x_wconf 85' lang='lat' dir='ltr'>esse</span> <span class='ocrx_word' id='word_1_276' title='bbox 957 1912 1018 1966; x_wconf 86' lang='lat'>(9,</span> <span class='ocrx_word' id='word_1_277' title='bbox 1042 1912 1114 1954; x_wconf 82' lang='grc'>30.</span> <span class='ocrx_word' id='word_1_278' title='bbox 1134 1914 1248 1966; x_wconf 86' lang='lat' dir='ltr'>sq.),</span> <span class='ocrx_word' id='word_1_279' title='bbox 1296 1908 1374 1950; x_wconf 88' lang='lat' dir='ltr'>sed</span> <span class='ocrx_word' id='word_1_280' title='bbox 1405 1923 1633 1965; x_wconf 75' lang='lat' dir='ltr'>nunquam</span> 
     </span>
     <span class='ocr_line' id='line_1_32' title="bbox 141 1965 1635 2022; baseline -0.001 -14"><span class='ocrx_word' id='word_1_281' title='bbox 141 1982 225 2010; x_wconf 92' lang='lat' dir='ltr'>non</span> <span class='ocrx_word' id='word_1_282' title='bbox 264 1983 288 2009; x_wconf 91' lang='lat' dir='ltr'>a</span> <span class='ocrx_word' id='word_1_283' title='bbox 323 1968 419 2010; x_wconf 86' lang='lat' dir='ltr'>Deo</span> <span class='ocrx_word' id='word_1_284' title='bbox 458 1967 592 2020; x_wconf 80' lang='lat' dir='ltr'>dirigi</span> <span class='ocrx_word' id='word_1_285' title='bbox 620 1969 682 2019; x_wconf 80' lang='lat'>(9,</span> <span class='ocrx_word' id='word_1_286' title='bbox 707 1968 799 2021; x_wconf 78' lang='lat'><strong>16.)</strong></span> <span class='ocrx_word' id='word_1_287' title='bbox 836 1965 1023 2009; x_wconf 89' lang='lat' dir='ltr'>Paulum</span> <span class='ocrx_word' id='word_1_288' title='bbox 1059 1966 1216 2009; x_wconf 88' lang='lat' dir='ltr'>docere</span> <span class='ocrx_word' id='word_1_289' title='bbox 1244 1965 1473 2022; x_wconf 85' lang='lat' dir='ltr'>perhibuit</span> <span class='ocrx_word' id='word_1_290' title='bbox 1498 1966 1635 2008; x_wconf 85' lang='lat' dir='ltr'>citato</span> 
     </span>
     <span class='ocr_line' id='line_1_33' title="bbox 142 2019 1633 2082; baseline -0.001 -16"><span class='ocrx_word' id='word_1_291' title='bbox 142 2025 506 2082; x_wconf 73' lang='lat' dir='ltr'>Theophylacto:</span> <span class='ocrx_word' id='word_1_292' title='bbox 547 2026 687 2065; x_wconf 65' lang='grc' dir='ltr'><em>Δοκεῖ</em></span> <span class='ocrx_word' id='word_1_293' title='bbox 714 2024 762 2065; x_wconf 75' lang='grc' dir='ltr'>δὲ</span> <span class='ocrx_word' id='word_1_294' title='bbox 794 2020 990 2065; x_wconf 68' lang='grc' dir='ltr'><em>ἐνταῦθα</em></span> <span class='ocrx_word' id='word_1_295' title='bbox 1032 2023 1084 2065; x_wconf 82' lang='grc' dir='ltr'>τὸ</span> <span class='ocrx_word' id='word_1_296' title='bbox 1119 2021 1406 2070; x_wconf 78' lang='grc' dir='ltr'><em>αὐτεξούσιον</em></span> <span class='ocrx_word' id='word_1_297' title='bbox 1433 2019 1633 2077; x_wconf 62' lang='grc' dir='ltr'><em>ἀναιρεῖν</em></span> 
     </span>
     <span class='ocr_line' id='line_1_34' title="bbox 141 2076 1632 2136; baseline -0.002 -13"><span class='ocrx_word' id='word_1_298' title='bbox 141 2079 165 2123; x_wconf 77' lang='grc' dir='ltr'>ὁ</span> <span class='ocrx_word' id='word_1_299' title='bbox 185 2079 457 2130; x_wconf 74' lang='grc' dir='ltr'><em>ἀπόστολος,</em></span> <span class='ocrx_word' id='word_1_300' title='bbox 488 2079 566 2123; x_wconf 65' lang='grc' dir='ltr'>οὐκ</span> <span class='ocrx_word' id='word_1_301' title='bbox 592 2079 686 2122; x_wconf 74' lang='grc' dir='ltr'><em>ἐστι</em></span> <span class='ocrx_word' id='word_1_302' title='bbox 710 2080 759 2122; x_wconf 75' lang='grc' dir='ltr'>δέ</span> <span class='ocrx_word' id='word_1_303' title='bbox 778 2077 882 2121; x_wconf 72' lang='grc' dir='ltr'><em>’ἀλλ’</em></span> <span class='ocrx_word' id='word_1_304' title='bbox 907 2077 1054 2134; x_wconf 69' lang='grc' dir='ltr'><em>ὥςπερ</em></span> <span class='ocrx_word' id='word_1_305' title='bbox 1075 2078 1152 2122; x_wconf 76' lang='grc' dir='ltr'>ἐπὶ</span> <span class='ocrx_word' id='word_1_306' title='bbox 1170 2078 1248 2136; x_wconf 74' lang='grc' dir='ltr'>τῆς</span> <span class='ocrx_word' id='word_1_307' title='bbox 1268 2076 1414 2128; x_wconf 80' lang='grc' dir='ltr'><strong><em>οἰκίας</em></strong></span> <span class='ocrx_word' id='word_1_308' title='bbox 1433 2077 1632 2133; x_wconf 70' lang='grc' dir='ltr'><em>λέγομεν,</em></span> 
     </span>
     <span class='ocr_line' id='line_1_35' title="bbox 142 2134 1633 2189; baseline 0 -11"><span class='ocrx_word' id='word_1_309' title='bbox 142 2139 214 2180; x_wconf 72' lang='grc' dir='ltr'>ὅτι</span> <span class='ocrx_word' id='word_1_310' title='bbox 243 2137 305 2181; x_wconf 86' lang='grc' dir='ltr'>τὸ</span> <span class='ocrx_word' id='word_1_311' title='bbox 337 2137 444 2180; x_wconf 75' lang='grc' dir='ltr'>πᾶν</span> <span class='ocrx_word' id='word_1_312' title='bbox 474 2140 571 2179; x_wconf 81' lang='grc' dir='ltr'>τοῦ</span> <span class='ocrx_word' id='word_1_313' title='bbox 602 2136 858 2189; x_wconf 76' lang='grc' dir='ltr'><em>τεχνίτου</em></span> <span class='ocrx_word' id='word_1_314' title='bbox 900 2135 1041 2184; x_wconf 75' lang='grc' dir='ltr'><em>ἐστι’,</em></span> <span class='ocrx_word' id='word_1_315' title='bbox 1091 2134 1277 2178; x_wconf 79' lang='grc' dir='ltr'><em>καίτοι</em></span> <span class='ocrx_word' id='word_1_316' title='bbox 1319 2137 1507 2177; x_wconf 78' lang='grc' dir='ltr'><em>δεῖται</em></span> <span class='ocrx_word' id='word_1_317' title='bbox 1537 2136 1633 2178; x_wconf 79' lang='grc' dir='ltr'>καὶ</span> 
     </span>
     <span class='ocr_line' id='line_1_36' title="bbox 141 2188 1634 2251; baseline -0.003 -13"><span class='ocrx_word' id='word_1_318' title='bbox 141 2192 276 2251; x_wconf 71' lang='grc' dir='ltr'>ὕλης</span> <span class='ocrx_word' id='word_1_319' title='bbox 306 2196 526 2237; x_wconf 76' lang='grc' dir='ltr'><em>καὶτῶν</em></span> <span class='ocrx_word' id='word_1_320' title='bbox 557 2189 1016 2249; x_wconf 72' lang='grc' dir='ltr'><em>συνεργησάντων</em></span> <span class='ocrx_word' id='word_1_321' title='bbox 1048 2191 1206 2247; x_wconf 62' lang='lat' dir='ltr'>afficis),</span> <span class='ocrx_word' id='word_1_322' title='bbox 1239 2188 1331 2233; x_wconf 78' lang='grc' dir='ltr'>ἀλλ’</span> <span class='ocrx_word' id='word_1_323' title='bbox 1364 2189 1488 2245; x_wconf 73' lang='grc' dir='ltr'>ὅμως</span> <span class='ocrx_word' id='word_1_324' title='bbox 1509 2190 1634 2234; x_wconf 79' lang='grc' dir='ltr'><em>ἒπει-</em></span> 
     </span>
     <span class='ocr_line' id='line_1_37' title="bbox 144 2246 1631 2306; baseline -0.003 -12"><span class='ocrx_word' id='word_1_325' title='bbox 144 2250 195 2306; x_wconf 74' lang='grc' dir='ltr'>δι)</span> <span class='ocrx_word' id='word_1_326' title='bbox 228 2251 279 2294; x_wconf 85' lang='grc' dir='ltr'>τὸ</span> <span class='ocrx_word' id='word_1_327' title='bbox 311 2251 438 2300; x_wconf 76' lang='grc' dir='ltr'><em>τέλος</em></span> <span class='ocrx_word' id='word_1_328' title='bbox 470 2249 641 2294; x_wconf 78' lang='grc' dir='ltr'><em>ἐκείνου</em></span> <span class='ocrx_word' id='word_1_329' title='bbox 674 2249 769 2292; x_wconf 73' lang='grc' dir='ltr'><em>ἐστὶ</em></span> <span class='ocrx_word' id='word_1_330' title='bbox 799 2250 981 2304; x_wconf 71' lang='grc' dir='ltr'><em>λέγομεν</em></span> <span class='ocrx_word' id='word_1_331' title='bbox 1011 2246 1081 2291; x_wconf 71' lang='grc' dir='ltr'>ὅτι</span> <span class='ocrx_word' id='word_1_332' title='bbox 1112 2249 1162 2290; x_wconf 79' lang='grc' dir='ltr'>τὸ</span> <span class='ocrx_word' id='word_1_333' title='bbox 1191 2249 1280 2304; x_wconf 71' lang='grc' dir='ltr'>πᾶν</span> <span class='ocrx_word' id='word_1_334' title='bbox 1309 2247 1480 2290; x_wconf 78' lang='grc' dir='ltr'><em>ἐκείνου</em></span> <span class='ocrx_word' id='word_1_335' title='bbox 1497 2247 1631 2298; x_wconf 77' lang='grc' dir='ltr'><em>ἐστίν,</em></span> 
     </span>
     <span class='ocr_line' id='line_1_38' title="bbox 143 2303 1633 2362; baseline -0.003 -12"><span class='ocrx_word' id='word_1_336' title='bbox 143 2307 259 2350; x_wconf 63' lang='grc' dir='ltr'><em>οὕτω</em></span> <span class='ocrx_word' id='word_1_337' title='bbox 299 2310 373 2351; x_wconf 84' lang='grc' dir='ltr'>καὶ</span> <span class='ocrx_word' id='word_1_338' title='bbox 415 2306 491 2349; x_wconf 64' lang='grc' dir='ltr'>ἐπὶ</span> <span class='ocrx_word' id='word_1_339' title='bbox 532 2310 613 2350; x_wconf 75' lang='grc' dir='ltr'>τοῦ</span> <span class='ocrx_word' id='word_1_340' title='bbox 644 2307 758 2348; x_wconf 74' lang='grc' dir='ltr'><em>θεοῦ</em></span> <span class='ocrx_word' id='word_1_341' title='bbox 786 2306 968 2362; x_wconf 74' lang='grc' dir='ltr'><em>λέγομεν</em></span> <span class='ocrx_word' id='word_1_342' title='bbox 1001 2306 1090 2348; x_wconf 81' lang='grc' dir='ltr'>ὅτι</span> <span class='ocrx_word' id='word_1_343' title='bbox 1133 2304 1193 2347; x_wconf 80' lang='grc' dir='ltr'>τὸ</span> <span class='ocrx_word' id='word_1_344' title='bbox 1227 2303 1330 2347; x_wconf 76' lang='grc' dir='ltr'>πᾶν</span> <span class='ocrx_word' id='word_1_345' title='bbox 1360 2306 1459 2347; x_wconf 77' lang='grc' dir='ltr'>τοῦ</span> <span class='ocrx_word' id='word_1_346' title='bbox 1488 2305 1633 2347; x_wconf 71' lang='grc' dir='ltr'><em>θεοῦ</em></span> 
     </span>
     <span class='ocr_line' id='line_1_39' title="bbox 144 2359 1631 2419; baseline -0.003 -12"><span class='ocrx_word' id='word_1_347' title='bbox 144 2364 290 2418; x_wconf 79' lang='grc' dir='ltr'><em>ἐστι,</em></span> <span class='ocrx_word' id='word_1_348' title='bbox 328 2364 517 2406; x_wconf 79' lang='grc' dir='ltr'><em>καίτοι</em></span> <span class='ocrx_word' id='word_1_349' title='bbox 558 2365 656 2418; x_wconf 71' lang='grc' dir='ltr'>τῆς</span> <span class='ocrx_word' id='word_1_350' title='bbox 695 2359 968 2419; x_wconf 65' lang='grc' dir='ltr'><em>ἡμετέρας</em></span> <span class='ocrx_word' id='word_1_351' title='bbox 1008 2361 1341 2417; x_wconf 62' lang='grc' dir='ltr'><em>προθυμίας</em></span> <span class='ocrx_word' id='word_1_352' title='bbox 1378 2363 1567 2404; x_wconf 74' lang='grc' dir='ltr'><em>δεῖται</em></span> <span class='ocrx_word' id='word_1_353' title='bbox 1607 2367 1631 2403; x_wconf 86' lang='lat' dir='ltr'>o&#39;</span> 
     </span>
     <span class='ocr_line' id='line_1_40' title="bbox 115 2417 1631 2477; baseline -0.003 -14"><span class='ocrx_word' id='word_1_354' title='bbox 115 2455 119 2459; x_wconf 92' lang='lat'><strong>.</strong></span> <span class='ocrx_word' id='word_1_355' title='bbox 143 2423 303 2471; x_wconf 68' lang='grc' dir='ltr'><em>θεός,</em></span> <span class='ocrx_word' id='word_1_356' title='bbox 335 2418 428 2463; x_wconf 76' lang='grc' dir='ltr'>ἀλλ’</span> <span class='ocrx_word' id='word_1_357' title='bbox 461 2418 618 2477; x_wconf 52' lang='lat' dir='ltr'>tremor}</span> <span class='ocrx_word' id='word_1_358' title='bbox 654 2420 818 2468; x_wconf 78' lang='grc' dir='ltr'><em>ἐκεῖνος</em></span> <span class='ocrx_word' id='word_1_359' title='bbox 844 2419 1008 2461; x_wconf 53' lang='lat' dir='ltr'>zelemi</span> <span class='ocrx_word' id='word_1_360' title='bbox 1034 2420 1107 2460; x_wconf 76' lang='grc' dir='ltr'>καὶ</span> <span class='ocrx_word' id='word_1_361' title='bbox 1128 2417 1293 2467; x_wconf 75' lang='grc' dir='ltr'><em>ἐκεῖνος</em></span> <span class='ocrx_word' id='word_1_362' title='bbox 1319 2420 1535 2473; x_wconf 79' lang='grc' dir='ltr'><em>στεφανοῖ</em></span> <span class='ocrx_word' id='word_1_363' title='bbox 1555 2418 1631 2459; x_wconf 78' lang='grc' dir='ltr'>καὶ</span> 
     </span>
     <span class='ocr_line' id='line_1_41' title="bbox 145 2473 1631 2532; baseline -0.003 -12"><span class='ocrx_word' id='word_1_364' title='bbox 145 2475 310 2528; x_wconf 71' lang='grc' dir='ltr'><em>ἐκεῖνος</em></span> <span class='ocrx_word' id='word_1_365' title='bbox 331 2476 579 2532; x_wconf 74' lang='grc' dir='ltr'><em>κατακρίνει</em></span> <span class='ocrx_word' id='word_1_366' title='bbox 598 2509 607 2526; x_wconf 89' lang='grc'>,</span> <span class='ocrx_word' id='word_1_367' title='bbox 648 2475 830 2531; x_wconf 67' lang='grc' dir='ltr'><em>λέγομεν</em></span> <span class='ocrx_word' id='word_1_368' title='bbox 849 2473 918 2516; x_wconf 63' lang='grc' dir='ltr'>ὅτι</span> <span class='ocrx_word' id='word_1_369' title='bbox 938 2474 987 2516; x_wconf 82' lang='grc' dir='ltr'>τὸ</span> <span class='ocrx_word' id='word_1_370' title='bbox 1009 2477 1097 2516; x_wconf 74' lang='grc' dir='ltr'>πᾶν</span> <span class='ocrx_word' id='word_1_371' title='bbox 1123 2475 1198 2517; x_wconf 79' lang='grc' dir='ltr'>τοῦ</span> <span class='ocrx_word' id='word_1_372' title='bbox 1225 2475 1341 2518; x_wconf 73' lang='grc' dir='ltr'><em>θεοῦ</em></span> <span class='ocrx_word' id='word_1_373' title='bbox 1367 2473 1501 2517; x_wconf 75' lang='grc' dir='ltr'><em>ἐστιν.</em></span> <span class='ocrx_word' id='word_1_374' title='bbox 1561 2476 1631 2517; x_wconf 87' lang='lat' dir='ltr'>At</span> 
     </span>
     <span class='ocr_line' id='line_1_42' title="bbox 144 2532 1631 2577; baseline -0.003 0"><span class='ocrx_word' id='word_1_375' title='bbox 144 2536 347 2577; x_wconf 77' lang='lat' dir='ltr'>inutile</span> <span class='ocrx_word' id='word_1_376' title='bbox 388 2550 486 2577; x_wconf 85' lang='lat' dir='ltr'>esse</span> <span class='ocrx_word' id='word_1_377' title='bbox 527 2535 746 2575; x_wconf 82' lang='lat' dir='ltr'>hominum</span> <span class='ocrx_word' id='word_1_378' title='bbox 788 2532 980 2574; x_wconf 86' lang='lat' dir='ltr'>studium</span> <span class='ocrx_word' id='word_1_379' title='bbox 1020 2532 1074 2573; x_wconf 88' lang='lat' dir='ltr'>ad</span> <span class='ocrx_word' id='word_1_380' title='bbox 1119 2533 1345 2574; x_wconf 78' lang='lat' dir='ltr'>beatitatis</span> <span class='ocrx_word' id='word_1_381' title='bbox 1386 2532 1631 2574; x_wconf 79' lang='lat' dir='ltr'>messianae</span> 
     </span>
     <span class='ocr_line' id='line_1_43' title="bbox 145 2588 1628 2657; baseline -0.002 -25"><span class='ocrx_word' id='word_1_382' title='bbox 145 2591 445 2647; x_wconf 86' lang='lat' dir='ltr'>adeptionem,</span> <span class='ocrx_word' id='word_1_383' title='bbox 491 2592 593 2648; x_wconf 77' lang='lat' dir='ltr'>quia</span> <span class='ocrx_word' id='word_1_384' title='bbox 622 2592 703 2632; x_wconf 85' lang='lat' dir='ltr'>hoc</span> <span class='ocrx_word' id='word_1_385' title='bbox 737 2588 991 2631; x_wconf 78' lang='lat' dir='ltr'>beneficium</span> <span class='ocrx_word' id='word_1_386' title='bbox 1028 2590 1150 2630; x_wconf 83' lang='lat' dir='ltr'>Deus</span> <span class='ocrx_word' id='word_1_387' title='bbox 1163 2603 1254 2657; x_wconf 55' lang='lat' dir='ltr'>stro</span> <span class='ocrx_word' id='word_1_388' title='bbox 1280 2589 1463 2631; x_wconf 71' lang='lat' dir='ltr'>arbitrio</span> <span class='ocrx_word' id='word_1_389' title='bbox 1486 2589 1527 2629; x_wconf 89' lang='lat' dir='ltr'>in</span> <span class='ocrx_word' id='word_1_390' title='bbox 1551 2601 1628 2629; x_wconf 88' lang='lat' dir='ltr'>eos</span> 
     </span>
     <span class='ocr_line' id='line_1_44' title="bbox 144 2645 1631 2705; baseline -0.002 -16"><span class='ocrx_word' id='word_1_391' title='bbox 144 2649 364 2701; x_wconf 86' lang='lat' dir='ltr'>conserat,</span> <span class='ocrx_word' id='word_1_392' title='bbox 406 2648 566 2705; x_wconf 79' lang='lat' dir='ltr'>quibus</span> <span class='ocrx_word' id='word_1_393' title='bbox 596 2655 760 2690; x_wconf 81' lang='lat' dir='ltr'>temere</span> <span class='ocrx_word' id='word_1_394' title='bbox 791 2660 840 2687; x_wconf 86' lang='lat' dir='ltr'>ac</span> <span class='ocrx_word' id='word_1_395' title='bbox 871 2646 991 2687; x_wconf 71' lang='lat' dir='ltr'>nulla</span> <span class='ocrx_word' id='word_1_396' title='bbox 1023 2646 1337 2687; x_wconf 69' lang='lat' dir='ltr'>idonea&#39;causa</span> <span class='ocrx_word' id='word_1_397' title='bbox 1362 2650 1506 2687; x_wconf 79' lang='lat' dir='ltr'>motus</span> <span class='ocrx_word' id='word_1_398' title='bbox 1529 2645 1631 2686; x_wconf 76' lang='lat' dir='ltr'>bene</span> 
     </span>
     <span class='ocr_line' id='line_1_45' title="bbox 144 2701 1629 2763; baseline -0.005 -16"><span class='ocrx_word' id='word_1_399' title='bbox 144 2705 347 2759; x_wconf 77' lang='lat' dir='ltr'>cupierit,</span> <span class='ocrx_word' id='word_1_400' title='bbox 388 2708 480 2763; x_wconf 87' lang='lat' dir='ltr'>Ap.</span> <span class='ocrx_word' id='word_1_401' title='bbox 513 2706 554 2749; x_wconf 78' lang='lat' dir='ltr'>h.</span> <span class='ocrx_word' id='word_1_402' title='bbox 584 2706 614 2748; x_wconf 94' lang='lat' dir='ltr'>l.</span> <span class='ocrx_word' id='word_1_403' title='bbox 645 2704 791 2746; x_wconf 86' lang='lat' dir='ltr'>dicere</span> <span class='ocrx_word' id='word_1_404' title='bbox 813 2702 940 2744; x_wconf 85' lang='lat' dir='ltr'>debet</span> <span class='ocrx_word' id='word_1_405' title='bbox 972 2705 1030 2756; x_wconf 88' lang='lat' dir='ltr'>(v.</span> <span class='ocrx_word' id='word_1_406' title='bbox 1049 2704 1222 2758; x_wconf 86' lang='lat' dir='ltr'>supra).</span> <span class='ocrx_word' id='word_1_407' title='bbox 1282 2702 1483 2746; x_wconf 85' lang='lat' dir='ltr'>Pendere</span> <span class='ocrx_word' id='word_1_408' title='bbox 1510 2701 1629 2742; x_wconf 79' lang='lat' dir='ltr'>salu-</span> 
     </span>
     <span class='ocr_line' id='line_1_46' title="bbox 145 2759 1627 2817; baseline -0.003 -15"><span class='ocrx_word' id='word_1_409' title='bbox 145 2768 230 2802; x_wconf 87' lang='lat' dir='ltr'>tem</span> <span class='ocrx_word' id='word_1_410' title='bbox 261 2762 520 2803; x_wconf 85' lang='lat' dir='ltr'>messianam</span> <span class='ocrx_word' id='word_1_411' title='bbox 553 2762 701 2817; x_wconf 82' lang='lat' dir='ltr'>potins</span> <span class='ocrx_word' id='word_1_412' title='bbox 729 2775 753 2802; x_wconf 81' lang='lat' dir='ltr'>a</span> <span class='ocrx_word' id='word_1_413' title='bbox 773 2759 861 2801; x_wconf 87' lang='lat' dir='ltr'>Dei</span> <span class='ocrx_word' id='word_1_414' title='bbox 883 2759 1151 2811; x_wconf 79' lang='lat' dir='ltr'>benignitate</span> <span class='ocrx_word' id='word_1_415' title='bbox 1180 2774 1307 2817; x_wconf 82' lang='lat' dir='ltr'>quam</span> <span class='ocrx_word' id='word_1_416' title='bbox 1328 2760 1383 2801; x_wconf 88' lang='lat' dir='ltr'>ab</span> <span class='ocrx_word' id='word_1_417' title='bbox 1404 2759 1627 2800; x_wconf 83' lang='lat' dir='ltr'>hominum</span> 
     </span>
     <span class='ocr_line' id='line_1_47' title="bbox 142 2814 1629 2875; baseline -0.003 -16"><span class='ocrx_word' id='word_1_418' title='bbox 142 2817 312 2872; x_wconf 80' lang='lat' dir='ltr'>studio,</span> <span class='ocrx_word' id='word_1_419' title='bbox 343 2820 544 2875; x_wconf 81' lang='lat' dir='ltr'>quoniam</span> <span class='ocrx_word' id='word_1_420' title='bbox 566 2819 609 2861; x_wconf 86' lang='lat' dir='ltr'>id</span> <span class='ocrx_word' id='word_1_421' title='bbox 633 2818 759 2861; x_wconf 86' lang='lat' dir='ltr'>Deus</span> <span class='ocrx_word' id='word_1_422' title='bbox 780 2814 1046 2869; x_wconf 83' lang='lat' dir='ltr'>moderetur,</span> <span class='ocrx_word' id='word_1_423' title='bbox 1077 2831 1217 2874; x_wconf 83' lang='lat' dir='ltr'>neque</span> <span class='ocrx_word' id='word_1_424' title='bbox 1239 2816 1352 2859; x_wconf 86' lang='lat' dir='ltr'>dixit</span> <span class='ocrx_word' id='word_1_425' title='bbox 1372 2819 1464 2874; x_wconf 83' lang='lat' dir='ltr'>Ap.</span> <span class='ocrx_word' id='word_1_426' title='bbox 1489 2828 1629 2870; x_wconf 84' lang='lat' dir='ltr'>neque</span> 
     </span>
    </p>
   </div>
  </div>
 </body>
</html>
