1715 3115
490 152 651 199 GAP.
685 151 850 196 Vlll.
883 153 976 197 Vs.
1004 155 1049 198 9.
1077 179 1132 186 —-
1163 155 1248 198 11..
1526 158 1611 199 117

247 259 307 304 V.
333 261 400 304 10.
419 263 463 302 et
484 261 552 303 ll.
611 258 768 315 Neque
788 273 975 314 quonam
1000 259 1172 302 vinculo
1193 259 1237 300 hi
1261 274 1347 303 vss.
1375 273 1469 301 cnm
1502 267 1604 303 ante

131 314 263 359 dictis
289 317 551 358 cohaereant
579 323 694 358 recte
721 316 947 357 dubitatur
974 321 1018 358 et
1046 317 1099 358 de
1128 331 1179 358 eo
1209 324 1372 358 temere
1402 317 1602 373 disputa-

132 378 231 426 tur,
261 380 405 416 utrum
429 375 541 423 vitu,
572 388 685 415 mors
703 380 745 414 et
768 387 990 426 corporum
1017 373 1060 414 in
1090 374 1221 415 ritum
1249 374 1462 416 restitutio
1494 374 1536 416 h.
1566 375 1599 419 l.

127 430 334 487 proprie,
365 445 418 472 an
441 431 628 482 tigni-ate
652 429 859 484 capienda
883 429 956 472 sit.
1016 427 1186 471 Neutra
1209 430 1321 470 enim
1351 444 1422 470 res
1454 430 1598 471 inter-

127 488 241 542 preti
264 487 414 543 paullo
436 487 664 539 erectiori,
704 487 829 543 cnjus
853 486 1025 527 animus
1056 485 1354 544 praejudicata
1388 487 1595 543 opinione

125 557 211 585 non
250 550 505 586 occaecatus
536 545 619 594 sit,
664 544 873 600 perplexa
907 542 1043 585 videri
1075 549 1235 600 potest.
1309 542 1593 599 Perspicuum

122 606 192 641 est
212 600 324 642 enim
339 632 350 654 ‚
380 601 423 642 h.
446 601 478 644 l.
499 601 764 642 contrarium
785 600 934 642 afferri
952 614 1123 650 eorum,
1147 614 1257 656 qnae
1280 614 1406 641 versu
1426 602 1467 642 9.
1491 615 1593 642 con-

123 656 340 701 tinentur.
412 656 502 700 Ubi
535 672 666 714 quum
697 656 913 699 hominem
946 657 1115 700 Christi
1145 657 1304 713 spiritu
1332 656 1591 699 destitutum

119 712 176 755 ad
198 712 422 756 Christum
475 716 663 756 ertinere
684 714 726 758 h.
749 727 788 757 e.
815 713 930 757 vitae
959 714 1276 769 sempiternae,
1317 712 1428 770 qnod
1459 728 1590 754 orna-

118 775 309 812 mentum
333 771 378 813 in
400 770 435 815 C
470 771 570 813 risti
590 770 832 827 discipulos
850 771 1126 823 conferatur,
1155 778 1398 827 compotem
1421 770 1516 811 lieri
1536 768 1588 815 P.

118 827 368 881 negaverit,
399 828 443 872 b.
462 828 495 872 l.
515 829 779 870 contrariam
797 828 1059 870 sententiam
1090 841 1360 884 persequens
1389 827 1587 869 homines

117 883 285 927 Christi
308 891 449 926 mente
470 884 694 941 praeditos
719 890 820 942 post
851 890 1033 926 mortem
1067 884 1252 942 primum
1284 883 1453 935 animo,
1494 890 1586 926 tum

115 941 248 984 etiam
271 954 455 997 corpore
475 941 667 983 victuros
687 955 786 983 esse
809 946 1049 984 asseverat.
1109 939 1259 996 Quare
1282 941 1584 996 proculavero

114 997 381 1039 aberrarunt
419 997 495 1055 qui
528 1013 658 1040 versn
692 1000 759 1042 10.
791 1003 834 1039 et
866 1000 932 1042 11.
962 998 1250 1055 posteriorem
1280 1011 1432 1040 versus
1466 997 1584 1038 sexti

114 1060 284 1112 partem
303 1059 380 1097 aut
399 1070 448 1097 ex
488 1055 559 1096 oni
581 1056 642 1110 (v.
664 1062 754 1098 not.
783 1053 838 1096 ad
868 1069 908 1098 v.
930 1056 993 1108 9.)
1022 1060 1099 1097 aut
1129 1055 1172 1096 in
1202 1055 1398 1096 homines
1427 1053 1582 1098 christ.

112 1112 349 1154 transferri
367 1069 508 1166 (tiulfi)
529 1112 697 1169 opinati
724 1116 842 1155 sunt.
908 1111 1022 1154 Item
1054 1112 1213 1164 vitam,
1255 1116 1433 1152 mortem
1465 1124 1580 1152 mor-

111 1168 354 1224 taliumque
395 1183 628 1225 corporum
658 1169 704 1211 in
732 1169 867 1211 vitam
894 1168 1204 1211 revocationem
1234 1167 1412 1224 proprie
1440 1167 1581 1221 expli-

110 1223 290 1267 candam
313 1239 412 1267 esse
434 1240 529 1267 eum
551 1225 700 1277 Beza,
731 1225 918 1273 ΟαῙουῖο,
966 1225 1188 1278 Vitrinqa,
1231 1225 1427 1276 Turret„
1463 1222 1579 1265 Rue-

109 1281 273 1334 ckerto,
303 1281 499 1336 Reickio,
532 1283 698 1325 Usterio
724 1283 756 1326 l.
775 1296 814 1325 c.
846 1295 890 1338 p.
908 1282 1010 1326 360.
1039 1281 1098 1324 al.
1127 1281 1257 1336 longe
1284 1279 1577 1322 certissimum

108 1343 194 1383 est.
252 1337 367 1381 Nam
389 1346 696 1395 praeterquam
720 1337 836 1395 quod
859 1336 988 1381 Pauli
1005 1338 1056 1380 de
1079 1343 1216 1380 morte
1238 1337 1436 1395 physica,
1466 1350 1577 1394 qnae

107 1395 323 1452 peccando
346 1396 668 1445 contrahatur.
686 1396 904 1437 sententia
927 1396 1052 1447 5,12.
1077 1409 1146 1450 sq.
1171 1395 1281 1436 hanc
1309 1395 1576 1451 interpreta-

108 1453 270 1494 tionem
287 1453 583 1506 commendat,
613 1452 855 1509 disputatio
878 1453 960 1494 viri
982 1458 1026 1494 et
1048 1452 1178 1494 verba
1202 1452 1297 1508 ipsa
1325 1466 1420 1493 eam
1448 1452 1575 1493 unice

105 1509 341 1566 recipiunt.
395 1508 559 1565 Legem
581 1509 733 1552 vitalis
754 1508 942 1565 spiritus
967 1508 1165 1551 homines
1198 1510 1352 1551 christ.
1383 1523 1410 1549 a
1439 1512 1574 1549 morte

104 1566 280 1621 physica
309 1566 530 1609 liberasse
559 1564 614 1611 P.
642 1565 929 1608 contenderat
958 1580 998 1610 v.
1030 1565 1091 1610 2..
1159 1562 1211 1607 In
1245 1565 1370 1623 cujus
1399 1565 1573 1620 exposi-

105 1623 224 1664 tione
245 1624 486 1666 sententiae
506 1638 636 1680 quum
655 1623 831 1666 vitalem
853 1622 966 1677 legis
982 1621 1437 1672 mos.absolnti0nem‚
1460 1635 1572 1677 quae

105 1679 150 1720 in
173 1678 420 1722 hominibus
440 1681 617 1737 corpori
642 1679 930 1737 emancipatis
960 1685 1159 1722 eventum
1190 1679 1349 1720 habere
1382 1691 1467 1720 non
1495 1691 1571 1734 po·

106 1735 292 1785 tuisset‚
331 1736 375 1778 in
404 1738 654 1779 bominibus
684 1736 773 1781 div.
802 1736 990 1793 spiritus
1017 1735 1241 1793 pracsidio
1271 1734 1571 1778 corroboratis

105 1796 243 1833 ratam
265 1793 504 1836 faciendam
525 1794 661 1835 fuisse
682 1792 955 1835 declarasset
971 1807 1013 1838 v.
1030 1793 1074 1837 4.
1105 1793 1356 1848 dictumque
1385 1806 1435 1834 eo
1465 1805 1571 1832 con-

106 1848 347 1900 firmasset,
378 1849 493 1904 quod
513 1849 601 1893 div.
631 1850 816 1906 spiritus
845 1864 995 1906 pacem
1021 1864 1116 1892 cum
1136 1849 1235 1891 Deo
1266 1849 1479 1891 servando
1509 1848 1569 1888 vi-

104 1909 196 1946 tum
217 1903 364 1946 studio
385 1919 465 1946 suo
484 1907 870 1962 complecteretur,
899 1921 1060 1963 corpus
1082 1906 1180 1947 Deo
1213 1906 1429 1947 inimicari
1462 1903 1569 1945 soli-

103 1967 194 2001 tum
220 1966 398 2002 mortem
420 1970 598 2017 pararet
620 1976 658 2005 v.
681 1963 949 2014 5—8.,tum
970 1960 1170 2005 oratione
1192 1962 1235 2003 in
1257 1963 1445 2004 lectores
1465 1974 1566 2001 con-

102 2016 229 2058 versa
254 2017 338 2072 quai
359 2017 459 2070 lege
481 2019 525 2060 in
547 2017 634 2062 div.
653 2018 839 2075 spiritus
866 2023 1084 2074 potestate
1110 2025 1259 2060 essent
1286 2020 1329 2062 b.
1356 2034 1395 2062 e.
1426 2021 1567 2059 morte

98 2072 281 2116 liberati
299 2073 385 2115 vita
407 2076 661 2116 fruerentur
679 2089 718 2117 v.
739 2075 782 2116 2.
803 2090 823 2116 s
860 2089 902 2130 q.
921 2074 983 2116 ita
1001 2075 1261 2131 expromsit,
1293 2081 1341 2116 ut
1369 2076 1566 2116 homines

100 2129 271 2173 Christi
292 2130 454 2187 spiritu
471 2131 710 2173 destitutos
738 2130 794 2173 ad
815 2130 1042 2174 Christum
1101 2132 1291 2173 ertinere
1320 2133 1352 2174 i.
1381 2146 1420 2174 e.
1450 2132 1563 2172 vitae

98 2186 377 2242 privilegium
391 2218 404 2240 ,
433 2187 485 2228 de
504 2203 588 2245 quo
607 2194 735 2229 antea
754 2187 1040 2245 disputasset,
1101 2188 1230 2230 abere
1249 2194 1430 2241 negaret
1452 2203 1490 2231 ν.
1504 2188 1564 2232 9..

100 2242 227 2299 Quae
246 2244 489 2300 disputatio
513 2259 596 2287 non
618 2246 778 2287 suisset
798 2246 967 2302 expleta
982 2277 993 2296 ,
1022 2244 1107 2287 nisi
1129 2244 1184 2289 Ρ.
1203 2244 1328 2300 cujus
1357 2245 1467 2286 modi
1493 2259 1563 2286 es-

99 2307 170 2343 set
190 2301 277 2343 vita
300 2315 377 2358 per
396 2301 619 2345 Christum
645 2308 797 2359 parata
818 2312 861 2342 et
880 2316 956 2357 quo
977 2306 1166 2356 tempore
1186 2316 1268 2343 non
1298 2302 1437 2343 solnm
1469 2301 1563 2341 ani-

99 2371 217 2410 moa,
247 2372 397 2400 verum
418 2359 548 2400 etiam
572 2373 753 2416 corpora
785 2359 1003 2399 hominnm
1035 2359 1189 2401 christ.
1219 2358 1456 2412 attingeret
1486 2357 1562 2399 do-

98 2415 280 2458 cuisset.
350 2415 559 2472 Speciose
601 2418 712 2457 enim
743 2414 988 2458 sententiae
1019 2429 1084 2458 vs,
1110 2416 1153 2459 2.
1180 2429 1278 2470 sqq.
1311 2414 1561 2472 propositae

100 2471 179 2512 hoc
200 2471 367 2513 obverti
391 2475 627 2528 potuisset,
658 2473 852 2513 homines
874 2472 1029 2515 christ.
1053 2487 1133 2512 non
1158 2475 1296 2512 ainimis
1318 2479 1455 2514 morte
1485 2485 1507 2512 a

56 2561 60 2564 .
98 2528 237 2580 sumi,
266 2543 393 2585 quam
415 2528 606 2572 ,ludaeos
629 2537 672 2571 et
692 2529 895 2582 gentiles.
959 2528 1121 2569 Docuit
1153 2529 1287 2581 igitur
1317 2527 1425 2569 illud
1455 2529 1497 2571 h.
1526 2529 1560 2572 l.

97 2586 194 2641 Ap.
213 2585 272 2627 ita
288 2617 300 2637 ,
329 2593 377 2626 ut
399 2587 625 2639 antithesi,
656 2601 765 2643 quae
786 2585 1028 2640 proximam
1048 2587 1306 2626 sententiam
1329 2586 1561 2642 exciperet,

99 2642 284 2683 sou-mata
306 2656 345 2684 ν.
371 2644 438 2684 10.
461 2643 574 2698 qnod
597 2648 894 2684 ornamentum
918 2641 1084 2684 Christi
1105 2651 1245 2683 mente
1270 2643 1456 2698 praediti
1485 2643 1559 2683 ha-

98 2698 236 2739 bituri
252 2705 655 2744 essentenarraret.
713 2699 765 2742 ln
791 2700 868 2740 hac
910 2699 1183 2754 expositione
1214 2705 1389 2741 mortem
1421 2705 1465 2740 et
1499 2698 1559 2740 vi-

98 2760 188 2797 tam
210 2757 386 2812 proprie
402 2788 413 2808 ,
445 2763 489 2798 ut
513 2764 640 2798 antea
674 2771 714 2802 v.
732 2759 774 2800 2.
795 2770 919 2812 sqq.,
959 2755 1210 2797 sumendam
1235 2770 1332 2798 esse
1360 2762 1560 2811 apparet.

98 2810 336 2855 Praeterea
358 2826 489 2869 quum
508 2814 682 2870 singula
703 2827 839 2873 paene
860 2827 900 2859 v.
915 2812 1024 2855 hanc
1046 2813 1452 2870 interpretationem
1477 2811 1560 2852 iul-
