1715 3115
128 166 187 209 14
407 164 786 211 EPISTOLA
815 167 919 212 AD
949 167 1307 214 ROMANOS

128 270 325 328 privatos
351 285 451 313 esse
477 271 661 315 indicari
684 273 809 331 jecit.
866 271 946 324 Εἷς
973 273 1016 317 h.
1043 274 1075 318 l.
1104 289 1189 316 non
1218 276 1345 317 linem
1374 275 1586 331 (Koelln.‚

127 328 295 380 Reich.)
317 328 503 381 indicat,
533 330 607 370 sed
627 331 690 371 ita
716 335 760 372 ut
790 331 922 374 valet.
979 329 1074 372 Hoc
1103 346 1126 372 e
1159 346 1224 374 m.
1245 334 1287 375 6.
1319 328 1456 373 ὥστε
1486 334 1522 374 δ.
1555 330 1583 388 ἦ

127 390 274 449 patet,
305 384 380 425 ubi
412 399 450 427 ν.
473 386 513 428 4.
548 386 756 428 munitur.
813 383 877 436 εἰς
903 384 953 427 τὸ
981 386 1188 441 γενέσθαι
1214 384 1325 439 ὑμᾶς
1353 384 1506 445 ἑτέρῳ]
1534 393 1584 430 ut

125 455 171 481 m
206 441 318 482 alius
349 446 603 494 potestatem
641 441 854 485 veneritis.
926 441 1053 484 Hanc
1082 444 1389 496 cogitationem
1422 443 1495 496 P„
1533 448 1584 486 ut

126 510 248 537 suam
270 496 606 552 disputationem
629 504 828 550 acueret,
865 498 920 539 iis
938 512 977 540 v.
997 500 1219 555 concepit,
1259 514 1368 556 quae
1397 500 1584 542 vocabu-

124 553 182 596 lis
208 553 250 593 in
270 555 467 610 exemplo
486 567 524 595 v,
546 555 613 605 3.‚
653 569 676 596 c
708 568 792 610 quo
826 555 868 598 h.
889 555 920 597 l.
951 563 1302 608 argumentatur,
1334 557 1491 612 positis
1512 570 1583 598 re-

125 609 414 666 sponderent,
457 608 532 650 sed
555 624 664 666 quae
691 611 820 651 aliter
849 625 976 666 quam
1005 625 1042 654 v.
1075 612 1118 653 3.
1145 612 1241 668 capi
1269 613 1418 656 vellet.
1475 612 1583 667 (La-

122 668 214 710 tine
235 665 362 708 Pauli
383 666 621 708 orationem
640 667 703 708 sic
730 667 833 708 licet
862 668 1068 710 imiteris:
1107 668 1167 708 ita
1201 672 1248 708 ut
1274 669 1320 709 ’ἱη
1349 669 1461 710 «clines
1489 683 1584 710 ma-

121 737 223 766 num
254 722 498 775 veneritis).
565 722 753 764 Eandem
786 725 841 764 oh
869 738 1041 765 causam
1067 725 1180 778 Ap„
1221 738 1480 780 quamquam
1512 739 1584 765 ar-

122 789 191 822 cta
222 793 332 836 quae
364 793 458 819 cum
486 777 662 821 Christo
691 779 971 836 conjungitur
1004 781 1189 820 societas
1230 780 1384 837 dispar
1422 781 1462 822 ei
1499 786 1583 834 est,

122 850 232 894 quac
256 849 348 876 cum
372 835 596 877 meretrice
616 837 852 887 conflatur,
884 841 1028 877 tamen
1061 838 1081 877 l
1106 835 1206 878 Cor.
1234 839 1356 888 (i‚17.
1383 835 1446 877 sic
1472 837 1583 890 scri-

120 895 212 952 psit
240 888 262 933 ὅ
292 893 349 933 δὲ
378 889 729 944 κολλώμενος
756 893 824 946 τῷ
858 890 1030 947 κυρίῳ
1068 888 1114 933 ’ἐν
1145 889 1316 945 πνεῦμά
1345 889 1439 934 ἔστι
1469 892 1513 937 h.
1541 907 1583 939 e.

120 957 169 992 ut
197 947 366 1005 pondus
398 946 581 990 adderet
608 949 850 990 sententiae
880 948 1025 989 verbis
1053 947 1107 989 ad
1134 948 1436 1004 praecedentia
1463 963 1584 996 voce.

119 1022 161 1051 v.
185 1007 251 1048 16.
275 1029 326 1037 —
370 996 395 1044 ὅ
429 1002 778 1056 κολλώμενος
806 1005 867 1059 τῇ
896 1001 1071 1061 πόρνῃ
1097 1001 1143 1045 (ἐν
1163 1004 1318 1057 σῶμά
1345 1003 1462 1046 ἐστιν
1493 1006 1584 1047 sor-

120 1062 268 1105 matis.
332 1058 434 1102 Non
475 1060 611 1114 igitur
640 1059 691 1104 P.
723 1061 923 1117 exemplo
951 1074 990 1104 v·
1018 1062 1061 1103 3.
1091 1061 1132 1101 in
1165 1061 1421 1113 allegoriam
1454 1075 1582 1105 verso

119 1118 317 1162 homines
356 1117 509 1159 christ.
548 1131 650 1158 nece
685 1117 739 1158 ad
773 1117 912 1171 legem
943 1131 1050 1161 mos,
1081 1117 1306 1159 referenda
1334 1117 1513 1160 affectos
1537 1119 1583 1161 in

121 1175 278 1220 Christi
298 1173 568 1215 matrimonio
587 1175 753 1215 locatos
778 1187 876 1214 esse
896 1172 1022 1215 dixit.
1077 1173 1172 1215 Has
1195 1175 1369 1230 nuptias
1401 1175 1474 1230 qui
1504 1175 1582 1217 ad-

120 1237 333 1276 ornarunt
364 1230 628 1285 interpretes
658 1232 729 1285 (V.
757 1229 980 1283 Tholucc.)
1007 1253 1061 1259 —-
1089 1231 1152 1271 ita
1189 1235 1235 1271 ut
1264 1245 1332 1271 vos
1362 1230 1405 1272 in
1434 1232 1580 1274 alius·

120 1288 310 1332 mariti
336 1286 447 1343 Eph.
477 1287 599 1337 5,25.
629 1286 798 1340 (sponsi
822 1285 850 1325 2
878 1284 980 1327 Cor.
1006 1287 1155 1339 11,'2.)
1184 1300 1353 1328 mamam
1382 1288 1582 1330 veneritis

122 1346 165 1388 h.
186 1360 225 1388 e.
247 1343 344 1398 ejus
365 1344 436 1399 qui
453 1347 548 1397 post
568 1343 750 1383 reditum
768 1342 808 1382 in
830 1341 961 1382 vitam
982 1343 1097 1393 vivit,
1127 1347 1172 1383 ut
1190 1346 1344 1396 partus
1366 1344 1581 1385 enitamur

121 1404 214 1445 Deo
234 1398 465 1455 (socero!)‚
486 1413 568 1439 non
588 1399 726 1439 solum
746 1397 934 1455 jejunam
957 1403 1001 1439 et
1019 1398 1298 1450 obscoenam,
1328 1400 1411 1454 qua
1434 1399 1581 1441 mollis

120 1465 166 1500 et
187 1457 430 1499 effeminata
451 1455 724 1512 pietistarum
750 1455 866 1494 natio
891 1454 997 1494 mire
1023 1454 1290 1507 delectatur,
1319 1457 1580 1497 sententiam

119 1515 287 1565 Paulo,
331 1512 425 1553 viro
465 1516 584 1552 casto
623 1518 666 1552 et
704 1524 941 1562 generoso,
988 1511 1160 1566 placere
1192 1511 1388 1566 potuisse
1418 1517 1581 1554 temere

120 1575 393 1620 sumserunt,
430 1582 580 1610 verum
621 1567 750 1608 etiam
784 1567 825 1607 in
853 1568 1080 1608 verborum
1110 1568 1401 1623 explicatione
1430 1583 1582 1624 pecca-

119 1634 238 1671 runt.
298 1625 454 1681 Neque
489 1624 601 1665 enim
631 1623 774 1665 verbis
803 1619 873 1663 ἵνα
903 1622 1432 1678 καρποφορήσωμεν
1460 1639 1498 1666 τ.
1530 1627 1579 1666 θ.

120 1685 174 1727 ad
193 1687 367 1738 parius,
405 1695 514 1737 quos
537 1681 692 1721 mulier
713 1680 779 1720 vel
801 1679 955 1721 marito
985 1680 1053 1720 vel
1083 1694 1232 1720 socero
1260 1679 1382 1731 edat,
1421 1679 1582 1722 alludi-

118 1748 207 1791 tur,
229 1739 314 1779 nisi
337 1739 448 1779 forte
468 1735 862 1793 praviJudaeorum
881 1736 1101 1792 appetitus
1125 1735 1299 1777 Plutoni
1320 1737 1483 1778 liberos
1503 1751 1582 1795 pe-

120 1800 355 1856 pererunt,
385 1794 525 1835 soceri
553 1808 630 1834 suo
651 1793 722 1834 vel
752 1793 906 1833 marito
935 1807 973 1835 v.
996 1791 1061 1834 5.!
1098 1795 1159 1847 τῷ
1190 1790 1237 1833 ἐκ
1265 1794 1424 1847 νεκρῶν
1453 1791 1582 1848 ἐγερ-

119 1853 264 1906 θέντι]
299 1850 536 1908 Appositio
565 1849 687 1904 (Gal.
709 1849 854 1903 5,14.)
883 1862 1019 1904 paene
1049 1849 1310 1892 necessaria.
1369 1848 1417 1890 Is
1449 1849 1580 1903 enim,

119 1911 165 1952 in
203 1908 326 1963 cujus
361 1911 618 1964 potestatem
650 1905 843 1946 homines
869 1906 1023 1948 christ.
1051 1904 1308 1958 imaginaria
1336 1905 1411 1946 illa
1441 1912 1580 1948 morte

120 1957 316 2024 oppetita
335 1964 581 2015 venissent,
612 1961 722 2003 idem
746 1967 841 2003 erat
862 1961 1090 2013 Christus,
1122 1961 1195 2016 qui
1221 1962 1445 2018 physicam
1466 1976 1580 2004 mor-

120 2031 207 2065 tem
247 2019 444 2062 adeundo
480 2018 737 2072 imaginaria
783 2022 923 2059 morte
956 2031 1059 2058 suos
1089 2016 1330 2074 discipulos
1358 2018 1579 2062 affecerat.

119 2078 279 2135 Itaque
318 2091 370 2117 ne
398 2075 451 2119 P.
489 2075 729 2132 disputatio
767 2087 1012 2131 repugnare
1038 2073 1262 2116 videretur
1291 2074 1422 2115 vitam
1449 2088 1579 2129 ccqemt

121 2137 326 2178 Christus
347 2147 369 2174 a
393 2132 569 2175 Christo
592 2136 754 2173 mortno
774 2128 1110 2182 distinguendus
1132 2136 1241 2173 erat.
1299 2129 1416 2170 Hinc
1444 2143 1484 2173 v,
1514 2130 1578 2184 τῷ

122 2190 170 2234 ἐκ
197 2191 359 2247 νεκρῶν
389 2186 613 2243 ἐγερθέντι
640 2187 788 2229 valent
815 2187 860 2228 in
888 2186 1020 2228 vitam
1049 2200 1214 2228 reverso
1241 2199 1293 2228 ac
1318 2186 1494 2239 proinde
1516 2185 1578 2227 vi-

119 2248 247 2290 venti.
307 2245 445 2288 Gala:
477 2244 551 2299 qui
583 2250 812 2299 postquam
841 2242 1003 2284 revixit
1032 2247 1251 2283 aeternam
1278 2241 1409 2282 vitam
1439 2240 1578 2296 degit.

120 2303 217 2346 Hoc
239 2317 261 2344 e
281 2316 394 2343 voce.
419 2300 623 2342 extricari
643 2299 793 2355 nequit
814 2304 857 2340 et
876 2298 1077 2340 haustum
1100 2302 1168 2338 est
1189 2312 1240 2339 ex
1259 2298 1370 2350 6‚9..
1429 2299 1578 2342 Grot.:

120 2360 192 2415 qui
208 2360 353 2414 fatus
372 2358 459 2410 ipse
484 2357 602 2398 homo
622 2369 748 2397 novus
774 2355 907 2397 vitam
932 2354 1062 2395 etiam
1091 2366 1239 2395 novam
1265 2353 1454 2408 postulat
1482 2355 1578 2410 (eo-

119 2416 216 2457 dem
239 2413 417 2456 verbosa
440 2411 664 2454 Rueck-eru·
683 2410 898 2467 expositio
922 2409 1112 2462 recidit),
1147 2410 1360 2453 Tholucc.:
1388 2409 1460 2467 qui
1479 2413 1578 2464 post

118 2472 302 2515 reditum
322 2470 365 2510 in
383 2469 513 2510 vittam
532 2467 719 2509 homines
741 2466 887 2509 christ.
909 2466 1060 2507 beandi
1069 2465 1151 2520 jus
1168 2470 1209 2507 et
1227 2465 1480 2522 facultatem
1497 2465 1576 2507 ad-

119 2532 242 2582 eptus
271 2531 332 2568 est
356 2524 451 2567 Col.
471 2526 511 2573 3,
529 2525 567 2567 1.
591 2538 684 2578 sq.,
721 2521 895 2564 Reielt.:
934 2536 1053 2576 quem
1074 2521 1285 2563 Messium
1309 2535 1399 2563 esse
1426 2525 1468 2563 et
1494 2522 1577 2563 do-

119 2588 303 2634 minum,
335 2580 402 2622 cui
420 2584 534 2621 reete
547 2592 800 2632 pareamus,
830 2591 888 2619 ex·
909 2591 956 2618 eo
976 2578 1281 2632 coqneseimus,
1320 2577 1428 2634 quod
1445 2578 1489 2618 in
1512 2576 1576 2618 υἰ-

117 2645 209 2682 tam
238 2637 364 2680 rediit
394 2635 519 2677 Rom.
550 2636 661 2686 1,4..
732 2634 854 2675 Haec
882 2633 1024 2675 omnia
1059 2634 1204 2675 verbis
1240 2633 1302 2688 τῷ
1331 2632 1378 2675 ἐκ
1414 2633 1576 2687 νεκρῶν

118 2694 343 2749 ἐγερθέντι
365 2707 446 2734 non
472 2690 661 2732 dilucide
680 2689 868 2731 indicata
892 2696 1018 2742 sunt3
1058 2695 1160 2731 sunt
1180 2690 1326 2747 potius
1349 2689 1477 2742 longe
1505 2701 1578 2729 re-

118 2752 254 2808 petita
286 2755 330 2791 et
357 2763 378 2789 a
405 2747 455 2791 P.
485 2746 780 2803 disputatione
810 2752 990 2790 remota.
1046 2747 1366 2800 Καρποφορεῖν
1393 2749 1438 2786 et
1464 2758 1575 2798 καρ-

118 2805 204 2849 πὸν
223 2805 397 2863 φέρειν,
427 2818 537 2861 quae
558 2818 598 2849 v.
621 2802 781 2848 Graeci
801 2801 853 2845 de
875 2805 995 2846 terra
1014 2808 1059 2844 et
1084 2803 1245 2858 plantis
1273 2805 1466 2859 ponunt,
1502 2814 1575 2844 sa-
