1715 3115
461 164 620 212 CAP.
651 163 746 211 XI.
787 163 881 211 Vs,
909 164 990 210 30.
1023 167 1078 207 et
1106 163 1204 209 31..
1493 163 1581 206 543

114 274 182 324 re)
202 271 457 331 persuaderi
482 276 669 329 nequeat
690 271 719 314 i.
740 285 784 326 η.
803 266 1006 311 ἀπιστεῖν
1027 285 1114 311 τινι
1134 269 1297 313 valere.
1356 269 1580 325 Erasmus,

119 331 274 387 ΙΓυΙῙζ,
306 328 483 372 Murus:
514 328 726 370 increduli
748 325 812 381 (Υ)
833 328 1008 368 suerunt
1027 328 1148 381 (Deo
1169 334 1281 367 nnn'c
1301 325 1438 367 renisi
1460 332 1579 380 sunt,

113 388 286 441 silurus)
313 393 496 443 propter
527 384 895 435 misericordiam,
932 398 1059 439 quam
1081 398 1156 424 vos
1177 382 1326 439 adepti
1347 383 1454 426 estis
1476 383 1519 426 h.
1537 397 1579 428 e.

110 445 211 500 quia
240 458 335 485 ecem
364 444 475 483 robis
503 444 706 485 invident.
767 439 861 481 lmo
886 440 1045 481 idcirco
1068 440 1224 484 Judaei
1249 440 1344 481 Deo
1368 454 1452 481 non
1474 440 1582 481 obe-

109 501 314 550 dierunt,
353 501 455 555 quia
488 500 610 540 Deus
639 512 786 539 eorum
817 497 986 538 animos
1012 497 1281 548 occaecavit,
1320 504 1366 537 ut
1396 497 1578 553 paganis

111 558 327 599 messiana
359 558 480 597 salus
511 556 660 597 otl'erri
684 561 856 611 posset,
886 568 1068 610 quornm
1092 554 1253 610 pietate
1272 552 1429 596 ,Iudaei
1455 568 1580 595 recu-

112 615 263 671 perata
291 614 498 655 libertate
526 612 727 654 commoti
753 611 942 666 denique
963 611 1278 667 resipiscerent
1305 611 1366 665 (v.
1387 612 1580 655 7.—ll.

110 673 183 714 :2.
218 673 284 722 10,
307 672 412 722 m).
486 670 677 724 V11l51.-—
698 668 758 709 ita
783 674 827 709 et
849 668 925 708 isti
947 682 1057 709 nnnc
1078 683 1159 709 non
1191 666 1496 720 erediderunt,
1534 669 1580 709 in

112 733 296 770 resa-am
337 726 674 768 miseriem-‹limn
713 726 741 766 i.
771 739 834 777 e.,
884 724 969 765 nisi
1007 726 1164 776 fallor,
1212 739 1277 780 5ut
1301 717 1579 779 'Qrbarmung'

112 787 251 830 ssjnnbe
282 784 345 836 fin·
373 785 479 834 eud),
529 789 575 823 nt
605 782 729 823 vobis
758 781 1056 823 misericordia
1086 782 1358 823 tribueretur
1390 783 1450 831 (v.
1473 782 1580 831 ll.)-

111 841 271 896 Neque
302 841 434 881 aliter
462 839 680 882 Cale-inus:
719 863 776 870 --
805 841 868 880 sic
895 844 939 879 et
967 840 997 879 ii
1025 840 1113 892 (hi)
1143 853 1254 880 nunc
1285 837 1497 879 increduli
1518 836 1582 893 (ἲ)

110 898 215 939 tacti
241 902 366 948 sunt,
414 911 464 937 eo
496 895 609 952 quod
637 897 755 949 (vos)
791 895 938 952 adepti
974 896 1084 937 estis
1123 895 1468 937 misericordiam
1498 920 1580 940 —.

111 954 200 997 Sed
223 959 456 1011 propterea
480 954 621 994 Deum
646 952 840 996 Iudaeos
861 952 1115 1005 indurasse,
1153 958 1201 994 ut
1218 953 1407 1007 gentiles
1437 953 1582 994 salute

111 1012 384 1069 potirentur,
417 1025 547 1066 quum
565 1010 654 1066 jam
676 1010 949 1051 declaratum
973 1010 1031 1051 sit
1050 1024 1086 1052 v.
1103 1010 1174 1054 30.
1197 1010 1270 1052 νῦν
1292 1010 1339 1051 δὲ
1361 1007 1582 1064 ἠλεήθητε

111 1075 173 1126 τῇ
202 1066 411 1110 τούτων
442 1064 720 1123 ἀπειθείᾳ
751 1071 812 1122 (ν.
836 1068 951 1119 11.),
991 1081 1068 1123 per
1099 1063 1252 1123 ὥσπερ
1276 1091 1331 1098 —-
1361 1061 1476 1108 οῖ’-ἰω
1507 1067 1582 1107 καὶ

112 1125 302 1167 absurde
337 1124 405 1165 bis
435 1123 656 1165 diceretur
682 1128 742 1176 (v.
772 1125 1039 1175 Erasnmm).
1109 1124 1359 1166 Bretscbn.:
1407 1148 1462 1153 ——
1493 1123 1582 1165 sibi

110 1181 362 1238 persuaderi
379 1182 532 1222 nolunt
553 1182 603 1222 de
625 1181 767 1222 vestra
787 1182 931 1222 salute
954 1177 995 1234 (ζ)
1016 1181 1070 1224 cf.
1093 1184 1273 1236 supra),
1313 1179 1482 1233 gratiae
1498 1178 1581 1221 'di-

111 1240 238 1281 vinae
258 1253 332 1280 vos
353 1239 546 1279 servanti
570 1237 694 1279 fidem
717 1238 933 1291 denegant
961 1242 1030 1290 (ut
1052 1244 1095 1279 et
1116 1238 1200 1294 ipsi
1224 1237 1310 1279 Dei
1331 1237 1582 1278 miscricor-

111 1295 228 1338 diam
257 1295 595 1352 adipiscantur).
666 1293 735 1336 Ne
757 1295 860 1335 haec
883 1295 1054 1351 quidem
1075 1295 1292 1350 expositio
1312 1301 1454 1350 aptam
1481 1309 1582 1335 sen-

111 1352 297 1395 sentiam
321 1352 517 1408 praebet..
576 1351 739 1403 Miror,
768 1353 932 1394 nemini
952 1353 1060 1392 hanc
1079 1352 1488 1409 interpretationem
1513 1366 1583 1392 ee-

112 1409 223 1451 teris
250 1408 364 1450 haud
396 1408 525 1449 dubie
555 1408 900 1450 tolerabiliorem
931 1411 971 1449 in
1003 1413 1186 1450 mentem
1212 1410 1384 1451 venisse
1411 1408 1477 1458 *):
1517 1408 1583 1450 sic

112 1467 245 1508 etiam
270 1466 312 1506 hi
335 1480 445 1511 nnnc
468 1465 670 1506 reluctati
691 1472 793 1506 sunt
814 1467 905 1507 Deo
923 1466 994 1522 qni
1012 1465 1124 1507 robis
1145 1466 1481 1507 misericordium
1499 1466 1582 1507 tre·-

113 1523 203 1565 Imz't
233 1523 317 1578 (τῷ
336 1518 534 1577 ὑμεῑέρῳ
558 1521 671 1563 ἐλέει
693 1523 721 1566 i.
741 1537 783 1577 q.
803 1524 866 1578 τῷ
884 1522 979 1576 θεῷ
1002 1537 1041 1564 v.
1062 1523 1172 1572 30.).
1230 1522 1505 1578 Quamquam
1528 1521 1577 1564 τὰ

114 1575 237 1627 ἔλεός
264 1593 382 1627 τινος
410 1593 504 1619 enm
534 1578 605 1634 qni
627 1579 757 1620 alicui
776 1579 1111 1620 mtsericordimn
1132 1579 1294 1621 tribnat
1317 1580 1484 1634 lyricus
1508 1592 1582 1619 va-

114 1642 182 1677 tes
203 1636 335 1676 citius
356 1635 536 1686 dixerit,
567 1650 694 1690 qnam
722 1634 902 1676 Paulus.
952 1634 1077 1690 Quae
1100 1649 1231 1691 quum
1252 1637 1311 1677 ita
1339 1636 1428 1676 sint
1451 1633 1582 1677 Pauli

110 1692 356 1748 disputatio
374 1692 436 1732 sic
457 1691 675 1734 decurrit:
707 1706 837 1747 quum
857 1692 995 1734 Deum
1019 1692 1290 1734 invitationis
1302 1691 1484 1736 Judaeis
1507 1692 1582 1733 de-

114 1750 304 1790 stinatae
338 1763 419 1789 non
452 1749 673 1803 poeniteat
700 1748 856 1792 Judaei
886 1749 1122 1804 aliquando
1148 1750 1203 1789 ab
1232 1764 1284 1791 eo
1314 1750 1367 1790 ad
1399 1749 1582 1790 messia-

114 1819 212 1846 nam
232 1805 485 1846 felicitatem
511 1805 812 1846 invitabuntur
833 1806 895 1859 (v.
914 1807 1018 1859 20.)
1086 1805 1199 1846 Nam
1215 1805 1582 1861 quemadmodum

115 1877 217 1913 vos,
256 1861 438 1918 pagani,
468 1861 569 1900 olim
591 1865 743 1916 (quum
764 1861 994 1902 libidinum
1017 1866 1260 1904 vestrarum
1284 1862 1496 1919 mancipia
1519 1862 1582 1903 vi-

113 1918 296 1969 veretis)
321 1916 455 1958 renisi
479 1917 576 1958 Deo
595 1918 704 1959 estis
722 1919 798 1971 (ab
818 1919 914 1975 ipso
935 1917 1031 1959 Deo
1054 1918 1248 1960 indurati
1269 1920 1437 1971 v.32.)‚
1469 1933 1582 1960 nunc

113 1990 216 2018 vero
245 1975 475 2029 (libertate
496 1974 693 2030 recepta)
721 1974 911 2016 divinam
936 1975 1278 2017 misericordiam
1301 1975 1450 2032 adepti
1472 1975 1583 2019 estis

113 2047 191 2088 per
222 2032 479 2073 Jmlmunwn
506 2033 841 2082 contunmciam,
890 2047 999 2087 quae
1030 2033 1155 2084 fecit,
1202 2036 1250 2073 nt
1277 2033 1331 2074 ad
1360 2047 1437 2074 vos
1467 2047 1581 2074 mes..

115 2090 238 2131 siana
261 2089 382 2130 salus
404 2088 654 2143 perveniret
677 2089 736 2139 (v.
762 2089 873 2140 11.)‚
905 2089 967 2128 sic
987 2088 1143 2132 Judaei
1166 2104 1337 2145 qnoque
1361 2104 1472 2131 nune
1493 2089 1583 2144 (di-

114 2146 214 2188 vino
238 2146 429 2201 impulsu
453 2159 492 2186 v.
511 2146 720 2198 7.—10.)
753 2145 849 2186 Deo
869 2160 999 2200 quum
1020 2146 1198 2188 Christo
1221 2147 1343 2187 lidem
1370 2150 1583 2200 negarent

116 2203 329 2255 refragati
359 2208 487 2250 sunt,
528 2208 574 2242 ut
599 2215 677 2253 μοι·
704 2202 1039 2243 misericordimn
1067 2202 1180 2244 robis
1211 2203 1442 2255 tributam,
1476 2204 1518 2245 h.
1540 2217 1580 2249 e.

114 2274 194 2317 per
214 2265 400 2299 vestram
425 2257 574 2309 tidem,
614 2272 742 2313 quam
767 2258 991 2311 evangelio
1013 2259 1234 2300 vobiscum
1261 2259 1444 2313 benigne
1465 2275 1582 2300 com-

114 2316 334 2357 municato
356 2314 610 2370 adjecistis,
640 2321 683 2355 et
701 2314 788 2371 ipsi
809 2314 996 2356 divinam
1020 2316 1331 2369 benignitatem
1353 2317 1581 2372 experian-

114 2377 214 2424 tur,
245 2386 375 2428 quum
392 2371 516 2413 Deus
538 2372 578 2412 in
603 2370 849 2412 libertatem
871 2373 1102 2413 restitutos
1122 2373 1174 2412 ad
1197 2373 1455 2414 messianam
1480 2374 1581 2414 bea·

93 2430 286 2472 ⁴titatem
309 2429 477 2469 vocabit
502 2431 562 2480 (v,
582 2429 653 2472 30.
671 2434 715 2469 et
732 2430 843 2482 31.).
900 2429 1206 2471 lnm'tabunrm-
1226 2430 1362 2483 igitur
1384 2429 1437 2470 ad
1460 2431 1580 2471 salu-

114 2493 201 2528 tem
223 2484 381 2530 Judaei
407 2490 470 2539 (v.
489 2487 596 2537 29.).
658 2486 858 2527 Acumen
879 2485 933 2525 ab
954 2485 1031 2526 hoc
1051 2487 1080 2529 l.
1104 2487 1293 2527 alienum
1316 2487 1359 2528 in
1384 2501 1422 2530 v,
1446 2485 1580 2528 ἐλεεῖ-

116 2545 230 2584 σθαι
267 2541 719 2597 (misericordiam
750 2542 965 2595 experiri,
1014 2557 1110 2584 non
1138 2542 1410 2598 sactorum
1442 2556 1579 2584 mer-

115 2599 286 2640 cedem
317 2598 531 2652 accipere)
564 2598 822 2640 Rueckertns
852 2605 951 2654 post
975 2600 1188 2652 Koppium
1214 2601 1433 2656 quaesivit
1464 2598 1578 2640 l'au-

114 2655 204 2696 lum
224 2655 302 2697 hoc
324 2655 488 2698 dixisse
510 2655 738 2712 opinatus:
777 2655 921 2697 Deum
940 2653 1134 2698 Iudaeos
1155 2655 1209 2697 ad
1233 2664 1405 2713 tempus
1427 2663 1578 2697 contu-

161 2785 197 2830 ἓξ)
230 2786 322 2820 Vide
340 2794 456 2821 tamen
481 2787 691 2826 Pvlagium:
726 2788 803 2826 „ita
832 2794 864 2820 et
891 2788 944 2821 isti
976 2800 1070 2822 nunc
1099 2801 1170 2822 non
1198 2789 1426 2824 crediderunt
1455 2789 1488 2823 in
1518 2803 1577 2823 vc-

205 2839 316 2867 stram
337 2833 635 2874 miseriem-diam]
654 2833 905 2869 mise-ieordia
926 2835 1084 2879 gentium
1105 2836 1269 2869 christus
1287 2835 1373 2869 cs¹.”
