1715 3115
662 192 754 239 CA
771 191 821 238 P.
854 192 873 235 1
889 192 965 239 X..
1460 194 1546 237 239

189 306 346 362 Magna
387 301 575 346 tristitia}
621 315 669 343 se
719 299 920 342 affectum
967 312 1065 342 esse
1110 297 1281 342 Paulus
1318 307 1546 342 asseverat

73 378 114 408 v.
139 365 250 409 1.2..
308 360 564 405 Redimeret
582 358 697 401 enirn
717 356 1001 410 Iudaeorum,
1031 370 1214 413 quorum
1231 362 1300 399 est
1322 371 1346 399 a
1366 357 1546 401 Christo

165 542 306 577 semper
327 528 499 576 privilegii
516 527 664 562 Judaeis
688 526 856 561 divinitus
886 526 956 562 dati
982 540 1179 563 memorem
1206 530 1311 566 fuisse
1337 531 1551 572 ostenderet,

165 591 248 612 eum
268 584 344 611 tum
359 575 503 609 demum
524 575 566 608 ad
586 586 739 620 paganos
757 587 795 608 se
814 574 1044 613 convertisse,
1069 588 1181 620 quum
1201 576 1244 609 ab
1268 577 1408 612 Judaeis
1427 579 1551 624 repul-

165 636 241 659 sam
261 622 409 667 tulisset,
433 632 537 665 saepe
550 620 689 655 finxisse
700 620 798 664 (Act.
821 621 874 662 13,
893 620 949 654 46.
980 623 1033 664 14,
1049 624 1078 656 1.
1114 622 1167 662 18,
1181 624 1215 656 4.
1233 634 1286 667 sq.
1311 623 1397 663 19‚8.
1414 637 1466 670 sq.
1493 625 1552 668 28,

167 671 223 704 17.
242 682 295 715 sq.
313 669 529 714 v.p.94.sq.
550 669 626 702 119.
637 669 704 712 sq.)
732 666 828 700 doct.
863 667 1016 701 Bam-us
1040 666 1239 703 affirmavit.
1287 669 1407 704 Fuisse
1432 677 1553 704 autem

165 715 304 750 Romae
337 721 412 748 tum
447 713 620 757 temporis
655 712 729 757 jud,
768 712 887 758 stirpis
923 711 1162 756 Christianos,
1207 715 1288 760 qui,
1329 714 1552 750 observanda

168 762 245 808 lege
279 773 374 794 mos.
406 759 558 793 salutem
594 758 817 804 comparari,
854 759 986 803 opinati
1012 758 1114 792 Pauli
1139 767 1318 795 aeternam
1346 761 1554 797 felicitatem

166 809 282 854 aſsde
306 806 497 850 repetentis
528 805 680 850 ideoque
705 804 855 850 gentiles
881 806 921 838 ad
951 805 1080 839 Christi
1107 819 1205 841 sacra
1229 808 1448 843 admittentis
1471 809 1550 843 sor-

166 853 303 889 mulam
335 852 601 898 improbarent,
642 852 773 884 Bam-o
810 850 927 894 judice
958 857 991 884 et
1027 851 1193 886 homiliae
1226 860 1418 895 testantur,
1463 866 1553 900 quae

168 899 346 934 Clementi
379 909 532 930 romano
569 896 659 931 male
690 897 842 931 tributae
874 903 954 930 sunt
987 899 1036 943 (p.
1066 898 1141 932 118.
1167 911 1220 944 sq.
1259 901 1334 934 124.
1363 900 1476 944 122),
1519 905 1554 933 et

169 945 452 983 Ambrosiaster,
498 943 558 987 qui
589 943 624 976 in
658 943 908 977 commentarii
934 943 1152 986 praefatione
1185 952 1220 979 et
1243 946 1285 980 ad
1312 946 1417 981 Rom.
1448 950 1476 987 1,
1499 946 1555 982 10.

170 993 226 1028 13.
265 990 419 1025 Paulum
453 989 590 1024 idcirco
627 988 812 1033 epistolam
845 988 888 1023 ad
916 988 1100 1023 Romanos
1124 991 1342 1035 confecisse,
1366 999 1405 1026 ut
1423 993 1445 1027 ii
1467 1006 1557 1028 cor-

169 1038 390 1085 rigerentur,
423 1034 483 1081 qui
510 1034 714 1069 hominibus
741 1035 861 1069 christ.
890 1034 1000 1081 legem
1028 1047 1121 1070 mos.
1143 1038 1354 1072 servandam
1381 1052 1454 1073 esse
1471 1051 1557 1073 con·

172 1083 388 1120 tendisse-nt,
420 1081 600 1127 scripserit
625 1083 675 1125 (p.
696 1080 770 1117 141.
788 1083 874 1126 sq.).
928 1082 1120 1128 Ingeniose
1151 1082 1239 1118 haec
1264 1084 1437 1128 disputata
1463 1091 1559 1123 sunt.

173 1143 248 1165 non
282 1142 385 1172 vere,
423 1134 462 1161 ut
497 1126 582 1160 mihi
617 1127 764 1174 quidem
797 1127 948 1162 videtur.
999 1127 1183 1174 Repugnat
1208 1130 1300 1164 enim
1330 1130 1370 1164 V.
1396 1131 1446 1167 D.
1473 1144 1560 1165 sen-

173 1176 284 1211 tentia
318 1175 359 1209 iis
384 1187 474 1220 quae
501 1173 542 1208 Ρ.
567 1173 639 1217 ipse
664 1173 872 1211 affirmavit,
912 1174 1004 1208 hanc
1028 1174 1215 1219 epistolam
1243 1188 1279 1210 se
1305 1177 1477 1212 Romanis
1498 1177 1560 1211 in-

172 1223 377 1268 scripsisse,
418 1226 457 1254 ut
490 1219 655 1254 docendo
694 1220 1036 1265 commonendoque
1068 1233 1195 1255 eorum
1229 1223 1333 1257 fidem
1360 1224 1558 1258 firmiorem

173 1269 341 1304 redderet
367 1269 466 1310 1‚1t.
495 1266 630 1309 15‚14..
687 1266 781 1300 Nihil
821 1274 939 1300 autem
975 1267 1024 1314 vir
1057 1281 1074 1301 a
1112 1267 1356 1313 praejudicata
1389 1270 1560 1315 opinione

174 1315 267 1350 liber
294 1315 330 1347 in
365 1316 442 1347 tota
476 1309 624 1356 epistola
659 1311 918 1357 deprehendat,
963 1313 1058 1357 quod
1092 1312 1144 1348 illi
1178 1315 1328 1349 consilio
1363 1329 1435 1350 non
1469 1317 1560 1351 belle

174 1360 405 1407 respondeat.
463 1358 604 1392 Deinde
638 1365 889 1405 argumentum
924 1371 956 1396 c.
976 1359 1151 1403 9.-11.‚
1199 1374 1286 1407 quae
1309 1365 1498 1405 primaria
1523 1362 1561 1396 in

174 1408 246 1444 hac
270 1402 418 1451 epistola
444 1404 532 1438 Viro
559 1405 610 1439 D.
637 1405 704 1439 visa
730 1412 833 1447 sunt,
875 1404 965 1439 Ven.
991 1406 1116 1439 Bauri
1138 1407 1345 1453 opinionem
1372 1422 1446 1443 non
1472 1410 1564 1443 reci-

176 1454 238 1500 pit.
297 1453 400 1497 Quae
435 1450 463 1486 si
497 1463 576 1484 vera
603 1458 673 1494 est,
709 1452 779 1495 jud.
813 1451 931 1497 stirpis
959 1451 1149 1486 Christiani
1178 1463 1380 1498 exasperato
1405 1457 1444 1488 in
1468 1455 1564 1489 Pau-

174 1505 254 1535 lum
287 1500 408 1532 animo
442 1497 610 1540 fuerunt,
653 1497 750 1543 quod
783 1503 815 1530 et
837 1499 919 1542 fisse
944 1499 1012 1532 Dei
1049 1498 1206 1532 savorem
1233 1501 1387 1535 obtineri
1415 1502 1563 1536 dbceret

177 1553 212 1582 et
242 1543 442 1593 permultos
475 1543 623 1588 gentiles
655 1545 697 1577 ad
733 1542 865 1577 Christi
892 1543 1118 1590 disciplinam
1144 1545 1365 1585 adduxisset:
1392 1549 1452 1582 Sic
1477 1559 1562 1582 vero

174 1603 342 1636 purgare
376 1602 416 1624 se
461 1591 767 1635 objurgatoribus
803 1590 840 1624 P.
869 1590 1016 1624 debebat
1052 1597 1086 1624 et
1112 1590 1249 1639 dicere,
1290 1594 1460 1639 quoniam
1493 1593 1564 1628 Dei

177 1640 283 1674 favor
305 1638 387 1683 fide
420 1636 674 1670 tantummodo
701 1643 932 1681 comparetur
964 1643 999 1670 et
1023 1648 1152 1672 omnes
1175 1637 1274 1673 Deus
1295 1641 1457 1674 homines
1485 1640 1566 1674 feli·

177 1698 237 1721 ces
276 1683 425 1718 reddere
469 1681 687 1727 decreverit,
728 1682 894 1727 dogmata
930 1696 992 1717 sua
1024 1691 1057 1718 et
1090 1683 1248 1719 instituta
1282 1686 1373 1720 male
1412 1686 1454 1719 ab
1489 1686 1565 1731 jud.

178 1730 297 1776 stirpis
323 1727 536 1762 Christianis
560 1728 768 1772 reprehendi
795 1728 1061 1775 tenendumque
1084 1728 1126 1763 iis
1149 1743 1244 1774 esse,
1279 1745 1315 1766 se
1342 1744 1565 1778 paganorum

179 1776 391 1820 magistrum
426 1782 459 1808 et
485 1786 503 1806 a
540 1775 621 1807 Deo
654 1774 888 1809 constitutum
925 1788 1000 1809 esse
1029 1777 1110 1810 Act.
1137 1777 1267 1816 26,17.
1303 1786 1337 1812 et
1361 1791 1379 1812 a
1406 1790 1568 1812 summae

179 1819 402 1856 auctoritatis
428 1820 610 1864 Apostotis
634 1820 792 1865 agnitum
820 1819 900 1854 Gal.
918 1823 953 1862 2,
966 1822 999 1856 7.
1013 1835 1105 1868 sqq..
1155 1824 1203 1857 At
1221 1824 1272 1858 sic
1297 1825 1334 1857 P.
1363 1838 1391 1858 c.
1412 1825 1567 1858 9.-11.

181 1867 357 1912 disputat,
400 1871 439 1898 ut
472 1877 553 1898 eum
590 1865 661 1908 jud.
698 1865 817 1911 stirpis
844 1865 1132 1902 Christianorum
1167 1869 1432 1904 sollicitudines
1458 1883 1497 1904 ex
1524 1882 1567 1903 eo

183 1921 300 1953 ortas,
333 1912 430 1957 quod
456 1912 608 1956 populus
635 1911 708 1954 jud.
739 1912 808 1956 jam
834 1913 918 1946 Deo
943 1915 1081 1948 invisus
1106 1926 1184 1948 esse
1207 1923 1267 1948 aut
1293 1918 1338 1948 ab
1364 1929 1405 1949 ro
1431 1916 1570 1959 negligi

181 1959 366 1994 videretur
386 1956 420 2000 9,
433 1957 488 1991 50.
512 1958 605 2000 11,1.
626 1959 679 1992 11.
695 1958 752 1992 25.
770 1971 822 2003 sq.
841 1959 913 2002 29„
943 1959 1067 1994 tollere
1092 1960 1243 1994 voluisse
1270 1970 1394 2006 pateat.
1444 1962 1569 2007 ltaque

182 2005 259 2040 Dei
283 2005 455 2036 instituta
489 2002 659 2047 epistolae
696 2003 850 2038 lectores
875 2008 964 2038 cura
990 2005 1204 2049 affecerant,
1238 2019 1314 2039 mm
1342 2008 1454 2042 Pauli
1474 2020 1566 2042 con-

181 2052 269 2085 silia
299 2061 360 2082 eos
400 2048 705 2083 exacerbaverant.
761 2049 842 2082 Non
869 2057 964 2085 recte
994 2051 1036 2083 V.
1064 2051 1109 2086 D.
1140 2051 1245 2087 Rom.
1272 2057 1298 2091 l,
1325 2055 1375 2088 16.
1400 2055 1435 2098 Q,
1453 2055 1486 2088 9.
1513 2055 1569 2089 10.

181 2097 353 2143 πρῶτον,
391 2093 488 2140 quod
524 2092 572 2126 ibi
604 2095 843 2135 potissimum
868 2098 988 2138 -valet‚
1033 2100 1083 2129 ad
1116 2087 1260 2139 teinpus
1284 2099 1422 2135 rettulit
1447 2102 1494 2145 (v.
1519 2100 1567 2134 ibi

184 2144 293 2183 not.).
349 2141 443 2174 Tum
476 2139 624 2173 Paulum
656 2140 844 2185 gentilium
879 2144 1088 2186 magistrun}
1122 2143 1248 2188 fuisse,
1291 2146 1372 2189 quia
1409 2147 1570 2191 gentileS,

185 2201 262 2224 non
284 2187 441 2221 Judaeos
467 2184 534 2219 sibi
572 2185 778 2220 edocendos
807 2187 1010 2230 sumsisset,
1047 2189 1205 2223 Baurus
1229 2190 1443 2226 existimasse
1471 2192 1570 2227 vide-

185 2241 246 2270 tur
273 2247 309 2280 p.
331 2233 406 2269 103.
425 2244 493 2278 sq..
547 2231 617 2265 Sed
645 2232 770 2266 exstitit
795 2231 836 2267 P.
860 2234 1048 2277 gentilium
1075 2235 1223 2280 doctor,
1259 2236 1386 2271 Petrus
1411 2239 1571 2272 Judaeo-

186 2294 290 2327 rum,
321 2279 418 2326 quod
453 2278 512 2312 hic
545 2277 744 2321 Judaeam,
780 2278 839 2313 ille
864 2284 996 2314 exteras
1021 2287 1153 2324 terras,
1195 2281 1230 2315 in
1257 2283 1385 2326 quihus
1410 2284 1570 2330 plerique

187 2333 304 2362 essent
336 2325 503 2372 gentiles,
543 2323 765 2380 provinciam
799 2325 944 2359 sortitus
976 2333 1064 2360 esset
1087 2328 1134 2368 (v.
1164 2340 1278 2362 meam
1305 2337 1502 2366 comment.
1528 2330 1572 2364 de

187 2372 372 2408 nonnullis
398 2370 440 2406 P.
465 2371 507 2404 ad
533 2369 615 2403 bal.
635 2381 688 2415 ep.
713 2369 736 2404 l.
758 2370 869 2413 1322.
897 2371 1078 2406 Rostochii
1106 2373 1204 2407 1834.
1237 2376 1288 2418 4.)
1339 2375 1376 2408 ln
1398 2379 1466 2422 qus.
1513 2389 1570 2410 [Ὅ-

188 2416 307 2455 νίηείἓι
335 2416 448 2452 Paulo
477 2422 512 2450 et
537 2416 662 2449 Judaei
699 2422 734 2449 et
760 2417 884 2462 pagani
917 2417 1103 2452 erudiendi
1129 2426 1249 2463 erant,
1282 2427 1316 2455 et
1340 2422 1390 2456 illi
1415 2390 1575 2468 quid'etn,

188 2472 229 2500 ut
262 2463 330 2498 Dei
364 2463 538 2509 promissa
574 2468 648 2495 rata
681 2461 808 2496 tierent
841 2463 949 2497 Rom.
980 2465 1106 2505 15,8.,
1137 2466 1374 2512 potissimum.
1432 2467 1573 2503 Omnes

188 2511 297 2556 igitur
323 2508 478 2543 veritatis
514 2514 615 2541 notas
649 2508 772 2552 habet,
807 2510 903 2554 quod
929 2511 1046 2545 Lucas
1072 2511 1107 2544 in
1137 2512 1236 2547 Actis
1263 2515 1459 2548 memoriae
1484 2527 1574 2560 pro..

192 2555 305 2601 didit,
347 2567 422 2588 non
459 2554 555 2599 prius
588 2554 738 2588 Paulum
773 2555 918 2599 gentiles
953 2556 1159 2601 magistrum
1197 2559 1344 2607 adiisse,
1385 2573 1490 2606 quam
1527 2561 1572 2595 ab

188 2602 333 2636 Judaeis
377 2601 529 2645 rejectus
564 2606 664 2634 esset.
725 2599 818 2634 Nihil
856 2600 899 2636 V.
931 2601 1001 2644 D.,
1042 2615 1113 2648 quo
1148 2616 1246 2638 suam
1283 2606 1325 2639 de
1365 2607 1574 2653 dogmatica

191 2647 360 2694 epistolae
384 2650 427 2681 ad
454 2647 637 2680 Romanos
662 2654 761 2693 parte
785 2648 994 2681 sententiam
1022 2651 1298 2698 corroboraret,
1342 2666 1379 2686 ex
1404 2652 1574 2695 homiliis,

191 2706 281 2739 quae
309 2692 506 2728 Clementis
542 2692 696 2726 Romani
730 2692 878 2726 nomine
921 2693 1250 2740 circumferuntur,
1294 2698 1465 2745 protulit,
1505 2699 1574 2732 nisi

191 2742 283 2782 hoe,
325 2751 446 2774 earum
479 2739 692 2783 scriptorem
719 2750 791 2772 non
828 2738 963 2782 minus,
998 2752 1103 2785 quam
1131 2742 1203 2786 jud.
1230 2744 1347 2789 stirpis
1374 2744 1574 2788 Romanos,

191 2788 235 2822 ad
270 2797 362 2831 quos
394 2785 526 2818 Paulus
560 2783 743 2829 epistolam
778 2784 949 2828 dedisset,
987 2787 1135 2821 sulutem
1163 2790 1370 2824 messianaiu
1400 2791 1576 2837 obsequio

194 2832 262 2877 legi
297 2843 386 2865 mos.
420 2832 610 2875 praestitO,
654 2842 725 2862 non
762 2829 829 2863 fide
862 2829 1003 2864 Christo
1038 2831 1204 2876 adjuncta
1239 2837 1360 2880 quaeri
1396 2837 1576 2871 censuisse

193 2883 243 2924 (p.
267 2878 346 2914 1²4.
361 2883 396 2912 et
416 2877 523 2920 122).
571 2876 673 2912 flant:
697 2875 771 2920 jud.
801 2876 953 2912 nationis
978 2877 1198 2924 Christianis,
1223 2881 1352 2928 quibus
1379 2881 1420 2918 P.
1438 2882 1574 2930 episto-
