1715 3115
153 193 239 237 308
439 189 810 235 EPISTULA
848 190 948 234 AD
980 189 1341 237 ROMANOS

155 300 199 335 ut
222 309 268 334 ex
296 295 349 335 iis·
365 327 374 342 ,
407 294 444 334 si
474 308 524 335 ea
555 293 646 334 sola
670 293 963 350 spectaveriS‚
993 294 1228 337 absolutum
1249 310 1272 337 a
1298 296 1397 339 Deo
1417 296 1470 340 de
1490 299 1629 343 homi-

153 351 280 392 nibus
301 351 470 391 Christi
500 351 746 391 interventu
775 348 957 391 beandis
979 349 1198 393 decretum
1225 350 1362 394 Panlo
1382 354 1531 412 judice
1559 372 1630 400 ca-

153 416 272 464 ptnm
307 421 404 447 esse
428 406 729 448 demonstrare
755 420 946 461 nequeas
973 409 1032 460 (ν.
1052 411 1232 464 supra),
1263 414 1406 452 tamen
1427 412 1627 469 Aposto-

153 466 240 505 lum
275 479 296 503 a
328 464 425 504 Deo
457 477 534 516 pro
554 462 736 505 arbitrio
764 461 960 504 delectos
993 477 1116 516 esse,
1150 464 1225 518 qui
1248 479 1377 519 quum
1401 467 1527 510 fatali
1550 484 1626 512 ne-

151 521 358 562 cessitate
388 520 527 562 coacti
551 519 729 561 Christo
763 518 889 561 tidem
918 520 1178 561 habuissent
1197 528 1415 564 aeternam
1437 523 1627 567 felicita-

151 585 235 618 tem
269 582 666 632 consequerentur,
710 574 818 617 illud
851 576 901 616 ‹le
932 575 1087 617 isaaco
1117 575 1265 618 datum
1296 579 1519 622 oraculum
1579 597 1627 624 er

150 634 357 686 ambages
379 632 630 688 significare
651 632 839 682 dixisse,
861 632 1068 673 vocabula
1092 647 1129 674 v.
1153 634 1218 674 11.
1239 631 1311 675 ἵνα
1334 633 1360 690 ἡ
1385 634 1477 677 κατ’
1496 636 1544 679 ἐκ
1575 654 1628 680 0-

150 699 226 756 ;‘t]1¹
260 699 484 755 πρόθεσις
513 700 592 740 τοῦ
625 701 736 739 θεοῦ
766 692 916 751 μένῃ
949 699 1104 739 docent
1135 699 1211 753 (ct.
1242 703 1408 757 supra).
1468 701 1626 761 Inepta

149 762 404 808 argumenta
429 763 554 807 sunt,
586 755 746 811 quihus
768 763 916 797 nostra
942 755 1070 812 liujus
1091 756 1120 798 l.
1151 756 1459 813 interpretatio
1483 760 1626 817 impu..

147 818 278 866 gnata
301 819 385 857 est.
425 811 538 853 Nam
562 811 614 853 de
636 810 809 854 decreto
834 812 918 853 Dei
939 826 1067 865 snper
1086 813 1395 855 immortali
1412 815 1624 859 homirnam

146 870 359 925 felicitate
379 874 505 925 capto
530 867 713 909 Paulum
737 883 773 910 v.
800 871 867 911 11.
892 868 1013 923 loqui
1037 869 1232 909 nonnulli
1257 876 1440 927 propter
1469 886 1519 913 ea
1550 887 1623 914 ne-

147 933 330 978 garunt,
370 924 484 981 qnod
522 925 685 967 Genes.
715 926 794 973 25,
822 926 889 966 23.
920 934 962 966 et
989 924 1096 968 Mal.
1133 926 1179 974 1,
1200 925 1242 967 2.
1264 926 1307 968 3.
1338 927 1492 970 nonde
1513 929 1624 984 ipsis

147 981 291 1024 isaaci
321 983 450 1033 liliis,
481 981 558 1023 sed
584 981 637 1022 de
668 983 869 1038 populis,
902 995 1013 1037 qnos
1042 980 1261 1023 condituri
1281 986 1452 1037 essent,
1481 999 1625 1028 sermo

147 1040 409 1081 instituatur
428 1039 571 1094 iisque
594 1039 771 1095 populis
795 1053 935 1093 neque
966 1037 1220 1083 felicitatem
1242 1045 1463 1082 aeternam
1484 1055 1624 1096 neque

146 1096 458 1152 sempiternam
481 1095 701 1136 iniseriam
716 1127 727 1146 ,
759 1093 833 1135 secl
869 1094 1090 1135 meliorem
1113 1094 1465 1151 deterioremque
1484 1097 1624 1139 sortu-

147 1168 268 1203 nam,
302 1167 429 1208 quam
462 1152 658 1193 homines
687 1157 786 1192 ante
816 1151 979 1192 obitum
1002 1150 1194 1191 babituri
1214 1160 1384 1204 essent,
1415 1153 1478 1195 ibi
1502 1154 1623 1196 Deus

145 1210 370 1251 ominatos
394 1209 454 1250 sit
475 1210 535 1263 (v.
558 1208 831 1259 Limborcle„
866 1208 1105 1259 Turrelin„
1141 1207 1348 1262 Curpzov.
1364 1240 1376 1258 ‚
1410 1210 1621 1253 Noesselt.

146 1282 184 1321 p.
211 1267 332 1317 161„
369 1265 565 1309 Tleolucc.
587 1265 680 1317 aL).
739 1265 802 1306 At
831 1263 882 1307 P.
908 1263 1080 1319 quidem
1105 1264 1265 1309 Genes.
1286 1265 1355 1316 25,
1367 1264 1437 1310 23.
1459 1274 1502 1306 et
1516 1266 1622 1311 Mal.

147 1326 194 1375 l,
215 1323 254 1362 2.
275 1322 317 1366 3.
350 1321 403 1362 ad
434 1319 544 1376 ipsos
575 1320 719 1362 Isaccci
744 1320 857 1373 filio-s·
886 1320 1060 1362 rettulit
1089 1324 1163 1376 (v.
1194 1322 1372 1377 supra)
1447 1322 1622 1365 Deinde

147 1377 331 1420 Paulum
358 1379 521 1422 Genes.
542 1378 612 1428 25,
634 1377 704 1419 23.
728 1378 998 1432 alleyoricccm
1025 1377 1428 1432 interpretationem
1450 1378 1621 1431 ingres-

145 1450 239 1476 sum
273 1436 485 1477 servitute
510 1434 649 1476 Esavo
679 1433 966 1485 denunciata,
1004 1433 1227 1474 dominatu
1262 1434 1425 1476 jacobo
1456 1435 1622 1477 indicto

146 1493 288 1533 Deum
316 1491 447 1533 simul
467 1492 714 1544 ampliorem
741 1503 830 1530 rem
854 1495 1060 1544 tanquam
1084 1503 1161 1546 per
1181 1496 1463 1532 transennam
1483 1492 1621 1535 homi-

145 1549 272 1589 nibus
303 1548 600 1599 significasse,
631 1546 673 1587 h.
696 1559 734 1587 e.
766 1560 812 1586 se
840 1545 1059 1587 arbitratu
1085 1561 1163 1588 suo
1184 1546 1403 1598 homines,
1436 1549 1510 1602 qni
1542 1562 1623 1604 per

145 1605 366 1647 Christum
397 1602 641 1644 certissime
673 1602 932 1651 bearentnr,
972 1601 1216 1653 delegisse,
1248 1602 1423 1643 credere
1456 1604 1522 1644 illi
1555 1606 1621 1645 in·

143 1666 361 1716 terpretes
391 1673 474 1699 non
507 1655 825 1713 perpenderunt
857 1657 942 1710 (Μ’.
966 1671 1004 1699 v.
1031 1658 1097 1698 ll.
1128 1655 1198 1696 ἵνα
1225 1656 1401 1713 —-,11:·,'2·J,1
1433 1666 1476 1699 et
1508 1674 1618 1714 quae

144 1729 275 1771 supra
297 1714 524 1767 diximus).
587 1711 743 1766 Neque
764 1712 893 1753 aliter
916 1710 965 1754 P.
989 1727 1028 1755 v,
1046 1714 1088 1754 7.
1107 1715 1148 1754 8.
1173 1713 1334 1755 Ganos.
1356 1717 1426 1765 ΖΙ,
1453 1716 1517 1756 12.
1550 1716 1616 1755 in-

144 1777 414 1826 terpr‹·t.·1111s
444 1777 528 1810 est.
601 1768 828 1809 Postremo
853 1783 963 1824 qnae
985 1768 1091 1812 Mal.
1117 1770 1153 1819 l,
1175 1768 1217 1810 4.
1249 1767 1300 1809 de
1323 1769 1616 1812 Edomitarum

141 1828 309 1868 sedibus
327 1826 572 1883 perscripta
597 1829 697 1866 suut
720 1830 881 1865 temere
904 1825 970 1865 ilii
989 1825 1305 1880 explicatores,
1337 1840 1466 1880 qumn
1489 1840 1528 1868 v.
1549 1827 1617 1870 13.

141 1888 431 1939 exponerent,
462 1881 805 1924 immiscuerunt.
866 1879 979 1922 Nam
1005 1879 1053 1923 P..
1075 1895 1114 1922 v.
1145 1881 1211 1923 13.
1240 1881 1307 1922 his
1330 1889 1494 1922 tantum
1518 1897 1617 1938 pro-

142 1940 300 2007 phetae
334 1939 477 1980 verbis
509 1953 615 1978 usus
642 1943 731 1979 est:
770 1935 844 1976 τὸν
870 1935 1026 1989 Ἰακώβ
1055 1933 1282 1991 ἤγάῑιησα,
1314 1935 1389 1977 τὸν
1411 1938 1457 1979 dc?
1478 1934 1616 1980 Ἠσαῦ

143 1995 355 2050 epilogum:
396 1995 454 2036 ita
484 1992 657 2050 quidem
687 1993 960 2049 explanatis:
1009 1992 1217 2035 Jacohum
1249 1993 1434 2035 nondum
1467 2002 1613 2035 natum

141 2066 288 2093 amore
312 2052 453 2093 Deum
474 2051 718 2106 amplexum
743 2064 855 2100 esse,
873 2064 974 2103 erga
996 2049 1181 2090 Esavnm
1202 2048 1388 2090 nondum
1409 2050 1452 2090 in
1476 2051 1613 2092 lucem

142 2108 305 2149 editum
335 2108 480 2150 odium
503 2107 778 2163 concepisse,
814 2112 856 2146 ut
885 2106 1020 2147 Deum
1045 2106 1086 2146 in
1108 2106 1221 2146 tacto
1243 2106 1460 2147 hominum
1481 2106 1613 2148 hean-

143 2165 293 2206 dorum
317 2165 487 2206 delectu
500 2177 646 2204 amore
661 2167 704 2204 et
721 2161 881 2204 invidia
896 2161 1069 2203 ductum
1089 2176 1187 2203 esse
1207 2175 1230 2201 e
1251 2162 1396 2203 literis
1416 2172 1613 2204 s.osten-

143 2220 282 2264 deret.
341 2220 482 2276 Quam
503 2220 557 2261 ob
577 2233 668 2261 rem
691 2223 835 2259 utrum
851 2217 952 2275 jure
974 2217 1022 2259 P.
1043 2232 1096 2259 an
1115 2216 1274 2274 injuria
1292 2217 1465 2258 tristem
1487 2233 1611 2261 suam

144 2277 404 2319 sententiam
436 2276 529 2318 illis
561 2275 621 2319 V.
642 2276 699 2317 T.
726 2274 837 2316 locis
865 2275 1103 2316 firmaverit
1123 2272 1316 2315 dubitari
1345 2279 1512 2329 potest:
1543 2276 1610 2317 di·
1650 2272 1652 2276 ’

144 2335 260 2374 xisse
286 2332 467 2375 Paulum
491 2333 610 2374 illam
635 2345 834 2387 asperam
855 2330 1117 2373 sententiam
1137 2329 1331 2383 locisque
1357 2329 1411 2372 V.
1431 2329 1488 2373 T.
1518 2347 1610 2373 mu-

144 2390 304 2430 nivisse
330 2391 394 2431 vir
415 2388 569 2431 doctus
590 2388 768 2442 verique
790 2401 939 2428 amans
957 2385 1193 2428 concedere
1210 2384 1353 2429 debet.
1402 2384 1610 2443 Plerique

145 2447 433 2501 interpretes,
473 2460 525 2488 ne
560 2444 723 2486 Paulus
759 2443 902 2484 Deum
939 2442 1135 2498 iniquum
1174 2447 1404 2495 tyrannum
1443 2444 1610 2486 faceret

145 2511 397 2557 mentesque
425 2501 640 2544 hominum
671 2499 810 2541 libera
846 2501 1069 2540 voluntate
1097 2497 1312 2554 spoliatas
1341 2499 1605 2542 necessitate

143 2558 223 2598 inti
252 2557 512 2606 devinciret,
545 2556 804 2610 theologicis
832 2556 949 2611 capti
980 2553 1259 2612 praejudiciis
1291 2553 1429 2597 Deum
1457 2570 1532 2598 eos
1560 2563 1608 2599 ut

143 2628 221 2668 per
236 2612 457 2656 Christum
481 2614 714 2655 bearentur
733 2611 975 2666 delegisse,
1005 2625 1104 2667 (suos
1118 2608 1245 2662 sidem
1269 2609 1430 2652 Christo
1445 2611 1605 2666 adjun-

143 2675 284 2711 cim-os
315 2670 611 2724 honestumque
640 2670 769 2710 ritum
808 2672 976 2708 tacturos
1009 2680 1097 2707 csse
1132 2666 1511 2723 praesidi-sset
1546 2667 1603 2710 ah

143 2727 235 2781 Ap.
260 2727 301 2768 h.
322 2726 352 2767 l.
378 2725 522 2766 doceri
544 2725 711 2781 opinati
734 2729 850 2764 sunt.
913 2720 1113 2777 Namque
1132 2721 1274 2762 Deum
1295 2720 1503 2764 Jacobum
1526 2722 1604 2765 do-

143 2783 328 2832 minnm,
358 2780 542 2821 Esavum
580 2794 750 2820 serrum
782 2777 1086 2828 constituisse,
1116 2775 1230 2832 quod
1260 2777 1384 2819 illum
1405 2779 1604 2835 probum,

140 2837 251 2878 hunc
283 2837 524 2894 improbum
565 2837 758 2877 futurum
795 2848 892 2876 csse
919 2833 1137 2878 scivisset.
1205 2832 1273 2879 Cf.
1303 2847 1343 2879 v.
1375 2848 1414 2879 c.
1442 2834 1601 2889 Chrys„
