1715 3115
161 207 219 249 52
445 202 824 247 EPISTOLA
860 204 959 248 AD
988 203 1348 269 ROMANOS

162 312 299 356 tentia
324 325 365 354 v.
392 311 459 352 16.
488 309 645 361 sumit,
689 313 738 350 nt
771 323 822 350 eo
860 309 974 365 quod
1006 311 1129 367 ponit
1159 325 1198 366 r.
1223 313 1293 355 17.
1323 310 1433 353 satis
1453 309 1627 365 firmato

166 384 207 412 v,
233 367 432 409 18—20.
451 372 585 407 totam
608 366 749 421 possit
772 366 983 408 rationem
1003 368 1261 409 concludere
1283 369 1405 410 v.21.
1425 363 1484 409 cl.'
1504 364 1626 409 v.25.

167 426 266 467 fin.:
297 424 414 480 (tiqui
432 424 496 477 (h.
516 437 555 464 e.
576 421 922 478 quandoquidem
945 437 1042 465 vera
1064 430 1132 465 est
1154 439 1262 479 qnae
1286 438 1414 466 versu
1435 424 1504 466 16.
1525 436 1628 464 con-

165 482 332 523 tinetur
374 478 610 530 sententia)
651 493 731 519 mm
771 477 872 533 jum
906 494 978 533 eye
1019 479 1133 534 quod
1171 480 1380 536 displicet
1420 483 1627 535 perpetro

165 535 380 592 (alioquin
404 549 483 586 ego
508 534 550 575 id
575 541 828 591 perpetrare
848 535 963 576 recte
985 534 1242 592 judicarer),
1273 536 1348 577 scd
1380 535 1453 591 qui
1484 535 1526 587 in
1559 547 1628 576 mo

168 593 337 634 habitat
354 590 563 632 Peccatus
583 590 803 645 (dominns
823 591 906 632 iste
928 584 1047 632 meus
1069 606 1108 635 v.
1123 593 1214 646 14.)
1238 592 1279 634 h.
1302 607 1342 635 e.
1361 590 1505 632 demta
1526 587 1629 646 pro-7

172 649 435 706 sopopoeia:
466 647 590 702 atqui
614 662 724 703 quae
748 648 940 704 improbe
964 649 1074 689 facio
1106 663 1187 689 non
1216 647 1303 704 jam
1334 647 1465 689 menti
1496 660 1630 698 meae,

169 720 278 761 quac
295 704 431 746 Mosis
450 704 589 756 legem
612 711 803 745 sanctam
824 719 919 745 esse
942 705 1130 745 fateatur
1155 719 1194 746 v.
1220 706 1308 755 10„
1338 704 1415 746 sed
1434 702 1630 744 malitiae

169 760 434 815 assignanda
455 765 571 811 sunt,
601 761 686 816 qua
706 775 771 801 me
790 761 844 801 ad
866 761 976 801 male
998 761 1108 801 sacta
1131 760 1272 816 abripi
1293 763 1434 816 patiar
1455 762 1517 816 (v.
1537 763 1630 802 nota

169 818 223 860 ad
246 832 286 861 V.
310 819 415 869 13.).
471 815 614 857 Voces
636 818 723 857 νυνὶ
742 816 790 858 δέ
807 818 847 858 in
873 817 1143 858 assumtione
1171 821 1231 871 (ν.
1256 815 1290 867 l,
1313 817 1432 870 182.)
1459 816 1630 872 positae

171 879 295 925 sunt,
326 873 449 931 cnjus
480 872 804 914 fundamentum
833 880 901 915 est
931 888 971 916 v,
996 874 1082 916 16..
1150 869 1313 926 οῧκέτι]
1347 869 1427 914 οὐκ
1456 871 1527 914 33.
1556 869 1629 914 55.

171 931 274 986 Syr.
304 930 411 985 Erp.
442 927 594 971 Sedul.
625 928 807 973 Hieron.
845 931 980 970 semel
1017 931 1229 985 probante
1267 927 1413 970 Mallio
1450 926 1630 981 Proleg.

172 990 215 1041 §.
239 987 388 1036 1253„
421 985 494 1039 qui
515 981 581 1026 ἔιι
601 986 892 1041 explicatores
914 986 1130 1043 adjecisse
1155 989 1294 1042 putat.
1352 982 1447 1026 Inio
1467 982 1534 1026 ἔτι
1554 987 1631 1026 ant

171 1047 442 1085 correctores
465 1041 798 1094 oblitterarunt‚
838 1057 946 1097 qnos
968 1043 1083 1082 vocis
1107 1042 1172 1083 vis
1201 1041 1336 1094 sugit,
1374 1046 1475 1094 aut,
1513 1036 1631 1095 quod

171 1100 277 1142 mihi
297 1099 389 1140 veri
411 1097 599 1138 similius
621 1098 814 1149 videtur,
845 1100 1014 1139 scribae
1033 1103 1077 1139 et
1096 1099 1359 1154 interpretes
1385 1112 1463 1154 per
1491 1095 1633 1149 negli-

175 1156 366 1209 gentiam
399 1154 641 1194 omiserunt
669 1159 716 1194 ut
741 1155 994 1195 vocabulum
1015 1169 1098 1195 non
1123 1153 1417 1195 necessarium
1441 1157 1503 1208 (v.
1524 1151 1631 1206 Syr·

176 1216 242 1264 11,
262 1213 342 1264 6.).
402 1209 632 1265 Nunquam
655 1224 738 1250 non
763 1207 910 1252 οῧκέτι
931 1217 975 1251 et
1001 1208 1158 1266 μηκέι·ι
1189 1209 1385 1251 idoneam
1418 1209 1631 1250 rationem

173 1269 356 1319 habere,
392 1267 448 1307 iis
479 1267 554 1322 qui
585 1272 826 1307 conitextam
860 1267 1100 1308 orationem
1130 1271 1207 1307 aut
1229 1265 1488 1307 sententiam
1520 1263 1635 1305 satis.

175 1323 460 1381 expenderint
489 1323 663 1362 minime
692 1323 946 1375 obscuram,
993 1329 1037 1364 et
1063 1323 1279 1364 erravisse
1308 1323 1383 1378 qui
1413 1319 1633 1367 ot’messuet

173 1380 330 1437 μηκέτι,
351 1392 654 1434 nonnunquam
679 1379 707 1421 i.
727 1393 768 1434 q.
792 1376 842 1420 οὐ
862 1385 905 1420 et
922 1375 983 1434 μή
1000 1380 1171 1439 pollere
1193 1379 1296 1420 olim
1325 1378 1634 1420 existimarunt

176 1440 237 1491 (v.
258 1436 447 1478 Schlcns.
475 1434 585 1478 Lex·
613 1433 679 1487 ll,
697 1436 820 1489 3224.)
848 1450 959 1476 nunc
993 1435 1103 1478 satis
1138 1439 1310 1477 constat
1337 1437 1398 1489 (v.
1426 1433 1533 1476 Win.
1562 1447 1633 1488 gr.

177 1494 276 1536 560.
300 1491 363 1547 ³ff).
438 1483 499 1533 H.
520 1492 553 1534 l.
582 1488 730 1533 οὐκέκ
761 1492 803 1532 in
836 1492 1214 1544 argumentatione
1241 1491 1430 1548 positum
1462 1488 1638 1546 aliquid·

170 1549 271 1605 jam
293 1563 372 1590 non
392 1562 488 1588 esse
509 1548 753 1599 significat,
797 1549 911 1603 quod
939 1562 992 1589 ex
1019 1548 1107 1589 aliti
1138 1563 1185 1589 re
1215 1562 1368 1590 nexum
1397 1547 1634 1589 etiamnum

180 1610 321 1657 esset,
360 1604 447 1644 nisi
474 1618 546 1644 res
573 1604 742 1644 sublata
777 1609 916 1657 esset,
954 1619 1006 1645 ex
1037 1605 1121 1660 qus:
1153 1604 1196 1646 id
1223 1618 1485 1661 suspensum
1514 1606 1636 1645 esset

178 1664 269 1717 (ll,
287 1664 333 1704 (5.
366 1661 466 1702 Gal.
488 1661 528 1711 3,
556 1660 659 1712 18.).
727 1659 828 1701 Nisi
850 1660 1008 1704 ,ludaei
1030 1661 1225 1702 faciendo
1245 1675 1293 1701 ea
1318 1674 1428 1716 qnae
1446 1660 1636 1701 detesta-

176 1723 326 1760 rentur
349 1716 485 1757 Mosis
509 1717 647 1769 legem
679 1718 943 1773 praeclaram
964 1732 1061 1759 esse
1079 1718 1412 1769 confiterentur,
1435 1714 1527 1773 jam
1548 1714 1637 1770 ipsi

178 1774 300 1815 nefas
325 1773 465 1813 facere
485 1779 602 1813 recte
621 1780 919 1817 censerentur.
977 1773 1090 1815 Nam
1112 1788 1259 1815 eorum
1282 1787 1401 1815 mens
1420 1771 1637 1828 approba—

179 1835 249 1871 ret
275 1844 384 1885 quae
413 1830 621 1871 facerent.
678 1830 902 1872 Contende
933 1844 972 1873 v.
1007 1844 1047 1872 v.
1070 1829 1137 1873 15.
1180 1827 1204 1871 ὅ
1233 1829 1332 1885 γὰρ
1364 1822 1636 1882 κατεργά-

187 1885 351 1938 ζομαι
385 1884 435 1926 οὗ
467 1883 689 1939 γινώσκω,
739 1900 850 1940 quae
890 1885 937 1931 Ρ,
967 1887 1214 1928 accuratius
1246 1887 1289 1929 h.
1317 1887 1350 1928 1.
1389 1882 1635 1926 constituit.

182 1942 419 1984 Falluntur
439 1942 512 1996 qni
533 1942 624 1982 νυνὶ
645 1942 691 1983 (δὲ
712 1945 765 1982 ad
784 1947 948 1996 tempus
968 1943 1010 1984 h.
1029 1943 1061 1984 l.
1084 1944 1300 1984 referunt:
1349 1955 1460 1982 nunc
1491 1944 1636 1980 autem

182 2001 295 2052 (post
318 1999 445 2051 leqem
465 1997 634 2049 datam,
665 1998 810 2049 Grot.3
840 2013 898 2039 ez·
919 2012 996 2054 (μιο
1023 2003 1209 2052 tempore
1230 1998 1440 2040 Christum
1469 2008 1634 2050 sequor,

183 2054 363 2108 Kopp.).
423 2052 577 2108 Neque
597 2053 709 2094 enim
731 2059 926 2111 tempora
951 2055 1189 2110 praeterita
1213 2053 1472 2095 antecedunt
1498 2065 1540 2094 v.
1564 2049 1637 2092 14.

184 2124 283 2165 sqq.
315 2108 398 2162 ἐγὼ
427 2109 473 2149 δὲ
505 2109 714 2163 σαρκικὸς
745 2106 815 2165 ἢν.
894 2109 996 2165 ἐγώ]
1031 2111 1154 2152 Dicit
1187 2116 1392 2161 mentem,
1438 2121 1549 2163 quae
1590 2107 1636 2146 in

183 2180 289 2207 sano
309 2172 351 2205 et
371 2179 495 2220 quem
525 2165 732 2207 l’eccatus
753 2181 876 2208 suum
900 2167 1156 2223 mancipium
1180 2181 1261 2208 non
1282 2164 1436 2206 fecerit
1462 2162 1636 2205 homine

186 2236 344 2277 corpus
382 2221 496 2273 regit
532 2222 753 2277 vitamque
791 2222 1041 2264 moderatur
1070 2224 1129 2278 (v.
1153 2223 1223 2264 20.
1252 2222 1323 2264 22.
1350 2220 1460 2274 25.).
1543 2218 1637 2262 Cle-

187 2277 336 2320 Somn.
361 2275 478 2332 Scip.
501 2290 538 2319 c.
557 2278 595 2320 8.
628 2303 679 2309 —
710 2293 785 2320 nec
803 2280 915 2320 enim
935 2285 981 2320 tu
1007 2293 1078 2330 es,
1116 2293 1240 2333 quem
1269 2278 1408 2318 forma
1438 2277 1525 2318 ista
1556 2274 1637 2316 de-

186 2335 350 2383 clarat,
379 2334 456 2374 sed
477 2347 598 2374 mens
627 2334 841 2391 cujusque
869 2336 907 2376 is
935 2339 1002 2377 est
1040 2334 1248 2388 quisque,
1287 2347 1371 2375 non
1400 2347 1450 2374 ea
1478 2332 1636 2385 figura,

186 2404 295 2444 quae
323 2389 460 2445 digito
487 2389 778 2433 demonstrari
805 2397 966 2448 potest.
1031 2385 1122 2431 ἀλλ’
1150 2389 1174 2446 ἡ
1210 2389 1294 2433 οἰκ.
1324 2387 1370 2433 ἐν
1396 2387 1496 2442 ἐμοὶ
1516 2386 1635 2442 Ἀμ.]

233 2578 271 2622 ³¹⁵)
298 2572 351 2611 De
375 2577 559 2611 nonnullis
583 2579 606 2612 Ι.
638 2579 739 2612 aliter
764 2580 876 2613 sentio
904 2591 1007 2624 quam
1039 2579 1157 2622 W'in„
1201 2592 1238 2614 v.
1263 2591 1293 2614 c.
1318 2579 1360 2612 de
1383 2578 1465 2612 Act.
1494 2575 1547 2619 13,
1576 2575 1636 2611 34.

280 2624 340 2656 ubi
357 2642 402 2649 —-
425 2625 549 2668 μηκίτι
574 2625 752 2668 μέλλοντα
767 2623 1011 2670 ὑποστρέφειν
1029 2628 1075 2663 εἷς
1091 2624 1306 2670 διαφθοράν
1323 2623 1503 2657 hominem
1524 2627 1638 2664 notat,

280 2668 339 2712 qui
362 2680 436 2701 non
458 2671 583 2701 iteruin
608 2673 724 2703 nnn-n
745 2671 912 2704 abnoxius
940 2673 992 2704 sit.
1051 2671 1193 2716 Quippe
1220 2677 1293 2703 lum
1324 2671 1374 2701 ad
1400 2666 1636 2712 putredinem,

278 2721 353 2747 tum
370 2716 421 2746 ad
441 2713 620 2756 pulverem
643 2714 789 2758 (Genus.
804 2716 835 2759 3,
859 2717 908 2749 19.
925 2715 1162 2760 ιῖποςτζιὲᾳειν
1181 2719 1227 2754 εἰς
1244 2716 1307 2757 τήν
1323 2715 1405 2759 γῆν)
1424 2711 1637 2746 revertimur

278 2761 485 2791 moriendo.
537 2762 657 2801 Quare
676 2768 823 2806 utraque
842 2762 1002 2805 loquulio
1020 2763 1104 2794 nihil
1129 2764 1193 2795 nisi
1221 2763 1321 2794 muri
1342 2758 1505 2792 declarat.
1560 2759 1636 2791 Ar-

279 2812 359 2848 guta
379 2804 527 2837 VVmert
542 2805 764 2843 aliorumque
784 2807 1025 2846 interpretatio
1045 2806 1109 2840 bac
1127 2805 1211 2840 falsa
1230 2805 1398 2850 opinione
1418 2804 1557 2844 nititur,
1582 2814 1635 2836 va-

277 2848 350 2883 lere
368 2846 611 2896 ὑποστρέφειγ
632 2854 679 2891 εἰς
698 2851 911 2898 διαφθοράν
927 2853 1059 2888 reverti
1073 2852 1375 2898 in'putrediuem‚
1398 2848 1559 2888 dissolvi.
