1715 3115
479 153 636 204 cAP.
666 154 766 205 XI.
807 154 902 203 Vs,
937 158 1014 203 17.
1044 161 1100 200 et
1131 157 1226 203 18..
1506 161 1594 204 497

114 269 254 309 strum
275 262 505 333 d'yomnov
521 264 775 322 appellasse
796 267 840 308 et:
857 264 998 307 fuisse
1027 263 1309 323 proverbium
1336 260 1592 319 ἆκαρπότε-

112 337 191 378 ρος
208 318 438 378 ἀγριππου
460 323 503 363 in
523 322 648 364 valde
669 336 886 380 pauperes
907 322 1072 364 dictum
1091 321 1220 363 multi
1234 321 1471 364 memoriae
1489 338 1590 379 pro-

112 379 337 422 diderunt.
397 378 584 423 Suidas:
625 376 934 434 ἆκαρπότερος
962 377 1218 435 ἀγρίππου,
1259 376 1336 420 ἐπὶ
1360 379 1446 419 τῶν
1474 378 1592 423 πάνυ

112 434 378 488 πενομένων.
435 436 653 485 Λάκωνες
679 435 762 490 γὰρ
789 434 868 489 τὴν
897 434 1054 490 ἀγρίαν
1082 433 1236 478 ἐλαίαν
1260 433 1490 488 ἅγριππον
1512 453 1590 479 κα-

111 492 281 534 λοῦσιν.
341 491 463 533 Idem
486 492 666 534 tradunt
686 491 910 533 Zenobius
932 491 1082 546 Adag.
1105 493 1145 542 l,
1163 492 1235 533 60.
1280 491 1588 545 Diogenianus

111 547 247 591 Prov.
265 550 306 601 2,
318 550 388 592 63.
410 556 454 591 et
474 550 675 591 Zonaras
696 564 733 590 s.
752 561 794 592 ν.
814 548 1058 603 ἄγριππος.
1106 548 1223 590 Ven.
1244 547 1449 590 Reii-liius
1471 552 1590 592 olea-

112 611 252 647 strum
275 620 297 646 a
321 605 570 647 Laconibus
591 605 820 660 ἄγριππον
841 606 1076 646 vocitatum
1097 619 1195 647 esse
1220 603 1402 646 Suidam
1425 613 1588 650 temere

111 662 358 714 dictitasse,
388 663 525 704 fuisse
547 664 695 719 potius
716 659 946 717 ἄγριππον
965 662 1162 717 elaeaym‘
1181 661 1387 717 speciem,
1413 665 1589 706 arboris

113 719 169 760 ab
188 719 284 760 oleti
304 721 433 772 longe
454 719 679 770 diversae,
717 733 848 774 quum
868 719 955 760 alia
977 720 1144 760 familia
1164 718 1409 776 (diffindi-ia)
1431 722 1588 775 oleam,

112 776 201 818 alia
227 776 512 830 (tetrandria)
533 776 789 829 elaeagnum
806 775 852 829 ᾗ)
874 777 1110 827 contineat,
1143 775 1403 830 affirmavit,
1435 791 1589 821 vereor

113 838 162 874 ut
180 833 290 874 satis
311 832 603 875 considerate.
661 832 815 874 Primo
835 847 929 873 cum
953 832 1089 875 Snida
1109 832 1361 888 Hesychius
1381 836 1589 890 concinit,

111 887 339 945 ι’ἱγριππον
379 903 401 930 a
439 887 596 945 κοτίνῳ
636 903 721 932 non
760 888 938 932 differre
979 890 1093 930 haud
1135 890 1322 930 obscure
1361 891 1587 937 indicans:

110 945 303 1002 ἄγριφος
320 945 435 1000 (lgd.
450 946 714 1001 ἄγριππος),
737 946 859 1000 γένος
876 962 920 987 τι
942 942 1098 1001 ἀγρίας
1117 944 1270 995 ἐλαίας
1285 942 1329 989 '0
1341 947 1365 987 λ
1378 963 1439 999 υμ
1454 964 1514 991 stc
1528 951 1587 991 ἇ-

112 1016 212 1044 σιν.
281 1002 427 1046 Notus
450 1005 563 1045 enim
587 1008 654 1045 est
675 1000 850 1044 κοτίνου
876 1002 1116 1058 στέφανος,
1159 1002 1236 1057 qui
1266 1003 1585 1062 olympionicas

112 1059 286 1101 ornavit
304 1063 364 1115 (v.
377 1060 622 1103 Schneider.
639 1059 692 1100 ad
705 1059 1006 1116 Theophrast.
1021 1059 1078 1102 V.
1101 1059 1256 1117 p.425.
1271 1063 1376 1116 sq.).
1408 1061 1586 1106 Deinde

111 1114 362 1158 Pausanias
380 1118 422 1168 2,
438 1116 509 1169 32,
527 1117 569 1159 9.
602 1113 774 1158 κότινον
803 1117 858 1157 ad
887 1118 943 1157 τὰ
975 1116 1199 1172 ἄκαρπα
1227 1117 1306 1168 τῆς
1333 1115 1485 1169 ἐλαίας
1514 1135 1586 1163 re-

110 1173 224 1215 fert:
262 1170 423 1228 ῥάχους
439 1175 518 1226 μὲν
540 1171 590 1227 δὴ
613 1173 800 1215 καλοῦσι
823 1174 1081 1228 Τροιζήνιοι
1116 1173 1222 1214 πᾶν
1253 1171 1380 1215 ὅσον
1414 1175 1586 1234 ἄκαρ-

109 1243 214 1270 πον
237 1227 451 1278 ἐλαίας,
483 1227 704 1271 κότινον
729 1231 801 1272 καὶ
817 1229 981 1285 φυλίαν
1000 1230 1072 1271 καὶ
1090 1226 1254 1271 ἔλαιον.
1287 1229 1493 1289 Denique
1512 1249 1583 1276 res

109 1287 207 1342 ipsa
221 1284 402 1328 Suidam
423 1285 657 1328 defendere
675 1286 862 1329 videtur.
903 1286 1040 1328 Oleae
1056 1287 1225 1330 fructus
1241 1287 1584 1333 oleastri‘olivas

108 1344 312 1385 ubertate
333 1343 514 1385 multum
534 1343 725 1396 vincunt,
746 1358 769 1385 e
793 1345 954 1399 quibus
975 1349 1018 1385 et
1036 1344 1167 1396 longe
1186 1344 1430 1397 ignobilius
1451 1363 1583 1403 quam

108 1414 133 1441 e
151 1401 377 1453 generosis
391 1401 521 1442 olivis
537 1401 678 1442 oleum
697 1406 738 1441 et
755 1401 962 1441 minorem
980 1400 1068 1441 olei
1082 1400 1249 1457 copiam
1265 1403 1485 1458 exprimas
1502 1404 1584 1457 5³²3).

109 1456 249 1499 Recte
265 1457 402 1511 igitur
418 1453 660 1510 πενόμενος
679 1463 723 1498 et
741 1454 973 1512 ἀνωφελής
990 1471 1085 1498 cnm
1105 1462 1298 1499 oleastro
1314 1460 1583 1514 conseratur,

111 1513 251 1555 πάνυ
290 1514 531 1566 πενόμενος
575 1511 958 1569 ἀκαρπότερος
998 1510 1283 1568 ἀγρίππου
1322 1514 1467 1558 dictus
1505 1520 1583 1564 sit.

109 1569 240 1612 Nunc
266 1577 314 1612 ut
340 1570 392 1611 ad
423 1570 708 1612 difficultates
728 1584 861 1627 supra
886 1575 1025 1611 motas
1046 1569 1245 1622 redeam,
1284 1573 1426 1628 primo
1447 1589 1582 1630 quae-

109 1627 249 1679 ritur,
279 1641 356 1668 cur
379 1626 429 1671 P.
453 1627 660 1684 populum
678 1627 901 1684 judaicum
922 1642 1017 1667 cum
1038 1627 1132 1668 oleti
1157 1634 1201 1669 et
1224 1642 1492 1683 paganorum
1516 1635 1581 1674 fa·

110 1684 276 1726 miliani
299 1699 392 1725 cum
417 1685 610 1726 oleastro
629 1684 881 1726 contulerit.
928 1683 1192 1727 Collationis
1214 1686 1327 1726 ratio
1350 1687 1391 1727 in
1415 1688 1581 1744 majore

110 1742 258 1792 oleae,
297 1742 464 1782 minore
492 1742 677 1782 oleastri
702 1741 926 1782 nobilitate
952 1740 1190 1793 (Baebia),
1232 1744 1386 1784 nonin
1415 1737 1582 1805 majore

112 1797 259 1848 oleae,
292 1798 459 1837 minore
484 1797 667 1838 oleastri
692 1796 928 1851 fertilitate
954 1798 1115 1851 (tuisse
1140 1797 1253 1838 enim
1276 1801 1463 1852 gentiles
1487 1805 1581 1859 pie-

111 1853 220 1894 tatis
250 1857 293 1894 et
322 1853 500 1895 virtutis
527 1853 703 1909 inopes,
740 1854 796 1894 cf.
818 1852 916 1894 Chr.
940 1854 1010 1897 Fr.
1033 1853 1218 1895 Schmid.
1239 1861 1282 1895 et
1301 1855 1470 1911 Kopp.)
1502 1874 1581 1916 po-

112 1909 198 1951 sita
220 1914 306 1953 est.
375 1910 554 1951 Scilicet
577 1909 722 1950 nobile
743 1908 1008 1952 ,Iudaeorum
1032 1924 1167 1963 genus
1187 1909 1328 1953 Paulo
1350 1914 1488 1956 visum
1512 1924 1582 1959 est

110 1969 173 2022 (1,
196 1968 264 2010 16.
303 1966 344 2018 3,
360 1966 402 2009 2.
441 1967 483 2017 9,
502 1967 546 2010 4.
567 1965 610 2009 5.
653 1966 721 2017 15,
740 1967 828 2019 8.),
877 1967 1106 2018 gentilium
1146 1967 1282 2009 multo
1320 1968 1580 2021 ignobilius.

110 2025 181 2066 At
210 2023 348 2076 idem,
387 2023 553 2078 inquit,
592 2023 685 2079 Ap.
707 2031 1007 2078 consequutus
1026 2030 1169 2075 esset,
1204 2024 1242 2066 si
1265 2026 1483 2070 notionem
1509 2029 1578 2086 jn-

110 2080 276 2122 daicam
306 2094 400 2122 cum
427 2081 507 2132 fico
525 2079 598 2135 (τῇ
619 2077 771 2133 συκῇ),
803 2093 1067 2135 paganorum
1093 2081 1301 2123 familiam
1322 2097 1416 2125 cum
1438 2079 1581 2140 casiri-

105 2135 189 2191 fieo
219 2138 301 2192 (τῷ
331 2135 506 2190 ἐρινεῷ)
535 2137 850 2179 contendisset.
920 2138 1010 2179 Cur
1040 2138 1178 2190 igitur
1206 2137 1257 2182 P.
1287 2148 1458 2193 gentem
1487 2144 1581 2199 jud.

109 2195 272 2245 oleam,
320 2193 551 2247 gentilium
581 2207 717 2247 genus
747 2193 977 2235 oleastrum
1006 2189 1140 2237 fecit?
1216 2194 1270 2237 ld
1302 2192 1580 2253 percontanti

108 2249 379 2307 respondeo,
430 2249 553 2291 oleae
583 2256 626 2290 et
653 2250 837 2292 oleastri
867 2251 1186 2292 contentionem
1216 2252 1403 2308 primum
1438 2254 1580 2298 Paulo

109 2307 381 2358 occurrisse,
414 2307 614 2361 quoniam
639 2307 759 2357 olea,
790 2321 900 2363 quae
918 2307 1063 2361 prima
1084 2309 1267 2349 omnium
1290 2311 1489 2353 arborum
1513 2313 1580 2370 ju-

106 2362 332 2406 dicaretur
351 2363 616 2418 (Columella
634 2363 726 2416 5‚8‚
740 2365 816 2420 1.),
836 2365 1034 2422 impenso
1056 2365 1204 2406 studio
1231 2367 1347 2408 culta
1369 2374 1436 2410 est
1458 2362 1580 2427 mie).

154 2461 195 2506 *)
221 2464 277 2496 De
295 2463 462 2506 elacagno
479 2461 637 2496 inaudita
658 2462 803 2497 tradidit
824 2463 998 2497 Rcichsns
1018 2476 1050 2508 p.
1070 2462 1172 2506 389„
1197 2463 1461 2509 elaeagnifiah'a
1480 2467 1580 2502 oleae

199 2508 297 2543 soliis
322 2509 455 2541 similia
483 2521 557 2542 esse
587 2515 619 2542 et
647 2511 769 2542 nullos
798 2509 902 2553 plane
932 2510 1072 2542 tructus
1099 2509 1305 2555 claeagnuni
1335 2511 1443 2549 serre.
1500 2513 1579 2547 lino

201 2554 359 2599 elaeagni
380 2554 538 2599 fructus,
564 2555 622 2600 qui
645 2567 718 2587 non
737 2567 884 2600 prorsus
905 2554 1049 2587 inutiles
1068 2561 1170 2598 sunt,
1187 2556 1324 2598 .olivis‚
1356 2557 1440 2591 solia
1460 2559 1579 2593 viticis

201 2600 298 2633 soliis
319 2601 553 2642 respondent.
611 2600 702 2634 Vide
721 2605 766 2635 cle
787 2601 1009 2634 Barlaami
1026 2607 1059 2633 et
1081 2601 1205 2643 oflicii
1220 2596 1580 2648 &sonontifdyttedjnb

201 2646 271 2691 Ῐῴε
290 2646 396 2692 &tom
415 2644 599 2690 ffissbmenss
616 2646 658 2681 Τ.
679 2647 725 2680 ΙΙ.
753 2648 852 2680 Fasc.
873 2646 897 2680 l.
925 2659 957 2689 p.
975 2646 1030 2680 21.
1045 2647 1151 2679 -24,
1188 2648 1289 2692 §prag
1312 2649 1421 2684 1533..

158 2690 224 2735 **)
249 2691 483 2736 Thnephi-ast.
504 2693 590 2725 llist.
612 2692 725 2726 Plani.
747 2694 779 2733 1,
795 2692 829 2736 4,
850 2694 880 2726 1.
905 2696 1050 2726 ΙΙλείω
1073 2690 1157 2737 μὲν
1180 2692 1250 2738 γάρ
1276 2694 1379 2729 δοκεῖ
1398 2695 1442 2729 πὶ
1463 2692 1577 2740 ἄγρια

204 2739 352 2783 φέρειν,
377 2737 493 2782 ὥςπερ
511 2736 646 2783 ἀχράς,
672 2736 835 2784 κότινος,
858 2741 1032 2773 καλλίω
1055 2737 1103 2774 δὲ
1129 2738 1173 2772 τά
1195 2740 1324 2784 ἥμερα.

156 2782 244 2826 ***)
276 2784 383 2818 Addo
412 2787 565 2818 absurda
592 2792 815 2822 commenta,
854 2797 943 2829 quae
967 2784 1122 2819 indoctis
1141 2786 1346 2819 hominibus
1365 2798 1464 2822 nunc
1486 2788 1578 2821 mire

203 2830 356 2874 placent.
416 2830 592 2865 Grotius:
635 2830 802 2875 „Oleum
829 2837 946 2864 autem
975 2831 1093 2875 potius
1123 2829 1208 2863 dixit
1235 2830 1308 2875 (P.)
1339 2844 1444 2877 quam
1473 2833 1577 2867 aliam

112 2884 299 2919 Fritzsclie
318 2885 384 2929 Ep.
406 2886 448 2920 ad
467 2886 573 2920 Rom.
604 2885 642 2921 P.
665 2886 708 2919 ll.
1139 2872 1193 2917 li
