1715 3115
154 150 186 190 4
437 146 813 190 EPISTOLA
843 147 946 190 AD
976 147 1339 192 ROMANOS

159 259 336 311 ποιεῖν,
399 254 455 302 τὸ
499 252 676 312 καλόν,
741 253 816 302 ὅτι
864 253 970 315 ἐμοὶ
1012 254 1069 304 τὸ
1113 255 1267 305 κακὸν
1319 253 1619 320 παράκειται.

157 329 238 374 22.
273 321 564 384 §maj-donna
588 323 683 388 γιέρ
712 327 783 384 τῷ
816 319 955 384 νόμῳ
985 329 1073 371 τοῦ
1105 326 1228 371 θεοῦ
1261 323 1385 372 κατὰ
1412 324 1500 373 τὸν
1528 326 1622 373 ἔσω

159 393 454 451 ἄνθρωπον·
489 393 567 437 23.
592 389 755 452 βλέπω
784 387 835 436 δὲ
867 389 1029 452 ἕτερον
1052 388 1223 451 Νόμιον
1253 392 1304 439 ἐν
1332 395 1433 445 τοῖς
1461 391 1624 453 ,niteat

159 477 258 522 μου
290 455 789 519 ἀντιστρατειομιειὌν
827 461 898 518 τῷ
928 455 1079 519 Νόμῳ
1119 463 1209 505 τοῦ
1242 456 1367 511 Noas
1402 477 1500 519 μου
1540 459 1626 507 καὶ

161 522 580 587 αἰχμαλωτίζοντά
599 543 659 585 με
679 528 749 585 τῷ
772 521 924 586 Νόμῳ
947 523 1307 586 τῆςῖήιαρῑίας
1334 530 1404 587 τῷ
1437 527 1539 573 ὄντι
1572 528 1624 574 ἐν

161 598 262 646 τοῖς
281 591 441 652 ιιιέλιτσιῖ
461 611 573 653 μου.
641 592 722 637 24.
761 591 1074 655 Ἰἀλαίπωρος
1095 591 1189 657 ἐγώ
1225 592 1512 654 ἄνθρωπος·
1552 592 1626 647 τίς

161 681 221 724 με
266 657 457 721 ῥύσεται
507 661 557 706 ἐκ
600 663 690 705 τοῦ
737 655 961 718 σώματος
1004 665 1093 707 τοῦ
1144 656 1368 706 Θανάτου
1418 657 1597 708 τούτου
1609 679 1626 717 ;

161 729 242 777 25.
282 724 438 788 Χάρις
467 724 519 774 δὲ
548 730 619 788 τῷ
649 727 754 788 θεῷ
786 725 867 773 διὰ
896 727 1050 788 Ἰησοῦ
1080 729 1300 788 Χριστοῦ
1329 730 1419 773 τοῦ
1453 726 1628 788 κυρίου

160 795 317 858 ἡμῶν.
379 794 494 853 ’Ἆρα
517 790 607 840 οὖν
627 792 773 845 αὐτὸς
795 792 889 858 ἐγώ
915 799 985 856 τῷ
1009 796 1101 855 μὲν
1130 792 1214 842 νοῒ
1239 790 1458 842 δουλεύω
1488 791 1629 858 νόμῳ

163 866 313 918 θεοῦ,
345 866 405 923 τῇ
425 860 477 909 δὲ
506 859 648 925 σαρκὶ
672 858 824 924 Νόμῳ
841 859 1118 925 Ἆμαρτίας.

298 981 441 1016 Dixerat
459 981 526 1026 Ap.
547 981 579 1019 6,
595 982 668 1019 ¹4..
693 995 729 1016 se
746 993 909 1027 sperare,
933 981 1012 1016 fore
1031 987 1069 1015 ut
1094 980 1246 1015 Romani
1274 980 1415 1016 Peccati
1445 980 1631 1017 dominatu

162 1043 198 1067 se
219 1029 331 1064 teneri
354 1040 426 1060 non
448 1033 664 1073 paterentur,
687 1028 859 1072 quoniam
869 1027 1030 1061 homines
1043 1027 1231 1062 Christiani
1250 1026 1333 1061 sacti
1349 1038 1424 1059 non
1443 1029 1632 1070 legimns..

163 1077 223 1111 sed
243 1075 314 1107 div.
334 1073 541 1107 clementiae
562 1072 692 1106 subditi
715 1075 885 1107 viverent.
931 1074 1068 1107 Deinde
1089 1073 1184 1117 quod
1213 1073 1272 1117 qui
1297 1072 1388 1106 hanc
1412 1085 1535 1107 vocem
1564 1085 1631 1107 cu-

163 1121 244 1169 pide
271 1118 476 1164 arripuisset
498 1117 661 1163 improbe
689 1118 845 1161 objicere
875 1125 1030 1163 poterat:
1065 1118 1133 1152 hoc
1161 1118 1237 1163 ipso
1272 1117 1476 1152 hominibus
1510 1117 1632 1153 christ.

162 1171 395 1214 peccatorum
415 1164 660 1208 impunitatem
681 1163 898 1208 propositam
920 1177 992 1197 esse
1008 1188 1017 1206 ‚
1050 1163 1145 1215 quod
1174 1175 1248 1196 non
1274 1175 1298 1196 a
1329 1165 1400 1205 leg.
1428 1175 1545 1206 mos.,
1570 1176 1631 1197 se-

164 1209 248 1246 verii
268 1210 513 1255 imperatrice,
535 1209 594 1243 sed
614 1221 631 1242 a
661 1209 730 1242 div.
758 1207 964 1249 clementia,
987 1206 1239 1254 benignissima
1266 1205 1433 1252 domins,
1455 1208 1632 1254 guberna-

163 1263 308 1291 rentur:
341 1253 522 1299 praeciare
549 1254 594 1288 ita
619 1253 815 1294 refellerat,
853 1260 891 1287 ut
917 1255 1097 1288 hominem
1124 1253 1244 1288 christ.
1274 1266 1346 1287 non
1377 1253 1538 1296 Peccati,
1570 1254 1634 1289 sed

164 1301 365 1337 Honestntis
387 1299 587 1334 ministrum
607 1299 839 1333 constitutum
859 1312 931 1333 esse
952 1300 1153 1333 ostenderet
1178 1300 1213 1341 6,
1228 1299 1282 1333 15.
1301 1310 1364 1343 sq..
1412 1299 1540 1334 Manca
1567 1299 1634 1346 igi—

163 1356 225 1384 tur
243 1354 276 1380 et
297 1345 504 1390 imperfecta
524 1344 627 1378 Pauli
647 1343 839 1389 disputatio
859 1342 994 1384 suisset,
1018 1344 1083 1378 nisi
1104 1350 1368 1389 argumentum,
1390 1357 1462 1390 quo
1482 1352 1515 1379 et
1532 1358 1634 1379 suam

165 1396 209 1428 de
227 1392 382 1425 honestis
396 1391 642 1424 Romanorum
664 1387 788 1422 studiis
807 1401 906 1434 spem
926 1390 1049 1424 fulcire
1067 1389 1164 1427 6,14.
1185 1396 1219 1423 et
1236 1390 1436 1434 improbam
1457 1389 1635 1434 objectio-

166 1451 250 1474 nem
272 1436 336 1470 niti
356 1437 516 1470 voluerat
541 1436 574 1479 6,
591 1436 651 1469 15:
681 1447 756 1467 non
779 1435 960 1476 subjectos
983 1447 1062 1469 esse
1088 1437 1255 1468 homines
1280 1437 1404 1471 christ.
1427 1436 1501 1480 legi
1524 1447 1635 1479 mos„

167 1487 333 1519 accurate
359 1481 541 1515 firmasset.
605 1480 839 1514 Metuendum
872 1481 966 1514 enim
993 1486 1084 1524 erat,
1117 1492 1161 1514 ne
1187 1480 1265 1525 quis
1289 1480 1357 1515 hoc
1384 1487 1635 1527 argumentum

168 1529 310 1565 nultum
337 1540 409 1560 esse
441 1527 571 1561 diceret
597 1531 803 1571 propterea,
842 1525 937 1571 quod
965 1525 1127 1559 homines
1161 1525 1282 1562 christ.
1308 1524 1415 1559 simut
1454 1526 1526 1562 div.
1558 1527 1637 1561 cle-

167 1574 337 1609 mentiam
350 1597 361 1618 ‚
383 1573 496 1605 simul
509 1575 627 1615 Iegem
645 1581 737 1607 mos.
757 1570 1040 1615 gubernatricem
1060 1571 1238 1605 haberent.
1284 1571 1404 1617 ltaque
1423 1572 1519 1617 quod
1533 1572 1635 1613 6314.

169 1620 214 1654 ad
236 1618 335 1664 impii
355 1618 518 1650 obtentus
540 1616 758 1650 mentionem
779 1615 810 1654 6,
825 1617 876 1650 15.
896 1628 1090 1662 properans
1117 1629 1191 1649 non
1222 1618 1444 1660 ostenderat,
1467 1618 1636 1663 improba

170 1665 372 1709 objectione
390 1662 543 1696 refutata
562 1660 793 1703 6,16-23.,
815 1667 855 1694 ut
875 1661 1065 1706 disputatio
1086 1674 1146 1695 sua
1169 1662 1323 1707 perfecta
1352 1662 1397 1696 sit
1420 1670 1454 1698 et
1484 1662 1634 1709 expieta,

169 1710 205 1745 h.
230 1711 253 1744 Ι.
273 1709 507 1742 demonstrat.
555 1708 670 1741 Docet
691 1707 804 1750 enim,
827 1713 865 1740 ut
881 1706 1043 1741 homines
1063 1707 1183 1742 christ.
1204 1707 1270 1751 legi
1288 1720 1379 1741 mos.
1400 1720 1474 1742 non
1495 1708 1637 1743 subesse

171 1760 358 1802 appareat,
384 1754 487 1786 vitam
507 1752 568 1796 iis,
597 1765 700 1798 quam
721 1752 764 1785 ad
792 1752 904 1797 legem
932 1765 1022 1786 mos.
1050 1752 1246 1794 referrent,
1279 1765 1321 1786 eo
1348 1753 1521 1787 ademtam
1546 1766 1635 1794 esse,

173 1800 271 1846 quod
300 1799 429 1832 Christi
472 1811 601 1844 corpus
635 1796 864 1831 interfectum
902 1804 991 1831 esset
1015 1797 1189 1836 7‚1-4..
1256 1797 1316 1832 Sic
1352 1806 1448 1833 recte
1476 1799 1638 1840 Clarius,

176 1847 300 1885 Kopp.
315 1870 325 1887 ‚
361 1844 512 1886 Morus,
549 1844 700 1877 Koelln.
738 1841 796 1876 al..
858 1843 964 1888 Lapsi
999 1849 1101 1883 sunt,
1142 1841 1203 1888 qui
1236 1843 1312 1885 7‚1.
1339 1855 1390 1888 sq.
1420 1849 1517 1878 arcte
1554 1857 1639 1880 eum

173 1893 209 1934 6,
222 1891 275 1924 23.
295 1890 484 1925 cohaerere
511 1894 699 1933 putarunt,
723 1900 759 1921 v.
785 1900 815 1923 c.
832 1889 981 1931 Rcich„
1005 1889 1065 1933 qui
1083 1889 1183 1922 Pauli
1211 1889 1464 1933 expositionem
1481 1889 1515 1932 7,
1530 1892 1562 1926 1.
1585 1902 1639 1936 sq·

174 1951 194 1972 a
214 1937 325 1969 verbis
347 1935 444 1972 6‚23.
471 1934 510 1969 ἐν
527 1938 597 1978 Χρ.
621 1932 658 1968 Ἰ.
683 1933 734 1979 τῷ
754 1938 894 1980 κυρίῳ
921 1931 1069 1980 ἡμῶν,
1098 1946 1186 1978 quae
1205 1933 1284 1976 7,1.
1313 1934 1446 1968 muniri
1473 1933 1641 1981 κυριεύει,

177 1987 250 2028 qu'o
270 1981 446 2015 vocabulo
467 1983 663 2014 verborum
680 1982 731 2025 τῷ
753 1985 865 2025 κυρίῳ
892 1976 952 2025 ἡμ.
982 1979 1070 2013 ratio
1094 1979 1284 2023 habeatur,
1313 1979 1459 2018 doceat,
1492 1980 1640 2024 profici-

177 2027 229 2062 sci
249 2026 428 2071 opinatur.
474 2025 681 2059 Ponderosa
701 2023 809 2069 igitur
824 2038 897 2059 esse
919 2025 1032 2059 votuit
1052 2037 1086 2058 v.
1105 2025 1155 2070 τῷ
1181 2028 1290 2071 κυρίῳ
1317 2021 1375 2070 ἦμ.
1397 2036 1466 2066 per
1484 2026 1569 2060 Chr.
1588 2025 1640 2068 .Ι.,

178 2084 287 2117 quem
304 2082 387 2104 nos
407 2073 508 2104 dom
518 2073 645 2104 inum
662 2070 851 2104 habemus.
899 2071 948 2105 At
965 2069 1120 2115 Χριστός
1133 2071 1168 2104 Ἰ.
1187 2067 1207 2104 ὅ
1222 2068 1340 2114 κύριος
1361 2063 1464 2114 ἦμιῦν
1484 2071 1638 2106 formula

178 2125 230 2152 est
250 2117 412 2162 pietatem
433 2122 465 2150 et
492 2117 750 2157 reverentiam,
808 2118 855 2150 ua
881 2116 1043 2149 homines
1071 2116 1192 2150 christ.
1219 2116 1254 2148 in
1286 2115 1468 2150 Christum
1496 2116 1640 2151 ducun-

177 2171 258 2206 tur,
283 2160 491 2206 simpiiciter
511 2169 614 2206 atque
633 2161 678 2194 ita
698 2128 911 2204 testii‘icans,
937 2167 975 2195 ut
1002 2158 1020 2196 ὅ
1048 2157 1168 2205 κύριος
1191 2157 1250 2207 ἦμ.
1280 2160 1356 2194 sine
1382 2159 1458 2194 ulla
1485 2161 1639 2207 emphasi

181 2207 338 2243 dicatur:
364 2207 447 2249 OEbr.
463 2208 589 2250 Scsuss,
614 2208 710 2248 uniet
729 2207 898 2242 &chiam
945 2206 1114 2251 Accedit,
1138 2207 1232 2250 quod
1254 2205 1321 2256 P„-
1342 2205 1370 2249 si
1396 2205 1488 2241 hanc
1513 2207 1640 2253 dispu-

180 2253 349 2287 tationem
367 2266 405 2286 ex
423 2265 453 2285 v.
472 2255 524 2298 τῷ
541 2255 653 2297 κυρίῳ
670 2248 774 2294 ἦαῶν
792 2251 980 2294 nexuisset,
998 2263 1073 2285 eam
1091 2258 1214 2291 totam,
1237 2258 1274 2284 ut
1292 2263 1365 2294 ejus
1383 2250 1474 2285 ratio
1498 2258 1532 2285 et
1550 2264 1639 2288 acu-

181 2311 263 2332 men
290 2297 457 2342 cognosci
485 2305 620 2341 posset,
662 2285 704 2329 ad
731 2297 787 2330 itta
813 2309 912 2330 voce.
938 2297 1214 2330 accommodare
1239 2295 1436 2337 debuisset,
1467 2302 1504 2331 ut
1539 2310 1574 2334 v.
1602 2300 1638 2337 2.

181 2343 353 2378 scriberet
378 2342 437 2385 τῆς
461 2341 530 2387 γιὶρ
554 2339 744 2387 ὑπάνδρου
768 2341 938 2386 γυναικὸς
964 2338 982 2375 ὁ
1009 2340 1079 2382 ζῶν
1103 2340 1191 2385 ιῗνὴρ
1218 2339 1431 2386 κυριεύει
1455 2342 1548 2379 mera*
1573 2340 1642 2381 τόν

180 2386 299 2434 νόμον
316 2394 348 2422 et
367 2400 401 2424 v.
415 2390 448 2422 4.
469 2388 601 2422 diceret
620 2409 664 2416 —
681 2390 730 2426 εἰς
747 2388 788 2422 τό
803 2388 975 2433 γενέσθαι
991 2385 1086 2434 ὑμᾶς
1102 2387 1211 2433 ἑτέρῳ
1233 2400 1252 2423 κ
1264 2392 1376 2434 υρίῳ
1391 2406 1448 2422 -.

295 2496 357 2540 V.
389 2497 430 2539 1.
497 2494 627 2538 Ponit
657 2495 705 2538 P.
736 2497 816 2539 hoe
846 2512 911 2542 vs,
951 2498 1209 2540 sententiam
1242 2498 1511 2551 generalem,
1555 2499 1643 2555 qud

183 2554 381 2610 exemplo
402 2550 624 2594 illustrata
653 2567 691 2597 v,
719 2553 761 2596 2.
787 2554 854 2607 3.,
891 2554 1046 2596 deinde
1073 2552 1127 2595 ad
1156 2555 1350 2596 homines
1386 2552 1538 2597 christ.
1571 2569 1642 2596 ao-

183 2608 453 2650 commodata
477 2608 636 2650 nullam
659 2623 757 2661 eoS‚
788 2625 913 2666 quam
942 2610 1032 2665 legi
1061 2624 1169 2655 mos,
1199 2614 1472 2659 consecrent,
1507 2607 1641 2653 vitam

184 2666 345 2707 habere
384 2665 428 2708 h.
458 2679 498 2708 e.
526 2665 693 2708 solutos
722 2679 797 2707 eos
825 2681 922 2708 esse
953 2667 1048 2720 lege
1079 2681 1185 2712 mos.
1215 2665 1415 2709 ostendat
1443 2680 1482 2710 v.
1507 2667 1552 2709 4.
1586 2687 1643 2699 --

184 2720 446 2772 Falluntur,
495 2721 570 2777 qui
607 2734 710 2762 voce
741 2718 929 2778 ἀδελφοί
957 2722 1199 2775 Romanos,
1243 2723 1319 2779 qui
1348 2722 1450 2764 olim
1483 2721 1642 2766 Iudaei

184 2777 394 2831 tuissent,
419 2777 675 2835 compellari
698 2777 828 2834 idque
858 2793 882 2820 a
901 2778 951 2824 P.
979 2780 1074 2837 ipso
1103 2779 1355 2838 parenthesi
1382 2773 1643 2834 γινώσκουσι
