<?xml version="1.0" encoding="UTF-8"?>
<!DOCTYPE html PUBLIC "-//W3C//DTD XHTML 1.0 Transitional//EN"
    "http://www.w3.org/TR/xhtml1/DTD/xhtml1-transitional.dtd">
<html xmlns="http://www.w3.org/1999/xhtml" xml:lang="en" lang="en">
 <head>
  <title>
</title>
<meta http-equiv="Content-Type" content="text/html;charset=utf-8" />
  <meta name='ocr-system' content='tesseract 3.04.00' />
  <meta name='ocr-capabilities' content='ocr_page ocr_carea ocr_par ocr_line ocrx_word'/>
</head>
<body>
  <div class='ocr_page' id='page_1' title='image "./pauliadromanosep02frituoft/pauliadromanosep02frituoft_0145.png"; bbox 0 0 1715 3115; ppageno 0'>
   <div class='ocr_carea' id='block_1_1' title="bbox 489 185 1636 237">
    <p class='ocr_par' dir='ltr' id='par_1_1' title="bbox 489 185 1636 237">
     <span class='ocr_line' id='line_1_1' title="bbox 489 185 1636 237; baseline 0.007 -8"><span class='ocrx_word' id='word_1_1' title='bbox 489 185 649 231; x_wconf 84' lang='lat' dir='ltr'><strong>CAP.</strong></span> <span class='ocrx_word' id='word_1_2' title='bbox 682 185 850 231; x_wconf 82' lang='lat' dir='ltr'>Vllt.</span> <span class='ocrx_word' id='word_1_3' title='bbox 885 188 976 233; x_wconf 84' lang='lat' dir='ltr'>Vs.</span> <span class='ocrx_word' id='word_1_4' title='bbox 1010 190 1091 234; x_wconf 87' lang='lat'>11.</span> <span class='ocrx_word' id='word_1_5' title='bbox 1117 194 1172 232; x_wconf 90' lang='lat' dir='ltr'>et</span> <span class='ocrx_word' id='word_1_6' title='bbox 1205 189 1301 234; x_wconf 84' lang='lat'><strong>12..</strong></span> <span class='ocrx_word' id='word_1_7' title='bbox 1559 194 1636 237; x_wconf 83' lang='lat'>131</span> 
     </span>
    </p>
   </div>
   <div class='ocr_carea' id='block_1_2' title="bbox 153 291 1642 1093">
    <p class='ocr_par' dir='ltr' id='par_1_2' title="bbox 153 291 1642 1093">
     <span class='ocr_line' id='line_1_2' title="bbox 156 291 1637 349; baseline 0.002 -15"><span class='ocrx_word' id='word_1_8' title='bbox 156 293 306 348; x_wconf 85' lang='lat' dir='ltr'>itoque</span> <span class='ocrx_word' id='word_1_9' title='bbox 327 291 533 345; x_wconf 73' lang='lat' dir='ltr'>exsistat,</span> <span class='ocrx_word' id='word_1_10' title='bbox 565 292 711 349; x_wconf 79' lang='lat' dir='ltr'>qualis</span> <span class='ocrx_word' id='word_1_11' title='bbox 735 299 1003 335; x_wconf 74' lang='lat' dir='ltr'>unortuorum</span> <span class='ocrx_word' id='word_1_12' title='bbox 1028 295 1070 336; x_wconf 91' lang='lat' dir='ltr'>in</span> <span class='ocrx_word' id='word_1_13' title='bbox 1096 294 1230 336; x_wconf 79' lang='lat' dir='ltr'>vitam</span> <span class='ocrx_word' id='word_1_14' title='bbox 1251 295 1472 337; x_wconf 71' lang='lat' dir='ltr'><strong>revocatio</strong></span> <span class='ocrx_word' id='word_1_15' title='bbox 1488 295 1637 338; x_wconf 80' lang='lat' dir='ltr'>lutura</span> 
     </span>
     <span class='ocr_line' id='line_1_3' title="bbox 154 350 1637 409; baseline 0.003 -19"><span class='ocrx_word' id='word_1_16' title='bbox 154 350 274 403; x_wconf 67' lang='lat' dir='ltr'>vulqo</span> <span class='ocrx_word' id='word_1_17' title='bbox 304 356 509 406; x_wconf 83' lang='lat' dir='ltr'>putetur,</span> <span class='ocrx_word' id='word_1_18' title='bbox 559 351 635 390; x_wconf 81' lang='lat' dir='ltr'>sed</span> <span class='ocrx_word' id='word_1_19' title='bbox 669 350 722 390; x_wconf 90' lang='lat' dir='ltr'>de</span> <span class='ocrx_word' id='word_1_20' title='bbox 758 358 941 391; x_wconf 73' lang='lat' dir='ltr'>mutiirae</span> <span class='ocrx_word' id='word_1_21' title='bbox 974 352 1187 394; x_wconf 79' lang='lat' dir='ltr'>humanae</span> <span class='ocrx_word' id='word_1_22' title='bbox 1219 352 1485 404; x_wconf 76' lang='lat' dir='ltr'>mutatione,</span> <span class='ocrx_word' id='word_1_23' title='bbox 1525 368 1637 409; x_wconf 88' lang='lat' dir='ltr'>quae</span> 
     </span>
     <span class='ocr_line' id='line_1_4' title="bbox 155 406 1637 466; baseline 0.005 -20"><span class='ocrx_word' id='word_1_24' title='bbox 155 406 275 447; x_wconf 88' lang='lat' dir='ltr'>intus</span> <span class='ocrx_word' id='word_1_25' title='bbox 305 409 347 447; x_wconf 90' lang='lat' dir='ltr'>in</span> <span class='ocrx_word' id='word_1_26' title='bbox 381 408 526 448; x_wconf 86' lang='lat' dir='ltr'>auimo</span> <span class='ocrx_word' id='word_1_27' title='bbox 548 415 802 464; x_wconf 73' lang='lat' dir='ltr'>peragatur,</span> <span class='ocrx_word' id='word_1_28' title='bbox 836 409 1102 464; x_wconf 73' lang='lat' dir='ltr'>Apostolum</span> <span class='ocrx_word' id='word_1_29' title='bbox 1135 409 1259 465; x_wconf 88' lang='lat' dir='ltr'>loqui</span> <span class='ocrx_word' id='word_1_30' title='bbox 1288 408 1388 452; x_wconf 76' lang='grc' dir='ltr'><strong>(ΗΓ.</strong></span> <span class='ocrx_word' id='word_1_31' title='bbox 1414 411 1637 466; x_wconf 88' lang='lat' dir='ltr'>opinatur.</span> 
     </span>
     <span class='ocr_line' id='line_1_5' title="bbox 155 462 1636 519; baseline 0.003 -15"><span class='ocrx_word' id='word_1_32' title='bbox 155 462 330 516; x_wconf 80' lang='lat' dir='ltr'><strong>Nugae.</strong></span> <span class='ocrx_word' id='word_1_33' title='bbox 392 463 506 505; x_wconf 80' lang='lat' dir='ltr'>Nam</span> <span class='ocrx_word' id='word_1_34' title='bbox 527 465 691 518; x_wconf 74' lang='lat' dir='ltr'>insigni</span> <span class='ocrx_word' id='word_1_35' title='bbox 719 465 929 505; x_wconf 87' lang='lat' dir='ltr'>miraculo</span> <span class='ocrx_word' id='word_1_36' title='bbox 953 466 1147 507; x_wconf 79' lang='lat' dir='ltr'>futurum</span> <span class='ocrx_word' id='word_1_37' title='bbox 1168 480 1283 517; x_wconf 87' lang='lat' dir='ltr'>esse,</span> <span class='ocrx_word' id='word_1_38' title='bbox 1316 472 1364 507; x_wconf 80' lang='lat' dir='ltr'>ut</span> <span class='ocrx_word' id='word_1_39' title='bbox 1385 467 1511 519; x_wconf 79' lang='lat' dir='ltr'>signo</span> <span class='ocrx_word' id='word_1_40' title='bbox 1532 468 1636 509; x_wconf 68' lang='lat' dir='ltr'>tuba</span> 
     </span>
     <span class='ocr_line' id='line_1_6' title="bbox 153 518 1639 578; baseline 0.004 -18"><span class='ocrx_word' id='word_1_41' title='bbox 153 518 256 561; x_wconf 84' lang='lat' dir='ltr'>dato</span> <span class='ocrx_word' id='word_1_42' title='bbox 300 521 513 577; x_wconf 86' lang='lat' dir='ltr'>temporis</span> <span class='ocrx_word' id='word_1_43' title='bbox 554 528 715 578; x_wconf 86' lang='lat' dir='ltr'>puncto</span> <span class='ocrx_word' id='word_1_44' title='bbox 754 529 844 562; x_wconf 87' lang='lat' dir='ltr'>tum</span> <span class='ocrx_word' id='word_1_45' title='bbox 877 521 1123 564; x_wconf 75' lang='lat' dir='ltr'>Christiani</span> <span class='ocrx_word' id='word_1_46' title='bbox 1165 523 1326 565; x_wconf 90' lang='lat' dir='ltr'>mortui</span> <span class='ocrx_word' id='word_1_47' title='bbox 1357 524 1639 578; x_wconf 76' lang='lat' dir='ltr'>reviviscant,</span> 
     </span>
     <span class='ocr_line' id='line_1_7' title="bbox 154 578 1639 635; baseline 0.003 -17"><span class='ocrx_word' id='word_1_48' title='bbox 154 583 244 618; x_wconf 91' lang='lat' dir='ltr'>tum</span> <span class='ocrx_word' id='word_1_49' title='bbox 269 578 343 634; x_wconf 87' lang='lat' dir='ltr'>qui</span> <span class='ocrx_word' id='word_1_50' title='bbox 377 581 646 634; x_wconf 82' lang='lat' dir='ltr'>superstites</span> <span class='ocrx_word' id='word_1_51' title='bbox 676 579 841 620; x_wconf 81' lang='lat' dir='ltr'>suerint</span> <span class='ocrx_word' id='word_1_52' title='bbox 874 579 1000 635; x_wconf 84' lang='lat' dir='ltr'>probi</span> <span class='ocrx_word' id='word_1_53' title='bbox 1035 580 1279 622; x_wconf 77' lang='lat' dir='ltr'>Christiani</span> <span class='ocrx_word' id='word_1_54' title='bbox 1311 580 1639 623; x_wconf 82' lang='lat' dir='ltr'>immortalibus</span> 
     </span>
     <span class='ocr_line' id='line_1_8' title="bbox 153 635 1639 691; baseline 0.005 -16"><span class='ocrx_word' id='word_1_55' title='bbox 153 635 415 691; x_wconf 82' lang='lat' dir='ltr'>corporibus</span> <span class='ocrx_word' id='word_1_56' title='bbox 445 636 709 676; x_wconf 86' lang='lat' dir='ltr'>amiciantur</span> <span class='ocrx_word' id='word_1_57' title='bbox 743 635 792 679; x_wconf 86' lang='grc' dir='ltr'><strong>Ρ.</strong></span> <span class='ocrx_word' id='word_1_58' title='bbox 825 636 951 677; x_wconf 84' lang='lat' dir='ltr'>docet</span> <span class='ocrx_word' id='word_1_59' title='bbox 986 639 1007 678; x_wconf 86' lang='lat'>1</span> <span class='ocrx_word' id='word_1_60' title='bbox 1039 637 1334 690; x_wconf 75' lang='lat' dir='ltr'>Cor.15‚52..</span> <span class='ocrx_word' id='word_1_61' title='bbox 1392 638 1450 679; x_wconf 84' lang='lat' dir='ltr'>Et</span> <span class='ocrx_word' id='word_1_62' title='bbox 1480 638 1519 680; x_wconf 88' lang='lat' dir='ltr'>si</span> <span class='ocrx_word' id='word_1_63' title='bbox 1548 639 1639 683; x_wconf 79' lang='lat' dir='ltr'>div.</span> 
     </span>
     <span class='ocr_line' id='line_1_9' title="bbox 154 691 1638 751; baseline 0.003 -18"><span class='ocrx_word' id='word_1_64' title='bbox 154 691 342 748; x_wconf 87' lang='lat' dir='ltr'>spiritus</span> <span class='ocrx_word' id='word_1_65' title='bbox 382 693 571 733; x_wconf 83' lang='lat' dir='ltr'>sublatis</span> <span class='ocrx_word' id='word_1_66' title='bbox 615 700 890 749; x_wconf 71' lang='lat' dir='ltr'>pe(·‹·,.‘1torum</span> <span class='ocrx_word' id='word_1_67' title='bbox 936 695 1143 735; x_wconf 87' lang='lat' dir='ltr'>sordibus</span> <span class='ocrx_word' id='word_1_68' title='bbox 1184 695 1345 751; x_wconf 86' lang='lat' dir='ltr'>cuique</span> <span class='ocrx_word' id='word_1_69' title='bbox 1387 694 1638 737; x_wconf 82' lang='lat' dir='ltr'>immortale</span> 
     </span>
     <span class='ocr_line' id='line_1_10' title="bbox 153 749 1639 808; baseline 0.003 -18"><span class='ocrx_word' id='word_1_70' title='bbox 153 763 317 805; x_wconf 82' lang='lat' dir='ltr'>corpus</span> <span class='ocrx_word' id='word_1_71' title='bbox 345 749 496 801; x_wconf 87' lang='lat' dir='ltr'>daret,</span> <span class='ocrx_word' id='word_1_72' title='bbox 547 750 624 791; x_wconf 88' lang='lat' dir='ltr'>alii</span> <span class='ocrx_word' id='word_1_73' title='bbox 658 751 746 791; x_wconf 88' lang='lat' dir='ltr'>alio</span> <span class='ocrx_word' id='word_1_74' title='bbox 776 755 999 807; x_wconf 86' lang='lat' dir='ltr'>tempore,</span> <span class='ocrx_word' id='word_1_75' title='bbox 1052 766 1134 792; x_wconf 89' lang='lat' dir='ltr'>uon</span> <span class='ocrx_word' id='word_1_76' title='bbox 1166 767 1252 794; x_wconf 91' lang='lat' dir='ltr'>uno</span> <span class='ocrx_word' id='word_1_77' title='bbox 1291 753 1507 808; x_wconf 87' lang='lat' dir='ltr'>temporis</span> <span class='ocrx_word' id='word_1_78' title='bbox 1550 753 1639 795; x_wconf 91' lang='lat' dir='ltr'>ictu</span> 
     </span>
     <span class='ocr_line' id='line_1_11' title="bbox 156 807 1642 865; baseline 0.002 -17"><span class='ocrx_word' id='word_1_79' title='bbox 156 820 305 848; x_wconf 91' lang='lat' dir='ltr'>omues</span> <span class='ocrx_word' id='word_1_80' title='bbox 324 813 447 848; x_wconf 87' lang='lat' dir='ltr'>tanto</span> <span class='ocrx_word' id='word_1_81' title='bbox 469 808 678 849; x_wconf 79' lang='lat' dir='ltr'>beneficio</span> <span class='ocrx_word' id='word_1_82' title='bbox 701 807 822 861; x_wconf 80' lang='lat' dir='ltr'>digni</span> <span class='ocrx_word' id='word_1_83' title='bbox 848 809 1197 850; x_wconf 84' lang='lat' dir='ltr'>immortalitatis</span> <span class='ocrx_word' id='word_1_84' title='bbox 1224 817 1449 865; x_wconf 82' lang='lat' dir='ltr'>compotes</span> <span class='ocrx_word' id='word_1_85' title='bbox 1482 810 1642 851; x_wconf 90' lang='lat' dir='ltr'>redde-</span> 
     </span>
     <span class='ocr_line' id='line_1_12' title="bbox 156 863 1640 921; baseline 0.003 -17"><span class='ocrx_word' id='word_1_86' title='bbox 156 870 324 907; x_wconf 88' lang='lat' dir='ltr'>rentur.</span> <span class='ocrx_word' id='word_1_87' title='bbox 387 863 623 906; x_wconf 85' lang='lat' dir='ltr'>Praeterea</span> <span class='ocrx_word' id='word_1_88' title='bbox 659 865 771 906; x_wconf 85' lang='lat' dir='ltr'>male</span> <span class='ocrx_word' id='word_1_89' title='bbox 798 865 898 908; x_wconf 62' lang='lat' dir='ltr'>dni</span> <span class='ocrx_word' id='word_1_90' title='bbox 930 871 972 906; x_wconf 90' lang='lat' dir='ltr'>et</span> <span class='ocrx_word' id='word_1_91' title='bbox 1008 865 1283 921; x_wconf 75' lang='grc' dir='ltr'>ζωοποιήσει</span> <span class='ocrx_word' id='word_1_92' title='bbox 1312 866 1446 907; x_wconf 86' lang='lat' dir='ltr'>simul</span> <span class='ocrx_word' id='word_1_93' title='bbox 1478 868 1640 909; x_wconf 84' lang='lat' dir='ltr'>tralate</span> 
     </span>
     <span class='ocr_line' id='line_1_13' title="bbox 156 918 1642 979; baseline 0.003 -18"><span class='ocrx_word' id='word_1_94' title='bbox 156 921 287 961; x_wconf 85' lang='lat' dir='ltr'>simul</span> <span class='ocrx_word' id='word_1_95' title='bbox 312 922 491 978; x_wconf 87' lang='lat' dir='ltr'>proprie</span> <span class='ocrx_word' id='word_1_96' title='bbox 515 922 753 972; x_wconf 81' lang='lat' dir='ltr'>intellexit,</span> <span class='ocrx_word' id='word_1_97' title='bbox 796 928 839 962; x_wconf 85' lang='lat' dir='ltr'>et</span> <span class='ocrx_word' id='word_1_98' title='bbox 871 923 1113 974; x_wconf 87' lang='lat' dir='ltr'>commisit,</span> <span class='ocrx_word' id='word_1_99' title='bbox 1151 930 1224 975; x_wconf 90' lang='lat' dir='ltr'>ut,</span> <span class='ocrx_word' id='word_1_100' title='bbox 1265 937 1398 978; x_wconf 89' lang='lat' dir='ltr'>quum</span> <span class='ocrx_word' id='word_1_101' title='bbox 1429 918 1452 965; x_wconf 82' lang='grc' dir='ltr'>ὁ</span> <span class='ocrx_word' id='word_1_102' title='bbox 1485 922 1642 979; x_wconf 76' lang='grc' dir='ltr'>ἐγεί-</span> 
     </span>
     <span class='ocr_line' id='line_1_14' title="bbox 155 976 1640 1036; baseline 0.004 -19"><span class='ocrx_word' id='word_1_103' title='bbox 155 992 253 1033; x_wconf 86' lang='grc' dir='ltr'>ρας</span> <span class='ocrx_word' id='word_1_104' title='bbox 282 993 319 1019; x_wconf 85' lang='grc' dir='ltr'>τ.</span> <span class='ocrx_word' id='word_1_105' title='bbox 351 980 446 1032; x_wconf 63' lang='lat' dir='ltr'>Ap.</span> <span class='ocrx_word' id='word_1_106' title='bbox 487 976 541 1019; x_wconf 73' lang='grc' dir='ltr'>ἐκ</span> <span class='ocrx_word' id='word_1_107' title='bbox 580 979 784 1033; x_wconf 78' lang='grc' dir='ltr'>νεκρῶν</span> <span class='ocrx_word' id='word_1_108' title='bbox 823 979 956 1021; x_wconf 85' lang='lat' dir='ltr'>aliter</span> <span class='ocrx_word' id='word_1_109' title='bbox 988 994 1117 1036; x_wconf 87' lang='lat' dir='ltr'>quam</span> <span class='ocrx_word' id='word_1_110' title='bbox 1145 977 1424 1035; x_wconf 75' lang='grc' dir='ltr'>ζωοποιήσει</span> <span class='ocrx_word' id='word_1_111' title='bbox 1454 982 1640 1023; x_wconf 87' lang='lat' dir='ltr'>sumsis-</span> 
     </span>
     <span class='ocr_line' id='line_1_15' title="bbox 155 1036 1312 1093; baseline 0.002 -17"><span class='ocrx_word' id='word_1_112' title='bbox 155 1040 251 1088; x_wconf 79' lang='lat' dir='ltr'>set,</span> <span class='ocrx_word' id='word_1_113' title='bbox 281 1036 496 1093; x_wconf 85' lang='lat' dir='ltr'>Apostoli</span> <span class='ocrx_word' id='word_1_114' title='bbox 517 1037 843 1090; x_wconf 81' lang='lat' dir='ltr'>argumentatio</span> <span class='ocrx_word' id='word_1_115' title='bbox 868 1038 979 1079; x_wconf 85' lang='lat' dir='ltr'>male</span> <span class='ocrx_word' id='word_1_116' title='bbox 1002 1037 1146 1078; x_wconf 77' lang='lat' dir='ltr'>vincta</span> <span class='ocrx_word' id='word_1_117' title='bbox 1174 1042 1312 1082; x_wconf 86' lang='lat' dir='ltr'>esset.</span> 
     </span>
    </p>
   </div>
   <div class='ocr_carea' id='block_1_3' title="bbox 154 1113 1646 1863">
    <p class='ocr_par' dir='ltr' id='par_1_3' title="bbox 154 1113 1646 1863">
     <span class='ocr_line' id='line_1_16' title="bbox 297 1113 1642 1181; baseline 0.006 -22"><span class='ocrx_word' id='word_1_118' title='bbox 297 1117 350 1161; x_wconf 77' lang='lat' dir='ltr'>V.</span> <span class='ocrx_word' id='word_1_119' title='bbox 378 1119 452 1164; x_wconf 72' lang='lat'>12.</span> <span class='ocrx_word' id='word_1_120' title='bbox 477 1118 604 1179; x_wconf 77' lang='grc' dir='ltr'>’Ἀρα</span> <span class='ocrx_word' id='word_1_121' title='bbox 626 1113 742 1174; x_wconf 70' lang='grc' dir='ltr'>οὖν,</span> <span class='ocrx_word' id='word_1_122' title='bbox 782 1116 1014 1181; x_wconf 66' lang='grc' dir='ltr'>ἀδελφοί,</span> <span class='ocrx_word' id='word_1_123' title='bbox 1054 1116 1297 1180; x_wconf 69' lang='grc' dir='ltr'>ὀφειλέται</span> <span class='ocrx_word' id='word_1_124' title='bbox 1321 1118 1468 1179; x_wconf 68' lang='grc' dir='ltr'>ε’σμέν</span> <span class='ocrx_word' id='word_1_125' title='bbox 1492 1119 1549 1167; x_wconf 82' lang='grc' dir='ltr'>οὐ</span> <span class='ocrx_word' id='word_1_126' title='bbox 1582 1123 1642 1181; x_wconf 76' lang='grc' dir='ltr'>τῇ</span> 
     </span>
     <span class='ocr_line' id='line_1_17' title="bbox 157 1182 1642 1251; baseline 0.003 -21"><span class='ocrx_word' id='word_1_127' title='bbox 157 1182 349 1247; x_wconf 87' lang='grc' dir='ltr'>Σαρκί,</span> <span class='ocrx_word' id='word_1_128' title='bbox 387 1189 475 1231; x_wconf 82' lang='grc' dir='ltr'>τοῦ</span> <span class='ocrx_word' id='word_1_129' title='bbox 496 1183 623 1233; x_wconf 84' lang='grc' dir='ltr'>κατὰ</span> <span class='ocrx_word' id='word_1_130' title='bbox 644 1182 802 1247; x_wconf 74' lang='grc' dir='ltr'>σάρκα</span> <span class='ocrx_word' id='word_1_131' title='bbox 826 1185 929 1248; x_wconf 64' lang='grc' dir='ltr'><strong>ζῇν.</strong></span> <span class='ocrx_word' id='word_1_132' title='bbox 1003 1188 1081 1234; x_wconf 81' lang='lat'>13.</span> <span class='ocrx_word' id='word_1_133' title='bbox 1118 1188 1184 1232; x_wconf 66' lang='grc' dir='ltr'>Εἰ</span> <span class='ocrx_word' id='word_1_134' title='bbox 1200 1184 1300 1251; x_wconf 67' lang='grc' dir='ltr'>γὰρ</span> <span class='ocrx_word' id='word_1_135' title='bbox 1321 1185 1450 1234; x_wconf 82' lang='grc' dir='ltr'>κατὰ</span> <span class='ocrx_word' id='word_1_136' title='bbox 1481 1184 1642 1250; x_wconf 81' lang='grc' dir='ltr'>σάρκα</span> 
     </span>
     <span class='ocr_line' id='line_1_18' title="bbox 157 1251 1645 1319; baseline 0.003 -20"><span class='ocrx_word' id='word_1_137' title='bbox 157 1251 267 1315; x_wconf 79' lang='grc' dir='ltr'>ζῆτε</span> <span class='ocrx_word' id='word_1_138' title='bbox 291 1252 481 1314; x_wconf 63' lang='grc' dir='ltr'>μέλλετε</span> <span class='ocrx_word' id='word_1_139' title='bbox 506 1251 869 1316; x_wconf 71' lang='grc' dir='ltr'>ἀποθνήσκειν·</span> <span class='ocrx_word' id='word_1_140' title='bbox 917 1256 956 1301; x_wconf 79' lang='grc' dir='ltr'>εἶ</span> <span class='ocrx_word' id='word_1_141' title='bbox 981 1252 1034 1301; x_wconf 69' lang='grc' dir='ltr'>δὲ</span> <span class='ocrx_word' id='word_1_142' title='bbox 1056 1251 1303 1315; x_wconf 76' lang='grc' dir='ltr'>πνεύματι</span> <span class='ocrx_word' id='word_1_143' title='bbox 1330 1253 1420 1308; x_wconf 79' lang='grc' dir='ltr'>τὰς</span> <span class='ocrx_word' id='word_1_144' title='bbox 1451 1253 1645 1319; x_wconf 77' lang='grc' dir='ltr'>πράξεις</span> 
     </span>
     <span class='ocr_line' id='line_1_19' title="bbox 154 1319 1646 1390; baseline -0.004 -22"><span class='ocrx_word' id='word_1_145' title='bbox 154 1325 246 1369; x_wconf 83' lang='grc' dir='ltr'>τοῦ</span> <span class='ocrx_word' id='word_1_146' title='bbox 261 1319 488 1382; x_wconf 76' lang='grc' dir='ltr'>σώματος</span> <span class='ocrx_word' id='word_1_147' title='bbox 508 1324 790 1370; x_wconf 69' lang='grc' dir='ltr'>θανατοῦτε</span> <span class='ocrx_word' id='word_1_148' title='bbox 811 1320 1035 1385; x_wconf 69' lang='grc' dir='ltr'>ζήσεσθε.</span> <span class='ocrx_word' id='word_1_149' title='bbox 1112 1322 1190 1368; x_wconf 81' lang='grc'>14.</span> <span class='ocrx_word' id='word_1_150' title='bbox 1212 1321 1355 1370; x_wconf 67' lang='grc' dir='ltr'>ΠΟσοι</span> <span class='ocrx_word' id='word_1_151' title='bbox 1373 1322 1473 1390; x_wconf 75' lang='grc' dir='ltr'>γὰρ</span> <span class='ocrx_word' id='word_1_152' title='bbox 1497 1322 1646 1372; x_wconf 78' lang='grc' dir='ltr'>πνεύ-</span> 
     </span>
     <span class='ocr_line' id='line_1_20' title="bbox 154 1385 1646 1456; baseline 0.003 -20"><span class='ocrx_word' id='word_1_153' title='bbox 154 1408 275 1452; x_wconf 84' lang='grc' dir='ltr'>ματι</span> <span class='ocrx_word' id='word_1_154' title='bbox 307 1391 434 1437; x_wconf 85' lang='grc' dir='ltr'>θεοῦ</span> <span class='ocrx_word' id='word_1_155' title='bbox 465 1391 700 1456; x_wconf 68' lang='grc' dir='ltr'>ἄγονται,</span> <span class='ocrx_word' id='word_1_156' title='bbox 748 1385 886 1438; x_wconf 74' lang='grc' dir='ltr'>οὗτοί</span> <span class='ocrx_word' id='word_1_157' title='bbox 919 1393 1040 1438; x_wconf 76' lang='grc' dir='ltr'>εἰσιν</span> <span class='ocrx_word' id='word_1_158' title='bbox 1071 1388 1173 1438; x_wconf 81' lang='grc' dir='ltr'>υἱοὶ</span> <span class='ocrx_word' id='word_1_159' title='bbox 1207 1392 1349 1438; x_wconf 82' lang='grc' dir='ltr'>θεοῦ.</span> <span class='ocrx_word' id='word_1_160' title='bbox 1442 1391 1519 1441; x_wconf 88' lang='grc'>15.</span> <span class='ocrx_word' id='word_1_161' title='bbox 1572 1392 1646 1442; x_wconf 83' lang='grc' dir='ltr'>Οὐ</span> 
     </span>
     <span class='ocr_line' id='line_1_21' title="bbox 155 1455 1646 1524; baseline 0.003 -20"><span class='ocrx_word' id='word_1_162' title='bbox 155 1456 254 1524; x_wconf 68' lang='grc' dir='ltr'>γὰρ</span> <span class='ocrx_word' id='word_1_163' title='bbox 279 1456 473 1521; x_wconf 74' lang='grc' dir='ltr'>ἐλάβετε</span> <span class='ocrx_word' id='word_1_164' title='bbox 500 1464 695 1519; x_wconf 70' lang='grc' dir='ltr'>πνεῦμα</span> <span class='ocrx_word' id='word_1_165' title='bbox 720 1458 945 1512; x_wconf 76' lang='grc' dir='ltr'>δουλείας</span> <span class='ocrx_word' id='word_1_166' title='bbox 964 1456 1111 1506; x_wconf 72' lang='grc' dir='ltr'>πάλιν</span> <span class='ocrx_word' id='word_1_167' title='bbox 1131 1461 1196 1512; x_wconf 79' lang='grc' dir='ltr'>εἷς</span> <span class='ocrx_word' id='word_1_168' title='bbox 1218 1455 1402 1523; x_wconf 69' lang='grc' dir='ltr'>φόβον,</span> <span class='ocrx_word' id='word_1_169' title='bbox 1426 1460 1524 1507; x_wconf 76' lang='grc' dir='ltr'>ἀλλ’</span> <span class='ocrx_word' id='word_1_170' title='bbox 1540 1458 1646 1508; x_wconf 79' lang='grc' dir='ltr'><em>ἐλά-</em></span> 
     </span>
     <span class='ocr_line' id='line_1_22' title="bbox 154 1522 1644 1592; baseline 0.003 -19"><span class='ocrx_word' id='word_1_171' title='bbox 154 1527 268 1589; x_wconf 78' lang='grc' dir='ltr'>βετε</span> <span class='ocrx_word' id='word_1_172' title='bbox 287 1533 483 1588; x_wconf 76' lang='grc' dir='ltr'>πνεῦμα</span> <span class='ocrx_word' id='word_1_173' title='bbox 505 1526 776 1584; x_wconf 75' lang='grc' dir='ltr'>υἱοθεσίας,</span> <span class='ocrx_word' id='word_1_174' title='bbox 816 1529 868 1576; x_wconf 70' lang='grc' dir='ltr'>ἐν</span> <span class='ocrx_word' id='word_1_175' title='bbox 889 1522 931 1590; x_wconf 72' lang='grc' dir='ltr'><em>ᾧ</em></span> <span class='ocrx_word' id='word_1_176' title='bbox 950 1524 1200 1589; x_wconf 73' lang='grc' dir='ltr'>κράζομεν</span> <span class='ocrx_word' id='word_1_177' title='bbox 1223 1526 1382 1590; x_wconf 78' lang='grc' dir='ltr'><em>ἀββᾶ,</em></span> <span class='ocrx_word' id='word_1_178' title='bbox 1420 1527 1444 1576; x_wconf 85' lang='grc' dir='ltr'><em>ὃ</em></span> <span class='ocrx_word' id='word_1_179' title='bbox 1466 1527 1644 1592; x_wconf 78' lang='grc' dir='ltr'>πατήρ.</span> 
     </span>
     <span class='ocr_line' id='line_1_23' title="bbox 161 1593 1643 1660; baseline 0.003 -19"><span class='ocrx_word' id='word_1_180' title='bbox 161 1598 238 1644; x_wconf 90' lang='grc'>16.</span> <span class='ocrx_word' id='word_1_181' title='bbox 274 1595 411 1643; x_wconf 83' lang='grc' dir='ltr'>Αὐτὸ</span> <span class='ocrx_word' id='word_1_182' title='bbox 434 1595 488 1643; x_wconf 83' lang='grc' dir='ltr'>τὸ</span> <span class='ocrx_word' id='word_1_183' title='bbox 513 1599 728 1657; x_wconf 79' lang='grc' dir='ltr'>[[νεῦμα</span> <span class='ocrx_word' id='word_1_184' title='bbox 750 1599 1099 1658; x_wconf 74' lang='grc' dir='ltr'>συμμαρτυρεῖ</span> <span class='ocrx_word' id='word_1_185' title='bbox 1116 1600 1188 1659; x_wconf 75' lang='grc' dir='ltr'>τῷ</span> <span class='ocrx_word' id='word_1_186' title='bbox 1209 1593 1453 1658; x_wconf 74' lang='grc' dir='ltr'>πνεύματι</span> <span class='ocrx_word' id='word_1_187' title='bbox 1483 1596 1643 1660; x_wconf 75' lang='grc' dir='ltr'>ἡμῶν,</span> 
     </span>
     <span class='ocr_line' id='line_1_24' title="bbox 157 1661 1646 1730; baseline 0.003 -20"><span class='ocrx_word' id='word_1_188' title='bbox 157 1662 231 1711; x_wconf 82' lang='grc' dir='ltr'>ὅτι</span> <span class='ocrx_word' id='word_1_189' title='bbox 254 1662 400 1726; x_wconf 73' lang='grc' dir='ltr'>ἐσμὲν</span> <span class='ocrx_word' id='word_1_190' title='bbox 422 1664 568 1711; x_wconf 74' lang='grc' dir='ltr'>τέκνα</span> <span class='ocrx_word' id='word_1_191' title='bbox 592 1666 737 1712; x_wconf 85' lang='grc' dir='ltr'>θεοῦ.</span> <span class='ocrx_word' id='word_1_192' title='bbox 813 1666 889 1713; x_wconf 88' lang='grc'>17.</span> <span class='ocrx_word' id='word_1_193' title='bbox 928 1667 985 1711; x_wconf 78' lang='grc' dir='ltr'>Εἰ</span> <span class='ocrx_word' id='word_1_194' title='bbox 1008 1661 1062 1711; x_wconf 69' lang='grc' dir='ltr'>δὲ</span> <span class='ocrx_word' id='word_1_195' title='bbox 1091 1663 1240 1711; x_wconf 69' lang='grc' dir='ltr'>τέκνα</span> <span class='ocrx_word' id='word_1_196' title='bbox 1257 1702 1269 1720; x_wconf 90' lang='grc'><em>,</em></span> <span class='ocrx_word' id='word_1_197' title='bbox 1303 1663 1387 1712; x_wconf 79' lang='grc' dir='ltr'>καὶ</span> <span class='ocrx_word' id='word_1_198' title='bbox 1405 1664 1646 1730; x_wconf 74' lang='grc' dir='ltr'>’κληρονό-</span> 
     </span>
     <span class='ocr_line' id='line_1_25' title="bbox 157 1729 1642 1799; baseline 0.004 -22"><span class='ocrx_word' id='word_1_199' title='bbox 157 1748 265 1792; x_wconf 87' lang='grc' dir='ltr'>μοι·</span> <span class='ocrx_word' id='word_1_200' title='bbox 303 1732 599 1795; x_wconf 72' lang='grc' dir='ltr'>κληρονόμοι</span> <span class='ocrx_word' id='word_1_201' title='bbox 619 1731 713 1795; x_wconf 75' lang='grc' dir='ltr'>μὲν</span> <span class='ocrx_word' id='word_1_202' title='bbox 736 1735 878 1789; x_wconf 82' lang='grc' dir='ltr'>θεοῦ,</span> <span class='ocrx_word' id='word_1_203' title='bbox 918 1729 1317 1798; x_wconf 39' lang='grc' dir='ltr'>συγκληρονόιιιοι.</span> <span class='ocrx_word' id='word_1_204' title='bbox 1337 1731 1642 1799; x_wconf 77' lang='grc' dir='ltr'>ὃὲΧριστοῦ,</span> 
     </span>
     <span class='ocr_line' id='line_1_26' title="bbox 160 1798 1391 1863; baseline 0.003 -18"><span class='ocrx_word' id='word_1_205' title='bbox 160 1800 290 1861; x_wconf 80' lang='grc' dir='ltr'>εἴπερ</span> <span class='ocrx_word' id='word_1_206' title='bbox 314 1798 674 1863; x_wconf 78' lang='grc' dir='ltr'>συμπάσχομεν</span> <span class='ocrx_word' id='word_1_207' title='bbox 685 1838 699 1858; x_wconf 86' lang='grc'>,</span> <span class='ocrx_word' id='word_1_208' title='bbox 736 1802 820 1850; x_wconf 69' lang='grc' dir='ltr'>ἵνα</span> <span class='ocrx_word' id='word_1_209' title='bbox 841 1800 924 1849; x_wconf 79' lang='grc' dir='ltr'>καὶ</span> <span class='ocrx_word' id='word_1_210' title='bbox 946 1799 1391 1863; x_wconf 70' lang='grc' dir='ltr'>συνδοξασθῶμεν.</span> 
     </span>
    </p>
   </div>
   <div class='ocr_carea' id='block_1_4' title="bbox 159 1885 1645 2910">
    <p class='ocr_par' dir='ltr' id='par_1_4' title="bbox 159 1885 1645 2114">
     <span class='ocr_line' id='line_1_27' title="bbox 279 1885 1645 1944; baseline 0.004 -19"><span class='ocrx_word' id='word_1_211' title='bbox 279 1885 416 1936; x_wconf 79' lang='lat' dir='ltr'>Quum</span> <span class='ocrx_word' id='word_1_212' title='bbox 435 1886 569 1941; x_wconf 77' lang='lat' dir='ltr'>iyitur</span> <span class='ocrx_word' id='word_1_213' title='bbox 589 1891 650 1929; x_wconf 69' lang='lat' dir='ltr'>tot</span> <span class='ocrx_word' id='word_1_214' title='bbox 670 1893 972 1944; x_wconf 78' lang='lat' dir='ltr'>tantorumque</span> <span class='ocrx_word' id='word_1_215' title='bbox 991 1888 1189 1930; x_wconf 82' lang='lat' dir='ltr'>decorum</span> <span class='ocrx_word' id='word_1_216' title='bbox 1211 1887 1297 1931; x_wconf 73' lang='lat' dir='ltr'>div.</span> <span class='ocrx_word' id='word_1_217' title='bbox 1317 1889 1501 1941; x_wconf 76' lang='lat' dir='ltr'>spiritus</span> <span class='ocrx_word' id='word_1_218' title='bbox 1525 1889 1645 1931; x_wconf 70' lang='lat' dir='ltr'>nobis</span> 
     </span>
     <span class='ocr_line' id='line_1_28' title="bbox 161 1943 1645 2000; baseline 0.003 -17"><span class='ocrx_word' id='word_1_219' title='bbox 161 1947 313 1984; x_wconf 73' lang='lat' dir='ltr'>auctor</span> <span class='ocrx_word' id='word_1_220' title='bbox 341 1943 397 1984; x_wconf 74' lang='lat' dir='ltr'>sit</span> <span class='ocrx_word' id='word_1_221' title='bbox 426 1945 487 1994; x_wconf 85' lang='lat' dir='ltr'>(v.</span> <span class='ocrx_word' id='word_1_222' title='bbox 514 1944 732 1996; x_wconf 79' lang='lat'>1—11.)‚</span> <span class='ocrx_word' id='word_1_223' title='bbox 763 1945 878 1998; x_wconf 73' lang='lat' dir='ltr'>ayite</span> <span class='ocrx_word' id='word_1_224' title='bbox 905 1944 1120 1986; x_wconf 72' lang='lat' dir='ltr'>libidinosi</span> <span class='ocrx_word' id='word_1_225' title='bbox 1147 1943 1339 1997; x_wconf 76' lang='lat' dir='ltr'>corporis</span> <span class='ocrx_word' id='word_1_226' title='bbox 1359 1945 1502 1986; x_wconf 69' lang='lat' dir='ltr'>studia</span> <span class='ocrx_word' id='word_1_227' title='bbox 1521 1946 1645 2000; x_wconf 80' lang='lat' dir='ltr'>depo-</span> 
     </span>
     <span class='ocr_line' id='line_1_29' title="bbox 160 1999 1644 2055; baseline 0.004 -16"><span class='ocrx_word' id='word_1_228' title='bbox 160 2013 315 2040; x_wconf 80' lang='lat' dir='ltr'>namus</span> <span class='ocrx_word' id='word_1_229' title='bbox 334 2001 398 2052; x_wconf 72' lang='grc' dir='ltr'><strong>(ν.</strong></span> <span class='ocrx_word' id='word_1_230' title='bbox 424 1999 520 2051; x_wconf 79' lang='lat'>12).¹</span> <span class='ocrx_word' id='word_1_231' title='bbox 580 2000 891 2041; x_wconf 76' lang='lat' dir='ltr'>Acerbissimos</span> <span class='ocrx_word' id='word_1_232' title='bbox 911 2001 1023 2041; x_wconf 77' lang='lat' dir='ltr'>enim</span> <span class='ocrx_word' id='word_1_233' title='bbox 1042 2014 1093 2040; x_wconf 84' lang='lat' dir='ltr'>ea</span> <span class='ocrx_word' id='word_1_234' title='bbox 1113 1999 1286 2055; x_wconf 77' lang='lat' dir='ltr'>fructus</span> <span class='ocrx_word' id='word_1_235' title='bbox 1306 2001 1459 2053; x_wconf 78' lang='lat' dir='ltr'>edunt,</span> <span class='ocrx_word' id='word_1_236' title='bbox 1493 2009 1644 2046; x_wconf 81' lang='lat' dir='ltr'>contra</span> 
     </span>
     <span class='ocr_line' id='line_1_30' title="bbox 159 2055 1592 2114; baseline 0.003 -16"><span class='ocrx_word' id='word_1_237' title='bbox 159 2055 426 2098; x_wconf 71' lang='lat' dir='ltr'>dulcissimos</span> <span class='ocrx_word' id='word_1_238' title='bbox 454 2056 546 2113; x_wconf 79' lang='lat' dir='ltr'>fert</span> <span class='ocrx_word' id='word_1_239' title='bbox 578 2057 667 2098; x_wconf 73' lang='lat' dir='ltr'>rita</span> <span class='ocrx_word' id='word_1_240' title='bbox 697 2057 781 2098; x_wconf 72' lang='lat' dir='ltr'>cliv.</span> <span class='ocrx_word' id='word_1_241' title='bbox 814 2057 989 2110; x_wconf 71' lang='lat' dir='ltr'>spiritui</span> <span class='ocrx_word' id='word_1_242' title='bbox 1008 2061 1258 2098; x_wconf 80' lang='lat' dir='ltr'>consecrata</span> <span class='ocrx_word' id='word_1_243' title='bbox 1277 2058 1340 2111; x_wconf 74' lang='lat' dir='ltr'>(v.</span> <span class='ocrx_word' id='word_1_244' title='bbox 1365 2057 1592 2114; x_wconf 80' lang='lat'><strong>13—17).</strong></span> 
     </span>
    </p>

    <p class='ocr_par' dir='ltr' id='par_1_5' title="bbox 160 2112 1644 2910">
     <span class='ocr_line' id='line_1_31' title="bbox 275 2112 1644 2168; baseline 0.004 -16"><span class='ocrx_word' id='word_1_245' title='bbox 275 2112 334 2155; x_wconf 89' lang='lat' dir='ltr'>V.</span> <span class='ocrx_word' id='word_1_246' title='bbox 370 2114 436 2155; x_wconf 87' lang='lat'>12.</span> <span class='ocrx_word' id='word_1_247' title='bbox 489 2116 846 2165; x_wconf 79' lang='lat' dir='ltr'>Argumentatur</span> <span class='ocrx_word' id='word_1_248' title='bbox 889 2114 982 2168; x_wconf 87' lang='lat' dir='ltr'>Ap.</span> <span class='ocrx_word' id='word_1_249' title='bbox 1013 2127 1036 2154; x_wconf 88' lang='lat' dir='ltr'>e</span> <span class='ocrx_word' id='word_1_250' title='bbox 1077 2118 1170 2154; x_wconf 89' lang='lat' dir='ltr'>toto</span> <span class='ocrx_word' id='word_1_251' title='bbox 1199 2112 1260 2164; x_wconf 87' lang='lat' dir='ltr'>l.,</span> <span class='ocrx_word' id='word_1_252' title='bbox 1312 2113 1387 2168; x_wconf 88' lang='lat' dir='ltr'>qui</span> <span class='ocrx_word' id='word_1_253' title='bbox 1422 2117 1644 2159; x_wconf 82' lang='lat' dir='ltr'>antecedit</span> 
     </span>
     <span class='ocr_line' id='line_1_32' title="bbox 161 2169 1644 2228; baseline 0.004 -18"><span class='ocrx_word' id='word_1_254' title='bbox 161 2184 202 2212; x_wconf 84' lang='lat' dir='ltr'>v.</span> <span class='ocrx_word' id='word_1_255' title='bbox 228 2170 249 2210; x_wconf 90' lang='lat' dir='ltr'>l</span> <span class='ocrx_word' id='word_1_256' title='bbox 271 2196 320 2202; x_wconf 91' lang='lat'>—</span> <span class='ocrx_word' id='word_1_257' title='bbox 349 2171 444 2222; x_wconf 91' lang='grc'><strong>11.,</strong></span> <span class='ocrx_word' id='word_1_258' title='bbox 477 2184 558 2211; x_wconf 92' lang='lat' dir='ltr'>non</span> <span class='ocrx_word' id='word_1_259' title='bbox 592 2176 760 2210; x_wconf 84' lang='lat' dir='ltr'>tautum</span> <span class='ocrx_word' id='word_1_260' title='bbox 793 2184 815 2210; x_wconf 89' lang='lat' dir='ltr'>e</span> <span class='ocrx_word' id='word_1_261' title='bbox 848 2184 911 2213; x_wconf 68' lang='grc' dir='ltr'>νε.</span> <span class='ocrx_word' id='word_1_262' title='bbox 942 2171 1009 2212; x_wconf 86' lang='grc'>10.</span> <span class='ocrx_word' id='word_1_263' title='bbox 1043 2177 1085 2210; x_wconf 90' lang='lat' dir='ltr'>et</span> <span class='ocrx_word' id='word_1_264' title='bbox 1112 2172 1178 2210; x_wconf 89' lang='lat' dir='ltr'>ll.</span> <span class='ocrx_word' id='word_1_265' title='bbox 1211 2169 1254 2212; x_wconf 87' lang='lat' dir='ltr'>b.</span> <span class='ocrx_word' id='word_1_266' title='bbox 1289 2183 1352 2213; x_wconf 63' lang='grc' dir='ltr'>ηε</span> <span class='ocrx_word' id='word_1_267' title='bbox 1383 2170 1527 2227; x_wconf 68' lang='lat' dir='ltr'>itaque</span> <span class='ocrx_word' id='word_1_268' title='bbox 1546 2188 1644 2228; x_wconf 72' lang='lat' dir='ltr'>erqo</span> 
     </span>
     <span class='ocr_line' id='line_1_33' title="bbox 161 2226 1644 2284; baseline 0.002 -17"><span class='ocrx_word' id='word_1_269' title='bbox 161 2226 205 2268; x_wconf 87' lang='lat' dir='ltr'>h.</span> <span class='ocrx_word' id='word_1_270' title='bbox 236 2240 274 2269; x_wconf 82' lang='lat' dir='ltr'>r.</span> <span class='ocrx_word' id='word_1_271' title='bbox 305 2241 435 2283; x_wconf 87' lang='lat' dir='ltr'>quum</span> <span class='ocrx_word' id='word_1_272' title='bbox 467 2227 604 2282; x_wconf 84' lang='lat' dir='ltr'>igitur</span> <span class='ocrx_word' id='word_1_273' title='bbox 636 2233 701 2268; x_wconf 88' lang='lat' dir='ltr'>tot</span> <span class='ocrx_word' id='word_1_274' title='bbox 730 2226 954 2282; x_wconf 80' lang='lat' dir='ltr'>tantisque</span> <span class='ocrx_word' id='word_1_275' title='bbox 989 2226 1213 2267; x_wconf 83' lang='lat' dir='ltr'>beneficiis</span> <span class='ocrx_word' id='word_1_276' title='bbox 1244 2240 1323 2267; x_wconf 92' lang='lat' dir='ltr'>nos</span> <span class='ocrx_word' id='word_1_277' title='bbox 1346 2226 1433 2268; x_wconf 90' lang='lat' dir='ltr'>Dei</span> <span class='ocrx_word' id='word_1_278' title='bbox 1456 2229 1644 2284; x_wconf 81' lang='lat' dir='ltr'>spiritus</span> 
     </span>
     <span class='ocr_line' id='line_1_34' title="bbox 160 2281 1644 2340; baseline 0.003 -16"><span class='ocrx_word' id='word_1_279' title='bbox 160 2283 468 2325; x_wconf 80' lang='lat' dir='ltr'>obstrinxerit.</span> <span class='ocrx_word' id='word_1_280' title='bbox 547 2284 742 2326; x_wconf 71' lang='lat' dir='ltr'>Dativus</span> <span class='ocrx_word' id='word_1_281' title='bbox 776 2285 825 2340; x_wconf 65' lang='grc' dir='ltr'>τῇ</span> <span class='ocrx_word' id='word_1_282' title='bbox 861 2281 1002 2338; x_wconf 76' lang='grc' dir='ltr'>Σαρκί</span> <span class='ocrx_word' id='word_1_283' title='bbox 1028 2297 1257 2336; x_wconf 77' lang='lat' dir='ltr'>personum</span> <span class='ocrx_word' id='word_1_284' title='bbox 1287 2284 1524 2340; x_wconf 80' lang='lat' dir='ltr'>exprimit,</span> <span class='ocrx_word' id='word_1_285' title='bbox 1572 2288 1644 2331; x_wconf 86' lang='lat' dir='ltr'>cui</span> 
     </span>
     <span class='ocr_line' id='line_1_35' title="bbox 160 2339 1642 2399; baseline 0.003 -18"><span class='ocrx_word' id='word_1_286' title='bbox 160 2340 343 2396; x_wconf 84' lang='lat' dir='ltr'>aliquod</span> <span class='ocrx_word' id='word_1_287' title='bbox 374 2341 569 2382; x_wconf 88' lang='lat' dir='ltr'>debitum</span> <span class='ocrx_word' id='word_1_288' title='bbox 600 2355 622 2381; x_wconf 88' lang='lat' dir='ltr'>a</span> <span class='ocrx_word' id='word_1_289' title='bbox 660 2341 787 2381; x_wconf 81' lang='lat' dir='ltr'>nobis</span> <span class='ocrx_word' id='word_1_290' title='bbox 821 2339 1156 2397; x_wconf 76' lang='lat' dir='ltr'>persolvendum</span> <span class='ocrx_word' id='word_1_291' title='bbox 1186 2340 1246 2380; x_wconf 85' lang='lat' dir='ltr'>sit</span> <span class='ocrx_word' id='word_1_292' title='bbox 1280 2343 1350 2395; x_wconf 88' lang='lat'>(1,</span> <span class='ocrx_word' id='word_1_293' title='bbox 1393 2341 1507 2397; x_wconf 80' lang='lat'>14.)‚</span> <span class='ocrx_word' id='word_1_294' title='bbox 1555 2358 1642 2399; x_wconf 89' lang='lat' dir='ltr'>quo</span> 
     </span>
     <span class='ocr_line' id='line_1_36' title="bbox 161 2396 1642 2452; baseline 0.003 -14"><span class='ocrx_word' id='word_1_295' title='bbox 161 2397 277 2439; x_wconf 78' lang='lat' dir='ltr'>tacto</span> <span class='ocrx_word' id='word_1_296' title='bbox 312 2396 361 2439; x_wconf 87' lang='grc' dir='ltr'><strong>Ρ.</strong></span> <span class='ocrx_word' id='word_1_297' title='bbox 392 2413 482 2439; x_wconf 88' lang='lat' dir='ltr'>rem</span> <span class='ocrx_word' id='word_1_298' title='bbox 521 2398 663 2452; x_wconf 87' lang='lat' dir='ltr'>magis</span> <span class='ocrx_word' id='word_1_299' title='bbox 692 2399 1002 2439; x_wconf 86' lang='lat' dir='ltr'>illustraturus</span> <span class='ocrx_word' id='word_1_300' title='bbox 1025 2396 1277 2439; x_wconf 71' lang='lat' dir='ltr'>Genitivum</span> <span class='ocrx_word' id='word_1_301' title='bbox 1301 2397 1439 2439; x_wconf 87' lang='lat' dir='ltr'>debiti</span> <span class='ocrx_word' id='word_1_302' title='bbox 1462 2398 1642 2451; x_wconf 80' lang='lat' dir='ltr'>(Matth.</span> 
     </span>
     <span class='ocr_line' id='line_1_37' title="bbox 164 2453 1642 2513; baseline 0.003 -18"><span class='ocrx_word' id='word_1_303' title='bbox 164 2455 243 2506; x_wconf 85' lang='lat'>18,</span> <span class='ocrx_word' id='word_1_304' title='bbox 271 2454 368 2509; x_wconf 84' lang='lat'><strong>24.)</strong></span> <span class='ocrx_word' id='word_1_305' title='bbox 397 2454 563 2513; x_wconf 86' lang='lat' dir='ltr'>adjicit.</span> <span class='ocrx_word' id='word_1_306' title='bbox 629 2454 780 2510; x_wconf 73' lang='lat' dir='ltr'>Quare</span> <span class='ocrx_word' id='word_1_307' title='bbox 814 2454 942 2496; x_wconf 85' lang='lat' dir='ltr'>Pauli</span> <span class='ocrx_word' id='word_1_308' title='bbox 976 2453 1121 2494; x_wconf 81' lang='lat' dir='ltr'>verbis</span> <span class='ocrx_word' id='word_1_309' title='bbox 1146 2454 1350 2508; x_wconf 88' lang='lat' dir='ltr'>loquutio</span> <span class='ocrx_word' id='word_1_310' title='bbox 1372 2469 1557 2510; x_wconf 86' lang='lat' dir='ltr'>prorsus</span> <span class='ocrx_word' id='word_1_311' title='bbox 1578 2458 1642 2499; x_wconf 88' lang='lat' dir='ltr'>le-</span> 
     </span>
     <span class='ocr_line' id='line_1_38' title="bbox 162 2508 1644 2569; baseline 0.002 -17"><span class='ocrx_word' id='word_1_312' title='bbox 162 2511 315 2566; x_wconf 85' lang='lat' dir='ltr'>gitima</span> <span class='ocrx_word' id='word_1_313' title='bbox 342 2512 517 2554; x_wconf 84' lang='lat' dir='ltr'>subest:</span> <span class='ocrx_word' id='word_1_314' title='bbox 549 2508 789 2567; x_wconf 63' lang='grc' dir='ltr'>ἆφειλὲτῃς</span> <span class='ocrx_word' id='word_1_315' title='bbox 819 2509 912 2562; x_wconf 84' lang='grc' dir='ltr'>εἰμί</span> <span class='ocrx_word' id='word_1_316' title='bbox 943 2509 1030 2552; x_wconf 72' lang='grc' dir='ltr'>τινί</span> <span class='ocrx_word' id='word_1_317' title='bbox 1050 2525 1168 2559; x_wconf 71' lang='grc' dir='ltr'>τινος</span> <span class='ocrx_word' id='word_1_318' title='bbox 1190 2524 1283 2551; x_wconf 75' lang='lat' dir='ltr'>sum</span> <span class='ocrx_word' id='word_1_319' title='bbox 1302 2511 1436 2554; x_wconf 71' lang='lat' dir='ltr'>alicui</span> <span class='ocrx_word' id='word_1_320' title='bbox 1455 2514 1644 2569; x_wconf 54' lang='lat' dir='ltr'>alicujus</span> 
     </span>
     <span class='ocr_line' id='line_1_39' title="bbox 160 2566 1642 2624; baseline 0 -14"><span class='ocrx_word' id='word_1_321' title='bbox 160 2568 226 2610; x_wconf 80' lang='lat' dir='ltr'>rei</span> <span class='ocrx_word' id='word_1_322' title='bbox 251 2567 416 2611; x_wconf 71' lang='lat' dir='ltr'>debitor</span> <span class='ocrx_word' id='word_1_323' title='bbox 445 2569 474 2610; x_wconf 88' lang='lat' dir='ltr'>i.</span> <span class='ocrx_word' id='word_1_324' title='bbox 506 2583 549 2624; x_wconf 86' lang='lat' dir='ltr'>q.</span> <span class='ocrx_word' id='word_1_325' title='bbox 579 2568 715 2610; x_wconf 84' lang='lat' dir='ltr'>debeo</span> <span class='ocrx_word' id='word_1_326' title='bbox 739 2568 872 2609; x_wconf 83' lang='lat' dir='ltr'>alicui</span> <span class='ocrx_word' id='word_1_327' title='bbox 904 2582 1011 2611; x_wconf 87' lang='lat' dir='ltr'>rem.</span> <span class='ocrx_word' id='word_1_328' title='bbox 1081 2566 1156 2608; x_wconf 87' lang='lat' dir='ltr'>Sic</span> <span class='ocrx_word' id='word_1_329' title='bbox 1184 2567 1294 2608; x_wconf 86' lang='lat' dir='ltr'>bunc</span> <span class='ocrx_word' id='word_1_330' title='bbox 1321 2569 1354 2612; x_wconf 90' lang='lat'>1.</span> <span class='ocrx_word' id='word_1_331' title='bbox 1383 2572 1564 2624; x_wconf 85' lang='lat' dir='ltr'>exposui</span> <span class='ocrx_word' id='word_1_332' title='bbox 1587 2572 1642 2613; x_wconf 89' lang='lat' dir='ltr'>ad</span> 
     </span>
     <span class='ocr_line' id='line_1_40' title="bbox 162 2622 1641 2681; baseline 0.002 -15"><span class='ocrx_word' id='word_1_333' title='bbox 162 2624 325 2668; x_wconf 83' lang='lat' dir='ltr'>Matth.</span> <span class='ocrx_word' id='word_1_334' title='bbox 346 2639 390 2681; x_wconf 83' lang='lat' dir='ltr'>p.</span> <span class='ocrx_word' id='word_1_335' title='bbox 412 2625 511 2668; x_wconf 82' lang='lat'>844.</span> <span class='ocrx_word' id='word_1_336' title='bbox 536 2625 749 2681; x_wconf 79' lang='lat' dir='ltr'>probante</span> <span class='ocrx_word' id='word_1_337' title='bbox 777 2625 942 2666; x_wconf 78' lang='lat' dir='ltr'>Winero</span> <span class='ocrx_word' id='word_1_338' title='bbox 961 2639 1004 2680; x_wconf 88' lang='lat' dir='ltr'>p.</span> <span class='ocrx_word' id='word_1_339' title='bbox 1026 2624 1144 2666; x_wconf 79' lang='lat'><strong>301..</strong></span> <span class='ocrx_word' id='word_1_340' title='bbox 1182 2622 1341 2681; x_wconf 85' lang='lat' dir='ltr'>ltaque</span> <span class='ocrx_word' id='word_1_341' title='bbox 1363 2640 1483 2679; x_wconf 81' lang='lat' dir='ltr'>ergo,</span> <span class='ocrx_word' id='word_1_342' title='bbox 1503 2629 1641 2669; x_wconf 88' lang='lat' dir='ltr'>caris-</span> 
     </span>
     <span class='ocr_line' id='line_1_41' title="bbox 163 2680 1640 2737; baseline 0.003 -15"><span class='ocrx_word' id='word_1_343' title='bbox 163 2681 281 2733; x_wconf 84' lang='lat' dir='ltr'>simi,</span> <span class='ocrx_word' id='word_1_344' title='bbox 301 2680 525 2724; x_wconf 88' lang='lat' dir='ltr'>debitores</span> <span class='ocrx_word' id='word_1_345' title='bbox 557 2697 708 2723; x_wconf 86' lang='lat' dir='ltr'>sumus</span> <span class='ocrx_word' id='word_1_346' title='bbox 733 2697 815 2724; x_wconf 91' lang='lat' dir='ltr'>non</span> <span class='ocrx_word' id='word_1_347' title='bbox 838 2681 1101 2722; x_wconf 86' lang='lat' dir='ltr'>Libidinoso</span> <span class='ocrx_word' id='word_1_348' title='bbox 1123 2680 1327 2737; x_wconf 86' lang='lat' dir='ltr'>Corpori,</span> <span class='ocrx_word' id='word_1_349' title='bbox 1358 2697 1524 2725; x_wconf 89' lang='lat' dir='ltr'>morum</span> <span class='ocrx_word' id='word_1_350' title='bbox 1543 2683 1640 2726; x_wconf 88' lang='lat' dir='ltr'>dico</span> 
     </span>
     <span class='ocr_line' id='line_1_42' title="bbox 162 2737 1639 2796; baseline 0.003 -18"><span class='ocrx_word' id='word_1_351' title='bbox 162 2737 218 2778; x_wconf 84' lang='lat' dir='ltr'>ad</span> <span class='ocrx_word' id='word_1_352' title='bbox 261 2740 462 2796; x_wconf 85' lang='lat' dir='ltr'>corporis</span> <span class='ocrx_word' id='word_1_353' title='bbox 496 2738 762 2796; x_wconf 86' lang='lat' dir='ltr'>cupiditates</span> <span class='ocrx_word' id='word_1_354' title='bbox 793 2737 1142 2793; x_wconf 86' lang='lat' dir='ltr'>dirigeudorum.</span> <span class='ocrx_word' id='word_1_355' title='bbox 1220 2737 1639 2795; x_wconf 73' lang='lat' dir='ltr'>interpretationem</span> 
     </span>
     <span class='ocr_line' id='line_1_43' title="bbox 162 2794 1639 2852; baseline 0.003 -16"><span class='ocrx_word' id='word_1_356' title='bbox 162 2794 298 2850; x_wconf 84' lang='lat' dir='ltr'>vulgo</span> <span class='ocrx_word' id='word_1_357' title='bbox 319 2802 538 2852; x_wconf 82' lang='lat' dir='ltr'>receptam</span> <span class='ocrx_word' id='word_1_358' title='bbox 559 2802 681 2838; x_wconf 83' lang='lat' dir='ltr'>tenet</span> <span class='ocrx_word' id='word_1_359' title='bbox 698 2795 930 2850; x_wconf 69' lang='lat' dir='ltr'>Meyer-us:</span> <span class='ocrx_word' id='word_1_360' title='bbox 961 2820 1016 2826; x_wconf 92' lang='lat'>—</span> <span class='ocrx_word' id='word_1_361' title='bbox 1049 2809 1132 2836; x_wconf 91' lang='lat' dir='ltr'>nou</span> <span class='ocrx_word' id='word_1_362' title='bbox 1153 2809 1306 2837; x_wconf 82' lang='lat' dir='ltr'>sumus</span> <span class='ocrx_word' id='word_1_363' title='bbox 1327 2794 1549 2840; x_wconf 86' lang='lat' dir='ltr'>debitores</span> <span class='ocrx_word' id='word_1_364' title='bbox 1568 2813 1639 2840; x_wconf 74' lang='lat' dir='ltr'>vo-</span> 
     </span>
     <span class='ocr_line' id='line_1_44' title="bbox 162 2851 1639 2910; baseline 0.003 -17"><span class='ocrx_word' id='word_1_365' title='bbox 162 2851 361 2909; x_wconf 88' lang='lat' dir='ltr'>luptario</span> <span class='ocrx_word' id='word_1_366' title='bbox 381 2853 558 2910; x_wconf 86' lang='lat' dir='ltr'>corpori</span> <span class='ocrx_word' id='word_1_367' title='bbox 579 2852 808 2905; x_wconf 83' lang='lat' dir='ltr'>adstricti,</span> <span class='ocrx_word' id='word_1_368' title='bbox 837 2857 885 2895; x_wconf 79' lang='lat' dir='ltr'>ut</span> <span class='ocrx_word' id='word_1_369' title='bbox 913 2854 997 2907; x_wconf 84' lang='lat' dir='ltr'>(sc.</span> <span class='ocrx_word' id='word_1_370' title='bbox 1021 2851 1101 2894; x_wconf 72' lang='lat' dir='ltr'>hac</span> <span class='ocrx_word' id='word_1_371' title='bbox 1123 2852 1250 2895; x_wconf 89' lang='lat' dir='ltr'>nobis</span> <span class='ocrx_word' id='word_1_372' title='bbox 1271 2853 1536 2897; x_wconf 84' lang='lat' dir='ltr'>necessitate</span> <span class='ocrx_word' id='word_1_373' title='bbox 1559 2855 1639 2897; x_wconf 88' lang='lat' dir='ltr'>im-</span> 
     </span>
    </p>
   </div>
   <div class='ocr_carea' id='block_1_5' title="bbox 1143 2907 1227 2950">
    <p class='ocr_par' dir='ltr' id='par_1_6' title="bbox 1143 2907 1227 2950">
     <span class='ocr_line' id='line_1_45' title="bbox 1143 2907 1227 2950; baseline -0.012 0"><span class='ocrx_word' id='word_1_374' title='bbox 1143 2907 1227 2950; x_wconf 83' lang='lat'>12</span> 
     </span>
    </p>
   </div>
  </div>
 </body>
</html>
