1715 3115
548 164 711 212 CAP.
739 164 875 211 Vll.
906 165 1000 212 Vs.
1029 165 1092 211 4..
1508 167 1563 209 11

76 275 179 335 jure
201 286 355 315 novum
391 271 715 314 matrimonium
748 272 924 315 ineundi
955 272 1086 325 vulgo
1113 275 1318 314 censetur
1352 273 1374 314 1
1397 272 1499 317 Cor.
1520 275 1564 327 7,

80 335 169 376 39..
228 327 440 374 Absurda
465 329 601 381 igitur
624 331 840 371 sententia
872 331 915 371 in
946 331 1155 371 lectorum
1186 329 1344 370 animis
1374 331 1563 372 excitata

81 393 221 432 ess-zet:
252 387 437 428 maritus
461 388 611 439 (uxor)
632 387 846 428 moriendo
866 401 889 428 e
912 385 1178 427 matrimonii
1200 386 1386 428 vinculis
1407 387 1563 428 eximi-

81 451 182 496 tur,
222 449 270 486 nt
303 443 411 483 nihil
439 441 530 499 jum
563 443 734 494 obstet,
784 443 1017 498 quominus
1046 457 1200 485 novum
1235 443 1563 485 matrimonium

81 503 218 545 ineat.
278 498 450 541 Deinde
473 500 717 556 exemplum
736 513 760 540 a
784 498 835 543 P.
867 501 1057 556 positum
1089 514 1139 540 eo
1167 500 1372 540 excusari
1401 507 1564 556 potest,

84 557 201 616 quod
234 556 556 598 matrimonium
589 556 722 597 maris
749 561 793 598 et
821 556 1007 598 feminae
1038 556 1285 613 conjunctio
1314 562 1406 610 est,
1449 572 1563 613 quae

84 613 350 657 alterutrius
382 619 520 654 morte
549 612 611 654 sic
638 613 888 665 divellitur,
936 620 982 654 ut
1014 627 1153 668 neque
1185 619 1382 655 mortuus
1420 627 1563 670 neque

85 677 312 728 superstes
335 669 561 711 societatis
580 669 755 723 legibus
776 674 996 712 teneatur.
1058 669 1214 725 ltaque
1245 670 1393 711 mariti
1424 678 1563 713 morte

85 743 171 771 non
194 728 333 769 solum
356 740 534 767 uxorem
556 727 597 767 ei
619 727 924 782 superstitem,
964 740 1112 768 verum
1135 727 1264 768 etiam
1295 727 1438 784 ipsum
1469 742 1564 770 ma-

84 786 218 829 ritum
253 782 519 824 matrimonii
548 783 721 835 legibus
748 784 860 826 solvi
888 798 960 824 res
994 783 1189 838 quemvis
1228 783 1369 827 docet.
1445 784 1564 826 Tum

87 842 311 898 sapienter
348 839 396 883 P.
433 840 681 896 exemplum
724 854 809 896 quo
855 839 1050 882 videmus
1090 840 1215 882 modo
1259 840 1566 886 conformavit.

86 897 203 941 Nam
243 896 486 947 rationem,
525 901 608 952 qua
650 897 912 939 sententiam
952 911 990 938 v.
1021 899 1062 939 1.
1099 895 1153 937 ad
1181 897 1378 939 homines
1409 898 1567 943 christ.

89 955 389 997 translaturus
407 958 526 995 esset
546 967 585 996 v.
607 953 678 1004 4.,
710 961 852 996 mente
873 954 1148 1010 complexus,
1185 954 1380 1006 curavit,
1415 960 1464 996 ut
1491 969 1566 996 ex-

89 1012 278 1068 emplum
321 1010 365 1051 in
395 1010 715 1053 conclusionem
745 1011 984 1067 quadraret
1010 1024 1148 1066 eoque
1178 1010 1380 1052 idoneum
1409 1011 1465 1053 ab
1494 1026 1567 1053 ac-

89 1066 400 1110 commodanda
440 1067 660 1108 sententia
693 1081 736 1111 v.
766 1069 806 1112 1.
842 1067 898 1110 ad
928 1069 1070 1109 locum
1100 1066 1174 1108 ubi
1204 1068 1567 1110 accommodanda

88 1132 208 1168 esset
243 1139 283 1166 v.
310 1124 355 1167 4.
393 1123 629 1166 transitum
670 1130 865 1180 pararet.
940 1123 1114 1181 Nempe
1154 1138 1196 1166 v.
1228 1124 1268 1168 l.
1306 1124 1358 1166 de
1387 1125 1566 1180 physica

89 1188 230 1225 morte
252 1182 423 1235 agitur,
454 1195 564 1237 quae
586 1186 629 1222 te
648 1180 748 1232 lege
769 1196 877 1224 mos.
899 1181 1060 1225 solvat.
1117 1179 1204 1223 Sed
1234 1195 1274 1224 v,
1296 1181 1341 1224 4.
1373 1180 1427 1224 de
1456 1183 1567 1224 ima-

89 1239 260 1295 qiam-ia
283 1243 422 1280 morte
442 1238 485 1279 in
509 1252 559 1279 eo
580 1237 751 1295 posita,
782 1244 830 1280 ut
852 1238 984 1280 vitam
1008 1251 1135 1293 quam
1158 1237 1291 1279 alicui
1314 1239 1380 1280 rei
1411 1253 1568 1280 conse-

89 1311 204 1347 cres,
236 1295 400 1337 nullam
422 1294 601 1347 habeas,
625 1309 768 1341 sermo
790 1295 1054 1347 instituitur,
1077 1294 1159 1351 quzi
1182 1294 1378 1337 homines
1398 1296 1571 1349 christ„

92 1367 223 1409 quum
245 1353 385 1394 lucem
413 1353 715 1405 intuerentur,
750 1367 830 1408 per
856 1352 1075 1406 physicum
1100 1350 1257 1396 Christ.
1288 1358 1470 1396 mortem
1502 1354 1569 1394 af-

91 1410 195 1452 fecti
218 1409 396 1452 tuerint.
454 1408 529 1451 Ad
552 1409 663 1450 hunc
684 1424 750 1450 vs.
770 1410 961 1465 positum
985 1423 1024 1452 V.
1042 1409 1085 1451 2.
1107 1408 1149 1451 3.
1176 1410 1418 1466 exemplum
1450 1410 1567 1467 opti-

93 1481 160 1509 ine
181 1467 399 1520 congruit.
458 1464 572 1507 Nam
598 1466 801 1507 maritata
828 1466 987 1508 mulier
1016 1466 1173 1506 marito
1205 1472 1434 1522 superstes
1460 1468 1569 1523 phy-

91 1524 183 1566 sica
209 1523 356 1564 mariti
377 1529 514 1564 morte
533 1521 725 1580 conjugii
751 1524 845 1576 lege
877 1523 1067 1565 solvitur
1095 1522 1139 1566 h.
1171 1536 1209 1569 e.
1244 1522 1570 1578 imuyinariam,

94 1594 207 1634 quae
228 1580 282 1622 ad
304 1578 380 1621 τὸν
398 1577 531 1631 νόμον
549 1583 628 1620 τοῦ
658 1578 819 1633 ἀνδρός
849 1583 1043 1637 spectet,
1071 1584 1254 1622 mortem
1286 1581 1422 1625 subit.
1483 1580 1571 1623 Po·-

97 1645 262 1680 stremo
292 1638 385 1693 Ap.
415 1635 531 1692 quod
559 1636 601 1677 in
632 1637 711 1678 suti
740 1636 1040 1694 disputatione
1082 1636 1386 1679 inconcinnum
1427 1637 1572 1681 videri

94 1699 240 1751 potest
261 1700 305 1736 et
328 1694 471 1735 sensit
501 1693 595 1748 ipse
627 1699 670 1735 et
702 1695 768 1735 vel
800 1693 1019 1748 mitigavit
1047 1694 1115 1735 vel
1144 1694 1359 1747 correxit,
1395 1695 1573 1736 conclu-

96 1750 219 1793 sione
241 1765 281 1794 v.
301 1750 345 1792 4.
367 1756 457 1791 tum
480 1750 533 1791 ad
554 1751 817 1793 sententiam
843 1766 882 1794 v.
904 1753 944 1794 l.
965 1755 1056 1791 tum
1080 1749 1133 1791 ad
1154 1751 1400 1808 exemplum
1420 1766 1460 1795 v.
1471 1752 1514 1795 2.
1526 1752 1572 1797 3.

96 1807 347 1848 acutissime
367 1806 705 1852 accommodata.
763 1806 878 1850 Nam
902 1807 1051 1850 verbis
1073 1822 1112 1851 v.
1130 1808 1174 1851 4.
1205 1804 1317 1850 ὥστε
1347 1810 1421 1850 καὶ
1448 1805 1573 1861 ὑμεῖς

97 1860 417 1918 ἐθανατώθητε
439 1865 500 1918 τῷ
520 1860 640 1919 νόμῳ
662 1863 715 1906 ad
735 1880 776 1908 v.
799 1868 840 1908 l.
860 1863 1120 1921 respicitur,
1149 1864 1374 1906 vocabulis
1397 1860 1473 1906 ὁιοῖ
1492 1866 1573 1907 τοῦ

99 1915 304 1970 σώματος
333 1934 369 1958 τ.
401 1921 487 1973 Χρ.
520 1917 585 1970 εἰς
614 1928 700 1964 etc.
732 1922 917 1978 exempli
959 1923 1072 1963 ratio
1104 1921 1289 1963 habetur
1315 1922 1390 1976 (cf.
1419 1920 1494 1963 ἐὰν
1523 1921 1573 1964 δὲ

99 1971 310 2031 ἀποθάνῃ
332 1969 354 2014 ὂ
376 1972 485 2029 ἀνήρ
504 2001 554 2006 -
577 1990 618 2019 v.
642 1978 685 2020 2.
705 1979 787 2032 3.).
846 1978 1108 2032 Alleyoriam
1130 1992 1258 2019 versu
1277 1978 1320 2020 2.
1343 1985 1385 2019 et
1406 1979 1448 2021 3.
1469 1993 1573 2020 con-

99 2033 232 2073 tineri
256 2032 379 2072 inulti
407 2032 606 2088 precario
626 2039 892 2076 sumserunt.
953 2034 1027 2075 Sic
1047 2034 1171 2076 Beza
1193 2035 1398 2076 maritum
1427 2049 1573 2078 corru-

98 2089 283 2143 ptionem
304 2089 520 2141 ›nette-am,
559 2104 736 2132 uxorem
765 2091 974 2132 hominem
1004 2091 1220 2133 carnalem
1247 2097 1288 2133 et
1317 2092 1457 2148 ‹suale's
1494 2106 1573 2133 mz-

99 2150 262 2196 scntur,
294 2143 494 2186 Reiehins
514 2152 662 2188 contra
686 2147 909 2188 mulierem
934 2161 1063 2201 qemcs
1081 2146 1334 2199 humanum,
1363 2149 1570 2189 maritum

100 2202 356 2244 morientem
386 2200 599 2244 Christum
635 2209 678 2244 ct
703 2203 778 2245 τὸν
804 2200 937 2255 νόμον
968 2203 1100 2258 quem
1131 2218 1236 2247 mos:
1268 2203 1354 2245 dici
1384 2205 1573 2262 putavit.

99 2261 169 2302 At
190 2259 336 2300 verbis
357 2251 379 2297 ὃ
401 2256 510 2313 ἀνήρ
528 2265 570 2300 et
603 2255 627 2314 ἡ
653 2258 876 2315 ὕπανδρος
904 2258 1008 2315 γένη
1038 2260 1156 2301 aliud
1187 2261 1410 2318 quidpiam
1445 2276 1573 2318 quam

101 2316 305 2356 ”tarnum
335 2319 379 2356 et
408 2315 661 2358 maritatam
690 2317 908 2358 mulierem
937 2315 1024 2356 dici
1058 2315 1110 2359 P.
1140 2332 1191 2358 ne
1223 2320 1354 2359 verbo
1395 2319 1572 2374 quidem

102 2370 310 2413 indicavit
333 2377 377 2411 et
407 2371 502 2427 ipsa
535 2374 758 2415 conclusio
789 2388 829 2416 v.
862 2374 906 2415 4.
937 2387 988 2414 ex
1024 2387 1064 2417 v.
1086 2375 1230 2417 1-3,
1261 2375 1463 2417 instituta
1495 2376 1574 2417 ha-

102 2428 206 2469 bere
232 2442 271 2471 v·
293 2428 336 2470 2.
356 2428 398 2470 3.
421 2429 504 2469 vim
536 2431 725 2488 exempli
757 2429 1014 2471 documento
1043 2435 1125 2474 est.
1184 2430 1333 2486 Quare
1361 2433 1459 2474 lieri
1489 2446 1573 2473 non

103 2485 271 2542 potuit,
302 2485 405 2539 quin
426 2485 500 2540 qui
522 2487 778 2541 allegoriam
807 2487 952 2527 versui
980 2488 1024 2530 2.
1056 2491 1100 2528 et
1125 2488 1164 2531 3.
1193 2489 1376 2531 subesse
1406 2489 1575 2545 opinati

105 2547 209 2582 sunt
230 2542 272 2582 in
297 2546 389 2582 toto
414 2541 454 2584 b.
471 2541 502 2585 l.
524 2545 791 2585 caecutirent
807 2550 850 2584 et
866 2546 1384 2600 Ap.argumentationem
1405 2552 1576 2588 everte-

104 2603 221 2640 rent.
242 2622 297 2629 —
357 2597 414 2640 V.
434 2599 478 2641 4.
510 2600 606 2642 Jam
631 2602 844 2642 rationem
861 2600 911 2643 P.
933 2601 1178 2645 concludit:
1199 2603 1344 2658 itaque
1367 2618 1444 2645 vos
1466 2617 1575 2659 quo-

57 2653 61 2656 ’
106 2668 189 2710 que
202 2655 289 2696 vita
304 2653 390 2707 logi
411 2656 993 2711 mos.dicandziprii-atiestis
1010 2672 1106 2713 per
1124 2672 1247 2714 corp
1262 2674 1318 2701 us
1338 2660 1399 2703 Ch
1413 2675 1449 2703 r.
1471 2661 1514 2703 b.
1530 2674 1573 2705 e.

104 2724 151 2753 eo
182 2711 288 2765 quod
310 2710 467 2752 Clu-isti
497 2727 647 2766 corpus
675 2715 763 2756 vitri
791 2714 1008 2768 privatum
1039 2721 1114 2758 aut
1143 2730 1241 2757 nece
1270 2716 1471 2773 affectum
1492 2722 1573 2760 est.

105 2766 232 2820 Quae
255 2767 426 2822 quidem
448 2770 670 2812 conclusio
690 2778 778 2812 tmn
801 2786 815 2811 (
834 2769 917 2811 uod
936 2784 959 2811 e
990 2786 1053 2816 vs.
1079 2774 1117 2816 l.
1144 2777 1233 2813 tum
1264 2772 1377 2827 quod
1400 2789 1422 2814 e
1443 2788 1506 2815 vs,
1528 2774 1573 2818 2.

108 2828 154 2866 et
174 2824 218 2869 3.
238 2831 532 2882 consequatur
555 2828 743 2872 conficit.
811 2785 918 2870 liam
945 2827 986 2871 si
1007 2827 1057 2875 P.
1081 2829 1380 2874 tantummodo
1398 2845 1421 2873 e
1444 2845 1509 2875 νε.
1531 2832 1573 2877 1.
