<?xml version="1.0" encoding="UTF-8"?>
<!DOCTYPE html PUBLIC "-//W3C//DTD XHTML 1.0 Transitional//EN"
    "http://www.w3.org/TR/xhtml1/DTD/xhtml1-transitional.dtd">
<html xmlns="http://www.w3.org/1999/xhtml" xml:lang="en" lang="en">
 <head>
  <title>
</title>
<meta http-equiv="Content-Type" content="text/html;charset=utf-8" />
  <meta name='ocr-system' content='tesseract 3.04.00' />
  <meta name='ocr-capabilities' content='ocr_page ocr_carea ocr_par ocr_line ocrx_word'/>
</head>
<body>
  <div class='ocr_page' id='page_1' title='image "./pauliadromanosep02frituoft/pauliadromanosep02frituoft_0494.png"; bbox 0 0 1715 3115; ppageno 0'>
   <div class='ocr_carea' id='block_1_1' title="bbox 141 165 1358 216">
    <p class='ocr_par' dir='ltr' id='par_1_1' title="bbox 141 165 1358 216">
     <span class='ocr_line' id='line_1_1' title="bbox 141 165 1358 216; baseline 0 -2"><span class='ocrx_word' id='word_1_1' title='bbox 141 172 230 216; x_wconf 78' lang='lat'><strong>480</strong></span> <span class='ocrx_word' id='word_1_2' title='bbox 430 165 823 213; x_wconf 77' lang='lat' dir='ltr'><strong>EPlsToLA</strong></span> <span class='ocrx_word' id='word_1_3' title='bbox 849 166 956 211; x_wconf 82' lang='lat' dir='ltr'><strong>AD</strong></span> <span class='ocrx_word' id='word_1_4' title='bbox 987 165 1358 214; x_wconf 81' lang='lat' dir='ltr'><strong>ROMANOS</strong></span> 
     </span>
    </p>
   </div>
   <div class='ocr_carea' id='block_1_2' title="bbox 118 272 1669 2821">
    <p class='ocr_par' dir='ltr' id='par_1_2' title="bbox 118 272 1669 2821">
     <span class='ocr_line' id='line_1_2' title="bbox 142 272 1669 335; baseline -0.001 -16"><span class='ocrx_word' id='word_1_5' title='bbox 142 279 392 335; x_wconf 88' lang='lat' dir='ltr'><strong>oporteret,</strong></span> <span class='ocrx_word' id='word_1_6' title='bbox 437 287 630 316; x_wconf 84' lang='lat' dir='ltr'><strong>summos</strong></span> <span class='ocrx_word' id='word_1_7' title='bbox 665 272 854 314; x_wconf 82' lang='lat' dir='ltr'><strong>honores</strong></span> <span class='ocrx_word' id='word_1_8' title='bbox 886 276 1084 330; x_wconf 84' lang='lat' dir='ltr'><strong>caperet,</strong></span> <span class='ocrx_word' id='word_1_9' title='bbox 1129 274 1348 331; x_wconf 84' lang='lat' dir='ltr'><strong>proclives</strong></span> <span class='ocrx_word' id='word_1_10' title='bbox 1379 273 1434 318; x_wconf 87' lang='lat' dir='ltr'><strong>ad</strong></span> <span class='ocrx_word' id='word_1_11' title='bbox 1463 274 1608 319; x_wconf 82' lang='lat' dir='ltr'><strong>conci·</strong></span> <span class='ocrx_word' id='word_1_12' title='bbox 1666 298 1669 301; x_wconf 88' lang='lat'><em>-</em></span> 
     </span>
     <span class='ocr_line' id='line_1_3' title="bbox 143 327 1606 391; baseline 0 -17"><span class='ocrx_word' id='word_1_13' title='bbox 143 333 344 391; x_wconf 84' lang='lat' dir='ltr'><strong>piendam</strong></span> <span class='ocrx_word' id='word_1_14' title='bbox 372 330 501 372; x_wconf 83' lang='lat' dir='ltr'><strong>tidem</strong></span> <span class='ocrx_word' id='word_1_15' title='bbox 529 331 624 372; x_wconf 81' lang='lat' dir='ltr'><strong>fore</strong></span> <span class='ocrx_word' id='word_1_16' title='bbox 653 327 865 371; x_wconf 76' lang='lat' dir='ltr'><strong>credibile</strong></span> <span class='ocrx_word' id='word_1_17' title='bbox 892 333 1026 373; x_wconf 85' lang='lat' dir='ltr'><strong>esset.</strong></span> <span class='ocrx_word' id='word_1_18' title='bbox 1091 327 1347 374; x_wconf 85' lang='lat' dir='ltr'><strong>Sententiae</strong></span> <span class='ocrx_word' id='word_1_19' title='bbox 1367 331 1537 389; x_wconf 85' lang='lat' dir='ltr'><strong>pondus</strong></span> <span class='ocrx_word' id='word_1_20' title='bbox 1558 333 1606 375; x_wconf 86' lang='lat' dir='ltr'><strong>iu</strong></span> 
     </span>
     <span class='ocr_line' id='line_1_4' title="bbox 142 384 1605 445; baseline -0.001 -11"><span class='ocrx_word' id='word_1_21' title='bbox 142 404 185 434; x_wconf 74' lang='lat' dir='ltr'><strong>V.</strong></span> <span class='ocrx_word' id='word_1_22' title='bbox 209 384 531 443; x_wconf 77' lang='grc' dir='ltr'><strong><em>παραζηλώσω,</em></strong></span> <span class='ocrx_word' id='word_1_23' title='bbox 565 401 648 428; x_wconf 90' lang='lat' dir='ltr'><strong>non</strong></span> <span class='ocrx_word' id='word_1_24' title='bbox 671 387 714 427; x_wconf 88' lang='lat' dir='ltr'><strong>in</strong></span> <span class='ocrx_word' id='word_1_25' title='bbox 737 400 852 428; x_wconf 82' lang='lat' dir='ltr'><strong>vocc.</strong></span> <span class='ocrx_word' id='word_1_26' title='bbox 872 401 960 437; x_wconf 84' lang='grc' dir='ltr'><strong>μου</strong></span> <span class='ocrx_word' id='word_1_27' title='bbox 977 385 1056 441; x_wconf 73' lang='grc' dir='ltr'><strong>τήν</strong></span> <span class='ocrx_word' id='word_1_28' title='bbox 1076 387 1219 442; x_wconf 82' lang='grc' dir='ltr'><em>σάρκα</em></span> <span class='ocrx_word' id='word_1_29' title='bbox 1239 390 1454 431; x_wconf 81' lang='lat' dir='ltr'><strong>recumbit</strong></span> <span class='ocrx_word' id='word_1_30' title='bbox 1475 391 1605 445; x_wconf 72' lang='lat' dir='ltr'><strong>(cm-a</strong></span> 
     </span>
     <span class='ocr_line' id='line_1_5' title="bbox 143 442 1603 503; baseline -0.001 -14"><span class='ocrx_word' id='word_1_31' title='bbox 143 461 254 503; x_wconf 83' lang='lat' dir='ltr'><strong>quae</strong></span> <span class='ocrx_word' id='word_1_32' title='bbox 286 443 598 502; x_wconf 85' lang='lat' dir='ltr'><strong>poenitentiam</strong></span> <span class='ocrx_word' id='word_1_33' title='bbox 629 442 786 483; x_wconf 78' lang='lat' dir='ltr'><strong>afferat</strong></span> <span class='ocrx_word' id='word_1_34' title='bbox 814 443 1049 499; x_wconf 78' lang='lat' dir='ltr'><strong>populares</strong></span> <span class='ocrx_word' id='word_1_35' title='bbox 1080 456 1186 484; x_wconf 90' lang='lat' dir='ltr'><strong>suos</strong></span> <span class='ocrx_word' id='word_1_36' title='bbox 1223 444 1399 487; x_wconf 78' lang='lat' dir='ltr'><strong>afficere</strong></span> <span class='ocrx_word' id='word_1_37' title='bbox 1435 459 1603 502; x_wconf 81' lang='lat' dir='ltr'><strong>eosque</strong></span> 
     </span>
     <span class='ocr_line' id='line_1_6' title="bbox 142 498 1602 556; baseline -0.001 -12"><span class='ocrx_word' id='word_1_38' title='bbox 142 504 292 553; x_wconf 78' lang='lat' dir='ltr'><strong>beare,</strong></span> <span class='ocrx_word' id='word_1_39' title='bbox 342 514 427 542; x_wconf 88' lang='lat' dir='ltr'><strong>non</strong></span> <span class='ocrx_word' id='word_1_40' title='bbox 462 499 690 553; x_wconf 81' lang='lat' dir='ltr'><em>populares</em></span> <span class='ocrx_word' id='word_1_41' title='bbox 726 511 823 540; x_wconf 79' lang='lat' dir='ltr'><strong>suos</strong></span> <span class='ocrx_word' id='word_1_42' title='bbox 860 499 964 540; x_wconf 59' lang='lat' dir='ltr'><strong>curti</strong></span> <span class='ocrx_word' id='word_1_43' title='bbox 996 498 1173 540; x_wconf 76' lang='lat' dir='ltr'><strong>allicere</strong></span> <span class='ocrx_word' id='word_1_44' title='bbox 1202 505 1247 540; x_wconf 91' lang='lat' dir='ltr'><strong>et</strong></span> <span class='ocrx_word' id='word_1_45' title='bbox 1276 507 1474 556; x_wconf 76' lang='lat' dir='ltr'><strong>coqnatos</strong></span> <span class='ocrx_word' id='word_1_46' title='bbox 1502 512 1602 543; x_wconf 74' lang='lat' dir='ltr'><strong>suos·</strong></span> 
     </span>
     <span class='ocr_line' id='line_1_7' title="bbox 140 553 1602 613; baseline -0.001 -13"><span class='ocrx_word' id='word_1_47' title='bbox 140 560 272 600; x_wconf 84' lang='lat' dir='ltr'><strong>beare</strong></span> <span class='ocrx_word' id='word_1_48' title='bbox 296 556 346 600; x_wconf 82' lang='lat' dir='ltr'><strong>P.</strong></span> <span class='ocrx_word' id='word_1_49' title='bbox 366 557 586 610; x_wconf 86' lang='lat' dir='ltr'><strong>conatur).</strong></span> <span class='ocrx_word' id='word_1_50' title='bbox 653 554 812 611; x_wconf 87' lang='lat' dir='ltr'><strong>ltaque</strong></span> <span class='ocrx_word' id='word_1_51' title='bbox 832 569 904 613; x_wconf 87' lang='lat' dir='ltr'><strong>ap.</strong></span> <span class='ocrx_word' id='word_1_52' title='bbox 923 556 1052 598; x_wconf 86' lang='lat' dir='ltr'><strong>verba</strong></span> <span class='ocrx_word' id='word_1_53' title='bbox 1077 555 1141 596; x_wconf 91' lang='lat' dir='ltr'><strong>sic</strong></span> <span class='ocrx_word' id='word_1_54' title='bbox 1161 555 1399 601; x_wconf 82' lang='lat' dir='ltr'><strong>ordinavit:</strong></span> <span class='ocrx_word' id='word_1_55' title='bbox 1437 553 1484 600; x_wconf 79' lang='grc' dir='ltr'><strong>εἷ’</strong></span> <span class='ocrx_word' id='word_1_56' title='bbox 1503 570 1602 606; x_wconf 83' lang='grc' dir='ltr'><strong>πως</strong></span> 
     </span>
     <span class='ocr_line' id='line_1_8' title="bbox 139 610 1601 678; baseline 0.001 -14"><span class='ocrx_word' id='word_1_57' title='bbox 139 613 478 678; x_wconf 69' lang='grc' dir='ltr'><em>παραζηλώσω</em></span> <span class='ocrx_word' id='word_1_58' title='bbox 515 637 602 675; x_wconf 86' lang='grc' dir='ltr'><strong>μου</strong></span> <span class='ocrx_word' id='word_1_59' title='bbox 632 620 711 676; x_wconf 77' lang='grc' dir='ltr'><strong>τὴν</strong></span> <span class='ocrx_word' id='word_1_60' title='bbox 746 618 888 678; x_wconf 81' lang='grc' dir='ltr'><em>σάρκα</em></span> <span class='ocrx_word' id='word_1_61' title='bbox 921 622 995 664; x_wconf 87' lang='grc' dir='ltr'><strong>καὶ</strong></span> <span class='ocrx_word' id='word_1_62' title='bbox 1035 610 1181 660; x_wconf 80' lang='grc' dir='ltr'><em>σώσω</em></span> <span class='ocrx_word' id='word_1_63' title='bbox 1217 623 1341 673; x_wconf 80' lang='grc' dir='ltr'><strong><em>τινὰς</em></strong></span> <span class='ocrx_word' id='word_1_64' title='bbox 1366 621 1415 674; x_wconf 79' lang='grc' dir='ltr'><strong>ἐξ</strong></span> <span class='ocrx_word' id='word_1_65' title='bbox 1441 623 1601 666; x_wconf 74' lang='grc' dir='ltr'><strong>αὐτῶν.</strong></span> 
     </span>
     <span class='ocr_line' id='line_1_9' title="bbox 138 678 1600 737; baseline -0.002 -13"><span class='ocrx_word' id='word_1_66' title='bbox 138 698 226 735; x_wconf 83' lang='grc' dir='ltr'><strong>μου</strong></span> <span class='ocrx_word' id='word_1_67' title='bbox 255 680 332 737; x_wconf 76' lang='grc' dir='ltr'><strong>τὴν</strong></span> <span class='ocrx_word' id='word_1_68' title='bbox 362 681 527 735; x_wconf 80' lang='grc' dir='ltr'>σάρκα]</span> <span class='ocrx_word' id='word_1_69' title='bbox 567 692 739 720; x_wconf 82' lang='lat' dir='ltr'><strong>carnem</strong></span> <span class='ocrx_word' id='word_1_70' title='bbox 764 692 903 720; x_wconf 81' lang='lat' dir='ltr'><strong>meam</strong></span> <span class='ocrx_word' id='word_1_71' title='bbox 934 679 977 720; x_wconf 88' lang='lat' dir='ltr'><strong>h.</strong></span> <span class='ocrx_word' id='word_1_72' title='bbox 1003 692 1041 721; x_wconf 89' lang='lat' dir='ltr'><strong>e.</strong></span> <span class='ocrx_word' id='word_1_73' title='bbox 1069 678 1288 732; x_wconf 87' lang='lat' dir='ltr'><strong>homines,</strong></span> <span class='ocrx_word' id='word_1_74' title='bbox 1339 680 1600 736; x_wconf 83' lang='lat' dir='ltr'><strong>quibuscum</strong></span> 
     </span>
     <span class='ocr_line' id='line_1_10' title="bbox 140 733 1602 793; baseline -0.001 -13"><span class='ocrx_word' id='word_1_75' title='bbox 140 739 247 780; x_wconf 86' lang='lat' dir='ltr'><strong>mihi</strong></span> <span class='ocrx_word' id='word_1_76' title='bbox 271 737 416 778; x_wconf 83' lang='lat' dir='ltr'><strong>carnis</strong></span> <span class='ocrx_word' id='word_1_77' title='bbox 437 734 680 777; x_wconf 89' lang='lat' dir='ltr'><strong>communio</strong></span> <span class='ocrx_word' id='word_1_78' title='bbox 701 739 791 787; x_wconf 83' lang='lat' dir='ltr'><strong>est,</strong></span> <span class='ocrx_word' id='word_1_79' title='bbox 819 735 1057 791; x_wconf 78' lang='lat' dir='ltr'><strong>populares</strong></span> <span class='ocrx_word' id='word_1_80' title='bbox 1078 749 1221 788; x_wconf 90' lang='lat' dir='ltr'><strong>meos,</strong></span> <span class='ocrx_word' id='word_1_81' title='bbox 1255 733 1359 785; x_wconf 85' lang='grc' dir='ltr'><strong><em>τοὺς</em></strong></span> <span class='ocrx_word' id='word_1_82' title='bbox 1385 738 1602 793; x_wconf 81' lang='grc' dir='ltr'><em>συγγενεῖς</em></span> 
     </span>
     <span class='ocr_line' id='line_1_11' title="bbox 139 790 1600 849; baseline -0.001 -13"><span class='ocrx_word' id='word_1_83' title='bbox 139 793 250 837; x_wconf 80' lang='grc' dir='ltr'><em>κατὰ</em></span> <span class='ocrx_word' id='word_1_84' title='bbox 278 790 420 847; x_wconf 80' lang='grc' dir='ltr'><em>σάρκα</em></span> <span class='ocrx_word' id='word_1_85' title='bbox 447 793 489 844; x_wconf 88' lang='grc'><strong>9,</strong></span> <span class='ocrx_word' id='word_1_86' title='bbox 511 793 570 836; x_wconf 94' lang='grc'><strong>2..</strong></span> <span class='ocrx_word' id='word_1_87' title='bbox 648 790 744 832; x_wconf 72' lang='lat' dir='ltr'><strong>Hac</strong></span> <span class='ocrx_word' id='word_1_88' title='bbox 771 804 872 834; x_wconf 88' lang='lat' dir='ltr'><strong>voce</strong></span> <span class='ocrx_word' id='word_1_89' title='bbox 899 791 1160 848; x_wconf 86' lang='lat' dir='ltr'><strong>simpliciter</strong></span> <span class='ocrx_word' id='word_1_90' title='bbox 1186 792 1464 849; x_wconf 84' lang='lat' dir='ltr'><strong>popularium</strong></span> <span class='ocrx_word' id='word_1_91' title='bbox 1495 806 1600 834; x_wconf 89' lang='lat' dir='ltr'><strong>suo-</strong></span> 
     </span>
     <span class='ocr_line' id='line_1_12' title="bbox 137 847 1599 905; baseline -0.003 -12"><span class='ocrx_word' id='word_1_92' title='bbox 137 866 234 893; x_wconf 86' lang='lat' dir='ltr'><strong>rum</strong></span> <span class='ocrx_word' id='word_1_93' title='bbox 257 850 474 892; x_wconf 88' lang='lat' dir='ltr'><strong>notionem</strong></span> <span class='ocrx_word' id='word_1_94' title='bbox 494 849 586 905; x_wconf 87' lang='lat' dir='ltr'><strong>Ap.</strong></span> <span class='ocrx_word' id='word_1_95' title='bbox 604 847 826 900; x_wconf 82' lang='lat' dir='ltr'><strong>enuntiat,</strong></span> <span class='ocrx_word' id='word_1_96' title='bbox 863 847 941 890; x_wconf 88' lang='lat' dir='ltr'><strong>sed</strong></span> <span class='ocrx_word' id='word_1_97' title='bbox 961 862 1056 889; x_wconf 89' lang='lat' dir='ltr'><strong>cum</strong></span> <span class='ocrx_word' id='word_1_98' title='bbox 1077 862 1318 905; x_wconf 85' lang='lat' dir='ltr'><strong>propensae</strong></span> <span class='ocrx_word' id='word_1_99' title='bbox 1339 849 1382 890; x_wconf 89' lang='lat' dir='ltr'><strong>in</strong></span> <span class='ocrx_word' id='word_1_100' title='bbox 1404 863 1481 891; x_wconf 83' lang='lat' dir='ltr'><strong>eos</strong></span> <span class='ocrx_word' id='word_1_101' title='bbox 1500 854 1599 891; x_wconf 85' lang='lat' dir='ltr'><strong>tan-</strong></span> 
     </span>
     <span class='ocr_line' id='line_1_13' title="bbox 139 904 1597 964; baseline -0.001 -15"><span class='ocrx_word' id='word_1_102' title='bbox 139 922 269 964; x_wconf 85' lang='lat' dir='ltr'><strong>quam</strong></span> <span class='ocrx_word' id='word_1_103' title='bbox 305 910 513 960; x_wconf 86' lang='lat' dir='ltr'><strong>cognatos</strong></span> <span class='ocrx_word' id='word_1_104' title='bbox 548 919 653 946; x_wconf 87' lang='lat' dir='ltr'><strong>suos</strong></span> <span class='ocrx_word' id='word_1_105' title='bbox 689 904 929 946; x_wconf 83' lang='lat' dir='ltr'><strong>voluntatis</strong></span> <span class='ocrx_word' id='word_1_106' title='bbox 958 905 1278 958; x_wconf 79' lang='lat' dir='ltr'><strong>significatione</strong></span> <span class='ocrx_word' id='word_1_107' title='bbox 1307 905 1597 961; x_wconf 82' lang='lat' dir='ltr'><strong>caritatisque</strong></span> 
     </span>
     <span class='ocr_line' id='line_1_14' title="bbox 138 958 1598 1017; baseline -0.004 -10"><span class='ocrx_word' id='word_1_108' title='bbox 138 963 465 1006; x_wconf 86' lang='lat' dir='ltr'><strong>testificatione.</strong></span> <span class='ocrx_word' id='word_1_109' title='bbox 531 960 666 1003; x_wconf 83' lang='lat' dir='ltr'><strong>Recte</strong></span> <span class='ocrx_word' id='word_1_110' title='bbox 689 961 1044 1016; x_wconf 76' lang='lat' dir='ltr'><strong>Theophylactus:</strong></span> <span class='ocrx_word' id='word_1_111' title='bbox 1081 961 1230 1016; x_wconf 78' lang='grc' dir='ltr'><em>Σάρκα</em></span> <span class='ocrx_word' id='word_1_112' title='bbox 1258 961 1307 1004; x_wconf 79' lang='grc' dir='ltr'><strong>δὲ</strong></span> <span class='ocrx_word' id='word_1_113' title='bbox 1334 958 1473 1004; x_wconf 79' lang='grc' dir='ltr'><em>εἷπῶν</em></span> <span class='ocrx_word' id='word_1_114' title='bbox 1497 977 1598 1017; x_wconf 85' lang='grc' dir='ltr'><em>γνη-</em></span> 
     </span>
     <span class='ocr_line' id='line_1_15' title="bbox 139 1014 1598 1076; baseline 0 -15"><span class='ocrx_word' id='word_1_115' title='bbox 139 1023 325 1076; x_wconf 75' lang='grc' dir='ltr'><em>σιόῑητα</em></span> <span class='ocrx_word' id='word_1_116' title='bbox 361 1020 435 1060; x_wconf 83' lang='grc' dir='ltr'><strong>καὶ</strong></span> <span class='ocrx_word' id='word_1_117' title='bbox 471 1014 789 1072; x_wconf 79' lang='grc' dir='ltr'><em>φιλοστοογιάν</em></span> <span class='ocrx_word' id='word_1_118' title='bbox 825 1016 1019 1073; x_wconf 64' lang='grc' dir='ltr'><strong>ε’νέφῃιέ.</strong></span> <span class='ocrx_word' id='word_1_119' title='bbox 1090 1017 1159 1062; x_wconf 84' lang='lat' dir='ltr'><strong>Cf.</strong></span> <span class='ocrx_word' id='word_1_120' title='bbox 1187 1019 1215 1058; x_wconf 79' lang='lat'>2</span> <span class='ocrx_word' id='word_1_121' title='bbox 1237 1017 1356 1062; x_wconf 87' lang='lat' dir='ltr'><strong>Sam.</strong></span> <span class='ocrx_word' id='word_1_122' title='bbox 1374 1019 1417 1071; x_wconf 85' lang='grc'><strong>5,</strong></span> <span class='ocrx_word' id='word_1_123' title='bbox 1437 1021 1476 1062; x_wconf 91' lang='lat' dir='ltr'><strong>l.</strong></span> <span class='ocrx_word' id='word_1_124' title='bbox 1503 1029 1598 1071; x_wconf 59' lang='lat'><strong>²7:23</strong></span> 
     </span>
     <span class='ocr_line' id='line_1_16' title="bbox 136 1055 1598 1136; baseline -0.004 -14"><span class='ocrx_word' id='word_1_125' title='bbox 136 1091 262 1136; x_wconf 48' lang='lat' dir='ltr'><strong>*ur-123,</strong></span> <span class='ocrx_word' id='word_1_126' title='bbox 289 1079 431 1136; x_wconf 53' lang='grc' dir='ltr'><strong>’ῆήὺιρ-ι</strong></span> <span class='ocrx_word' id='word_1_127' title='bbox 464 1084 608 1132; x_wconf 55' lang='lat'><strong>23722522.</strong></span> <span class='ocrx_word' id='word_1_128' title='bbox 664 1055 824 1116; x_wconf 60' lang='lat' dir='ltr'><strong>LXX.</strong></span> <span class='ocrx_word' id='word_1_129' title='bbox 851 1071 951 1115; x_wconf 78' lang='grc' dir='ltr'><em>ἰδοῦ</em></span> <span class='ocrx_word' id='word_1_130' title='bbox 982 1071 1090 1115; x_wconf 77' lang='grc' dir='ltr'><em>ὀστᾶ</em></span> <span class='ocrx_word' id='word_1_131' title='bbox 1117 1088 1198 1116; x_wconf 89' lang='grc' dir='ltr'><em>σου</em></span> <span class='ocrx_word' id='word_1_132' title='bbox 1226 1075 1301 1116; x_wconf 77' lang='grc' dir='ltr'><strong>καὶ</strong></span> <span class='ocrx_word' id='word_1_133' title='bbox 1329 1071 1487 1131; x_wconf 82' lang='grc' dir='ltr'><em>σάρκες</em></span> <span class='ocrx_word' id='word_1_134' title='bbox 1514 1069 1598 1116; x_wconf 78' lang='lat' dir='ltr'><strong>obv</strong></span> 
     </span>
     <span class='ocr_line' id='line_1_17' title="bbox 133 1125 1596 1192; baseline -0.001 -16"><span class='ocrx_word' id='word_1_135' title='bbox 133 1127 272 1192; x_wconf 62' lang='grc' dir='ltr'><strong><em>ᾗμέῖςζ</em></strong></span> <span class='ocrx_word' id='word_1_136' title='bbox 330 1125 432 1176; x_wconf 77' lang='lat' dir='ltr'><strong>&#39;J&#39;es.</strong></span> <span class='ocrx_word' id='word_1_137' title='bbox 452 1130 521 1181; x_wconf 69' lang='lat'><strong>58,</strong></span> <span class='ocrx_word' id='word_1_138' title='bbox 540 1134 582 1173; x_wconf 91' lang='grc'><strong>7.</strong></span> <span class='ocrx_word' id='word_1_139' title='bbox 632 1128 743 1173; x_wconf 81' lang='lat' dir='ltr'><strong>Gen.</strong></span> <span class='ocrx_word' id='word_1_140' title='bbox 772 1131 842 1182; x_wconf 86' lang='grc'><strong>29,</strong></span> <span class='ocrx_word' id='word_1_141' title='bbox 862 1131 932 1172; x_wconf 78' lang='lat'><strong>14.</strong></span> <span class='ocrx_word' id='word_1_142' title='bbox 971 1130 1041 1182; x_wconf 88' lang='grc'><strong>37,</strong></span> <span class='ocrx_word' id='word_1_143' title='bbox 1061 1131 1134 1173; x_wconf 91' lang='grc'><strong>27.</strong></span> <span class='ocrx_word' id='word_1_144' title='bbox 1173 1130 1214 1182; x_wconf 93' lang='grc'><strong>2,</strong></span> <span class='ocrx_word' id='word_1_145' title='bbox 1233 1131 1305 1174; x_wconf 89' lang='grc'><strong>23.</strong></span> <span class='ocrx_word' id='word_1_146' title='bbox 1355 1130 1460 1175; x_wconf 84' lang='lat' dir='ltr'><strong>Jud.</strong></span> <span class='ocrx_word' id='word_1_147' title='bbox 1487 1132 1528 1183; x_wconf 87' lang='lat'><strong>9,</strong></span> <span class='ocrx_word' id='word_1_148' title='bbox 1548 1130 1596 1174; x_wconf 85' lang='lat'><strong>2.</strong></span> 
     </span>
     <span class='ocr_line' id='line_1_18' title="bbox 135 1186 1595 1241; baseline -0.003 -9"><span class='ocrx_word' id='word_1_149' title='bbox 135 1193 281 1235; x_wconf 86' lang='lat' dir='ltr'><strong>Levit.</strong></span> <span class='ocrx_word' id='word_1_150' title='bbox 302 1190 370 1241; x_wconf 88' lang='grc'><strong>18,</strong></span> <span class='ocrx_word' id='word_1_151' title='bbox 392 1189 460 1232; x_wconf 87' lang='grc'><strong>12.</strong></span> <span class='ocrx_word' id='word_1_152' title='bbox 495 1189 524 1229; x_wconf 91' lang='grc'><strong>2</strong></span> <span class='ocrx_word' id='word_1_153' title='bbox 541 1187 660 1229; x_wconf 85' lang='lat' dir='ltr'><strong>Sam.</strong></span> <span class='ocrx_word' id='word_1_154' title='bbox 681 1188 750 1239; x_wconf 88' lang='lat'><strong>19,</strong></span> <span class='ocrx_word' id='word_1_155' title='bbox 770 1188 856 1230; x_wconf 88' lang='lat'><strong>13..</strong></span> <span class='ocrx_word' id='word_1_156' title='bbox 908 1186 1074 1237; x_wconf 75' lang='grc' dir='ltr'><strong><em>Σώζειν</em></strong></span> <span class='ocrx_word' id='word_1_157' title='bbox 1099 1192 1166 1228; x_wconf 90' lang='lat' dir='ltr'><strong>est</strong></span> <span class='ocrx_word' id='word_1_158' title='bbox 1193 1188 1431 1230; x_wconf 79' lang='lat' dir='ltr'><strong>messianae</strong></span> <span class='ocrx_word' id='word_1_159' title='bbox 1457 1187 1595 1230; x_wconf 75' lang='lat' dir='ltr'><strong>beati-</strong></span> 
     </span>
     <span class='ocr_line' id='line_1_19' title="bbox 135 1243 1593 1302; baseline -0.003 -11"><span class='ocrx_word' id='word_1_160' title='bbox 135 1249 244 1291; x_wconf 76' lang='lat' dir='ltr'><strong>tatis</strong></span> <span class='ocrx_word' id='word_1_161' title='bbox 273 1248 528 1302; x_wconf 77' lang='lat' dir='ltr'><strong>participem</strong></span> <span class='ocrx_word' id='word_1_162' title='bbox 555 1244 730 1287; x_wconf 82' lang='lat' dir='ltr'><strong>reddere</strong></span> <span class='ocrx_word' id='word_1_163' title='bbox 759 1245 782 1284; x_wconf 92' lang='grc'><strong>1</strong></span> <span class='ocrx_word' id='word_1_164' title='bbox 804 1243 905 1287; x_wconf 88' lang='lat' dir='ltr'><strong>Cor.</strong></span> <span class='ocrx_word' id='word_1_165' title='bbox 927 1246 968 1295; x_wconf 91' lang='lat'><strong>7,</strong></span> <span class='ocrx_word' id='word_1_166' title='bbox 994 1245 1062 1287; x_wconf 86' lang='grc'><strong>16.</strong></span> <span class='ocrx_word' id='word_1_167' title='bbox 1092 1245 1134 1295; x_wconf 88' lang='grc'><strong>9,</strong></span> <span class='ocrx_word' id='word_1_168' title='bbox 1153 1244 1225 1289; x_wconf 92' lang='grc'><strong>22.</strong></span> <span class='ocrx_word' id='word_1_169' title='bbox 1273 1245 1299 1285; x_wconf 91' lang='lat'>1</span> <span class='ocrx_word' id='word_1_170' title='bbox 1319 1244 1436 1287; x_wconf 87' lang='lat' dir='ltr'><strong>Tim.</strong></span> <span class='ocrx_word' id='word_1_171' title='bbox 1456 1244 1500 1297; x_wconf 83' lang='lat'><strong>4,</strong></span> <span class='ocrx_word' id='word_1_172' title='bbox 1521 1245 1593 1289; x_wconf 88' lang='grc'><strong>16.</strong></span> 
     </span>
     <span class='ocr_line' id='line_1_20' title="bbox 135 1296 1593 1358; baseline -0.003 -12"><span class='ocrx_word' id='word_1_173' title='bbox 135 1304 231 1349; x_wconf 84' lang='lat' dir='ltr'><strong>Jac.</strong></span> <span class='ocrx_word' id='word_1_174' title='bbox 249 1306 289 1355; x_wconf 89' lang='grc'><strong>5,</strong></span> <span class='ocrx_word' id='word_1_175' title='bbox 307 1303 396 1345; x_wconf 88' lang='grc'><strong>20..</strong></span> <span class='ocrx_word' id='word_1_176' title='bbox 436 1301 511 1349; x_wconf 49' lang='grc' dir='ltr'><strong>*ἐξ</strong></span> <span class='ocrx_word' id='word_1_177' title='bbox 530 1296 687 1353; x_wconf 71' lang='grc' dir='ltr'><em>αὐτῶν]</em></span> <span class='ocrx_word' id='word_1_178' title='bbox 720 1298 951 1342; x_wconf 86' lang='lat' dir='ltr'><strong>Structura</strong></span> <span class='ocrx_word' id='word_1_179' title='bbox 973 1300 1027 1340; x_wconf 88' lang='lat' dir='ltr'><strong>ad</strong></span> <span class='ocrx_word' id='word_1_180' title='bbox 1048 1314 1247 1353; x_wconf 89' lang='lat' dir='ltr'><strong>sensum,</strong></span> <span class='ocrx_word' id='word_1_181' title='bbox 1284 1305 1492 1357; x_wconf 83' lang='lat' dir='ltr'><strong>tanquam</strong></span> <span class='ocrx_word' id='word_1_182' title='bbox 1510 1313 1593 1358; x_wconf 86' lang='lat' dir='ltr'><strong>pro</strong></span> 
     </span>
     <span class='ocr_line' id='line_1_21' title="bbox 131 1354 1592 1417; baseline 0.001 -18"><span class='ocrx_word' id='word_1_183' title='bbox 131 1377 219 1415; x_wconf 80' lang='grc' dir='ltr'><strong>μου</strong></span> <span class='ocrx_word' id='word_1_184' title='bbox 243 1359 321 1417; x_wconf 69' lang='grc' dir='ltr'><strong>τὴν</strong></span> <span class='ocrx_word' id='word_1_185' title='bbox 345 1359 485 1414; x_wconf 83' lang='grc' dir='ltr'><em>σάρκα</em></span> <span class='ocrx_word' id='word_1_186' title='bbox 513 1357 828 1415; x_wconf 82' lang='lat' dir='ltr'><strong>praecessisset</strong></span> <span class='ocrx_word' id='word_1_187' title='bbox 846 1356 949 1406; x_wconf 70' lang='grc' dir='ltr'><strong><em>τοὺς</em></strong></span> <span class='ocrx_word' id='word_1_188' title='bbox 968 1358 1182 1412; x_wconf 78' lang='grc' dir='ltr'><em>συγγενεῖς</em></span> <span class='ocrx_word' id='word_1_189' title='bbox 1196 1372 1284 1410; x_wconf 84' lang='grc' dir='ltr'><strong>μου</strong></span> <span class='ocrx_word' id='word_1_190' title='bbox 1301 1356 1413 1399; x_wconf 82' lang='grc' dir='ltr'><em>κατὰ</em></span> <span class='ocrx_word' id='word_1_191' title='bbox 1432 1354 1592 1413; x_wconf 82' lang='grc' dir='ltr'><em>σάρκα.</em></span> 
     </span>
     <span class='ocr_line' id='line_1_22' title="bbox 133 1410 1592 1470; baseline -0.004 -10"><span class='ocrx_word' id='word_1_192' title='bbox 133 1418 349 1460; x_wconf 85' lang='lat' dir='ltr'><strong>Libanius</strong></span> <span class='ocrx_word' id='word_1_193' title='bbox 378 1414 643 1458; x_wconf 78' lang='lat' dir='ltr'><strong>Antiochino</strong></span> <span class='ocrx_word' id='word_1_194' title='bbox 671 1410 708 1465; x_wconf 91' lang='grc' dir='ltr'><strong>Ι,</strong></span> <span class='ocrx_word' id='word_1_195' title='bbox 721 1413 824 1469; x_wconf 69' lang='grc'><strong>301.</strong></span> <span class='ocrx_word' id='word_1_196' title='bbox 863 1413 1015 1455; x_wconf 74' lang='lat' dir='ltr'><strong>Reislce</strong></span> <span class='ocrx_word' id='word_1_197' title='bbox 1045 1437 1098 1444; x_wconf 81' lang='lat'>—</span> <span class='ocrx_word' id='word_1_198' title='bbox 1126 1412 1184 1455; x_wconf 81' lang='grc' dir='ltr'><strong>τὸ</strong></span> <span class='ocrx_word' id='word_1_199' title='bbox 1225 1414 1280 1456; x_wconf 77' lang='grc' dir='ltr'><strong>δὲ</strong></span> <span class='ocrx_word' id='word_1_200' title='bbox 1318 1411 1592 1470; x_wconf 78' lang='grc' dir='ltr'><em>πλήρωμα</em></span> 
     </span>
     <span class='ocr_line' id='line_1_23' title="bbox 131 1464 1590 1528; baseline -0.003 -13"><span class='ocrx_word' id='word_1_201' title='bbox 131 1473 266 1526; x_wconf 75' lang='grc' dir='ltr'><em>δεῦρο</em></span> <span class='ocrx_word' id='word_1_202' title='bbox 286 1472 571 1528; x_wconf 82' lang='grc' dir='ltr'><em>μετέστησεν,</em></span> <span class='ocrx_word' id='word_1_203' title='bbox 611 1468 656 1512; x_wconf 80' lang='grc' dir='ltr'><strong>ἐν</strong></span> <span class='ocrx_word' id='word_1_204' title='bbox 686 1472 768 1519; x_wconf 69' lang='grc' dir='ltr'><strong>οἷς</strong></span> <span class='ocrx_word' id='word_1_205' title='bbox 802 1466 912 1526; x_wconf 74' lang='grc' dir='ltr'><em>ἦσαν</em></span> <span class='ocrx_word' id='word_1_206' title='bbox 939 1470 1012 1510; x_wconf 84' lang='grc' dir='ltr'><strong>καὶ</strong></span> <span class='ocrx_word' id='word_1_207' title='bbox 1025 1464 1269 1525; x_wconf 70' lang='grc' dir='ltr'><strong>Ἀθηναῖοι.</strong></span> <span class='ocrx_word' id='word_1_208' title='bbox 1330 1468 1423 1516; x_wconf 86' lang='lat' dir='ltr'><strong>cic.</strong></span> <span class='ocrx_word' id='word_1_209' title='bbox 1442 1469 1590 1514; x_wconf 86' lang='lat' dir='ltr'><strong>Acad.</strong></span> 
     </span>
     <span class='ocr_line' id='line_1_24' title="bbox 131 1526 1591 1584; baseline -0.003 -12"><span class='ocrx_word' id='word_1_210' title='bbox 131 1530 200 1583; x_wconf 87' lang='grc' dir='ltr'><strong>ΙΙ,</strong></span> <span class='ocrx_word' id='word_1_211' title='bbox 216 1531 288 1582; x_wconf 87' lang='grc'><strong>32,</strong></span> <span class='ocrx_word' id='word_1_212' title='bbox 310 1529 407 1571; x_wconf 88' lang='grc'><strong>103.</strong></span> <span class='ocrx_word' id='word_1_213' title='bbox 429 1553 483 1559; x_wconf 94' lang='lat'>—</span> <span class='ocrx_word' id='word_1_214' title='bbox 503 1528 578 1584; x_wconf 87' lang='lat' dir='ltr'><strong>qui</strong></span> <span class='ocrx_word' id='word_1_215' title='bbox 601 1526 748 1567; x_wconf 86' lang='lat' dir='ltr'><strong>dicant</strong></span> <span class='ocrx_word' id='word_1_216' title='bbox 766 1527 822 1567; x_wconf 84' lang='lat' dir='ltr'><strong>ab</strong></span> <span class='ocrx_word' id='word_1_217' title='bbox 841 1526 1076 1568; x_wconf 66' lang='lat' dir='ltr'><strong>Academia</strong></span> <span class='ocrx_word' id='word_1_218' title='bbox 1098 1540 1252 1567; x_wconf 90' lang='lat' dir='ltr'><strong>sensus</strong></span> <span class='ocrx_word' id='word_1_219' title='bbox 1273 1526 1411 1583; x_wconf 90' lang='lat' dir='ltr'><strong>eripi,</strong></span> <span class='ocrx_word' id='word_1_220' title='bbox 1451 1540 1475 1566; x_wconf 88' lang='lat' dir='ltr'><strong>a</strong></span> <span class='ocrx_word' id='word_1_221' title='bbox 1495 1527 1591 1582; x_wconf 79' lang='lat' dir='ltr'><strong>qui-</strong></span> 
     </span>
     <span class='ocr_line' id='line_1_25' title="bbox 131 1580 1592 1641; baseline -0.003 -12"><span class='ocrx_word' id='word_1_222' title='bbox 131 1588 209 1629; x_wconf 80' lang='lat' dir='ltr'><strong>bus</strong></span> <span class='ocrx_word' id='word_1_223' title='bbox 236 1599 455 1641; x_wconf 88' lang='lat' dir='ltr'><strong>nunquam</strong></span> <span class='ocrx_word' id='word_1_224' title='bbox 489 1584 649 1624; x_wconf 82' lang='lat' dir='ltr'><strong>dictum</strong></span> <span class='ocrx_word' id='word_1_225' title='bbox 679 1582 738 1623; x_wconf 88' lang='lat' dir='ltr'><strong>sit</strong></span> <span class='ocrx_word' id='word_1_226' title='bbox 765 1607 843 1624; x_wconf 86' lang='lat'><strong>—.</strong></span> <span class='ocrx_word' id='word_1_227' title='bbox 910 1582 1034 1635; x_wconf 76' lang='lat' dir='ltr'><strong>Quae</strong></span> <span class='ocrx_word' id='word_1_228' title='bbox 1060 1595 1193 1637; x_wconf 78' lang='lat' dir='ltr'><strong>quum</strong></span> <span class='ocrx_word' id='word_1_229' title='bbox 1222 1582 1285 1623; x_wconf 83' lang='lat' dir='ltr'><strong>ita</strong></span> <span class='ocrx_word' id='word_1_230' title='bbox 1313 1585 1425 1635; x_wconf 86' lang='lat' dir='ltr'><strong>sint,</strong></span> <span class='ocrx_word' id='word_1_231' title='bbox 1454 1580 1592 1625; x_wconf 71' lang='lat' dir='ltr'><strong>Pauli</strong></span> 
     </span>
     <span class='ocr_line' id='line_1_26' title="bbox 129 1637 1590 1699; baseline -0.003 -15"><span class='ocrx_word' id='word_1_232' title='bbox 129 1643 374 1699; x_wconf 85' lang='lat' dir='ltr'><strong>disputatio</strong></span> <span class='ocrx_word' id='word_1_233' title='bbox 395 1641 458 1681; x_wconf 90' lang='lat' dir='ltr'><strong>sic</strong></span> <span class='ocrx_word' id='word_1_234' title='bbox 478 1638 692 1681; x_wconf 86' lang='lat' dir='ltr'><strong>decurrit:</strong></span> <span class='ocrx_word' id='word_1_235' title='bbox 721 1637 777 1678; x_wconf 84' lang='lat' dir='ltr'><strong>ad</strong></span> <span class='ocrx_word' id='word_1_236' title='bbox 797 1652 873 1679; x_wconf 89' lang='lat' dir='ltr'><strong>vos</strong></span> <span class='ocrx_word' id='word_1_237' title='bbox 894 1638 1005 1678; x_wconf 90' lang='lat' dir='ltr'><strong>enim</strong></span> <span class='ocrx_word' id='word_1_238' title='bbox 1029 1638 1103 1691; x_wconf 89' lang='lat' dir='ltr'><strong>(nc</strong></span> <span class='ocrx_word' id='word_1_239' title='bbox 1124 1652 1211 1689; x_wconf 89' lang='lat' dir='ltr'><strong>me,</strong></span> <span class='ocrx_word' id='word_1_240' title='bbox 1237 1639 1464 1692; x_wconf 77' lang='lat' dir='ltr'><strong>yentz&#39;lium</strong></span> <span class='ocrx_word' id='word_1_241' title='bbox 1482 1652 1590 1695; x_wconf 87' lang='lat' dir='ltr'><strong>apo-</strong></span> 
     </span>
     <span class='ocr_line' id='line_1_27' title="bbox 130 1694 1589 1751; baseline -0.004 -9"><span class='ocrx_word' id='word_1_242' title='bbox 130 1702 316 1750; x_wconf 85' lang='lat' dir='ltr'><strong>stolum,</strong></span> <span class='ocrx_word' id='word_1_243' title='bbox 358 1697 538 1741; x_wconf 87' lang='lat' dir='ltr'><strong>Judaeis</strong></span> <span class='ocrx_word' id='word_1_244' title='bbox 565 1700 732 1737; x_wconf 86' lang='lat' dir='ltr'><strong>tantum</strong></span> <span class='ocrx_word' id='word_1_245' title='bbox 764 1695 967 1735; x_wconf 81' lang='lat' dir='ltr'><strong>honorem</strong></span> <span class='ocrx_word' id='word_1_246' title='bbox 995 1699 1158 1735; x_wconf 88' lang='lat' dir='ltr'><strong>temere</strong></span> <span class='ocrx_word' id='word_1_247' title='bbox 1187 1694 1393 1736; x_wconf 87' lang='lat' dir='ltr'><strong>hahuisse</strong></span> <span class='ocrx_word' id='word_1_248' title='bbox 1420 1696 1589 1751; x_wconf 86' lang='lat' dir='ltr'><strong>putetis</strong></span> 
     </span>
     <span class='ocr_line' id='line_1_28' title="bbox 128 1751 1588 1811; baseline -0.003 -14"><span class='ocrx_word' id='word_1_249' title='bbox 128 1771 171 1800; x_wconf 78' lang='lat' dir='ltr'><strong>v.</strong></span> <span class='ocrx_word' id='word_1_250' title='bbox 193 1758 283 1809; x_wconf 88' lang='grc'><strong>12.)</strong></span> <span class='ocrx_word' id='word_1_251' title='bbox 307 1755 397 1811; x_wconf 84' lang='lat' dir='ltr'><strong>jam</strong></span> <span class='ocrx_word' id='word_1_252' title='bbox 427 1753 558 1794; x_wconf 86' lang='lat' dir='ltr'><strong>verba</strong></span> <span class='ocrx_word' id='word_1_253' title='bbox 587 1751 698 1793; x_wconf 78' lang='lat' dir='ltr'><strong>facio</strong></span> <span class='ocrx_word' id='word_1_254' title='bbox 725 1751 933 1803; x_wconf 82' lang='lat' dir='ltr'><strong>gentiles:</strong></span> <span class='ocrx_word' id='word_1_255' title='bbox 974 1755 1189 1805; x_wconf 79' lang='lat' dir='ltr'><strong>quatenus</strong></span> <span class='ocrx_word' id='word_1_256' title='bbox 1217 1764 1312 1792; x_wconf 90' lang='lat' dir='ltr'><strong>sum</strong></span> <span class='ocrx_word' id='word_1_257' title='bbox 1341 1765 1421 1805; x_wconf 90' lang='lat' dir='ltr'><strong>ego</strong></span> <span class='ocrx_word' id='word_1_258' title='bbox 1446 1751 1588 1806; x_wconf 75' lang='lat' dir='ltr'><strong>yentz‘-</strong></span> 
     </span>
     <span class='ocr_line' id='line_1_29' title="bbox 128 1805 1589 1867; baseline -0.004 -13"><span class='ocrx_word' id='word_1_259' title='bbox 128 1813 232 1855; x_wconf 77' lang='lat' dir='ltr'><strong>lium</strong></span> <span class='ocrx_word' id='word_1_260' title='bbox 261 1811 489 1867; x_wconf 87' lang='lat' dir='ltr'><strong>apostolus</strong></span> <span class='ocrx_word' id='word_1_261' title='bbox 527 1812 633 1863; x_wconf 90' lang='lat' dir='ltr'><strong>(non</strong></span> <span class='ocrx_word' id='word_1_262' title='bbox 662 1813 876 1862; x_wconf 83' lang='lat' dir='ltr'><strong>quatenus</strong></span> <span class='ocrx_word' id='word_1_263' title='bbox 904 1813 993 1847; x_wconf 90' lang='lat' dir='ltr'><strong>tum</strong></span> <span class='ocrx_word' id='word_1_264' title='bbox 1023 1805 1289 1849; x_wconf 87' lang='lat' dir='ltr'><strong>Judaeorum</strong></span> <span class='ocrx_word' id='word_1_265' title='bbox 1320 1812 1412 1849; x_wconf 88' lang='lat' dir='ltr'><strong>tum</strong></span> <span class='ocrx_word' id='word_1_266' title='bbox 1443 1807 1589 1862; x_wconf 86' lang='lat' dir='ltr'><strong>genti-</strong></span> 
     </span>
     <span class='ocr_line' id='line_1_30' title="bbox 127 1863 1584 1924; baseline -0.003 -14"><span class='ocrx_word' id='word_1_267' title='bbox 127 1870 236 1910; x_wconf 86' lang='lat' dir='ltr'><strong>lium</strong></span> <span class='ocrx_word' id='word_1_268' title='bbox 268 1868 497 1924; x_wconf 84' lang='lat' dir='ltr'><strong>apostolus</strong></span> <span class='ocrx_word' id='word_1_269' title='bbox 525 1866 641 1917; x_wconf 89' lang='lat' dir='ltr'><strong>sum)</strong></span> <span class='ocrx_word' id='word_1_270' title='bbox 672 1870 917 1919; x_wconf 85' lang='lat' dir='ltr'><strong>susceptum</strong></span> <span class='ocrx_word' id='word_1_271' title='bbox 948 1877 1102 1904; x_wconf 81' lang='lat' dir='ltr'><strong>munus</strong></span> <span class='ocrx_word' id='word_1_272' title='bbox 1130 1877 1181 1904; x_wconf 90' lang='lat' dir='ltr'><strong>eo</strong></span> <span class='ocrx_word' id='word_1_273' title='bbox 1211 1863 1418 1917; x_wconf 88' lang='lat' dir='ltr'><strong>nobilito,</strong></span> <span class='ocrx_word' id='word_1_274' title='bbox 1467 1863 1584 1919; x_wconf 84' lang='lat' dir='ltr'><strong>quod</strong></span> 
     </span>
     <span class='ocr_line' id='line_1_31' title="bbox 127 1920 1585 1982; baseline -0.004 -15"><span class='ocrx_word' id='word_1_275' title='bbox 127 1926 358 1982; x_wconf 77' lang='lat' dir='ltr'><strong>experior,</strong></span> <span class='ocrx_word' id='word_1_276' title='bbox 407 1923 446 1964; x_wconf 87' lang='lat' dir='ltr'><strong>si</strong></span> <span class='ocrx_word' id='word_1_277' title='bbox 473 1923 586 1963; x_wconf 85' lang='lat' dir='ltr'><strong>forte</strong></span> <span class='ocrx_word' id='word_1_278' title='bbox 617 1920 720 1962; x_wconf 69' lang='lat' dir='ltr'><strong>cura</strong></span> <span class='ocrx_word' id='word_1_279' title='bbox 750 1921 922 1961; x_wconf 78' lang='lat' dir='ltr'><strong>allicere</strong></span> <span class='ocrx_word' id='word_1_280' title='bbox 953 1924 1165 1972; x_wconf 85' lang='lat' dir='ltr'><strong>cognatos</strong></span> <span class='ocrx_word' id='word_1_281' title='bbox 1200 1934 1318 1961; x_wconf 87' lang='lat' dir='ltr'><strong>meos</strong></span> <span class='ocrx_word' id='word_1_282' title='bbox 1354 1926 1485 1977; x_wconf 83' lang='lat' dir='ltr'><strong>atque</strong></span> <span class='ocrx_word' id='word_1_283' title='bbox 1519 1921 1585 1962; x_wconf 81' lang='lat' dir='ltr'><strong>ita</strong></span> 
     </span>
     <span class='ocr_line' id='line_1_32' title="bbox 127 1975 1584 2036; baseline -0.003 -13"><span class='ocrx_word' id='word_1_284' title='bbox 127 1982 257 2023; x_wconf 87' lang='lat' dir='ltr'><strong>beare</strong></span> <span class='ocrx_word' id='word_1_285' title='bbox 280 1981 452 2036; x_wconf 83' lang='lat' dir='ltr'><strong>aliquos</strong></span> <span class='ocrx_word' id='word_1_286' title='bbox 474 1993 620 2020; x_wconf 88' lang='lat' dir='ltr'><strong>eorum</strong></span> <span class='ocrx_word' id='word_1_287' title='bbox 647 1978 811 2033; x_wconf 86' lang='lat' dir='ltr'><strong>possim</strong></span> <span class='ocrx_word' id='word_1_288' title='bbox 839 1980 900 2031; x_wconf 78' lang='lat' dir='ltr'><strong>(v.</strong></span> <span class='ocrx_word' id='word_1_289' title='bbox 923 1977 990 2018; x_wconf 84' lang='lat'><strong>13.</strong></span> <span class='ocrx_word' id='word_1_290' title='bbox 1017 1977 1127 2031; x_wconf 76' lang='lat'><strong>14.)‚</strong></span> <span class='ocrx_word' id='word_1_291' title='bbox 1167 1991 1296 2032; x_wconf 85' lang='lat' dir='ltr'><strong>quum</strong></span> <span class='ocrx_word' id='word_1_292' title='bbox 1315 1975 1584 2019; x_wconf 87' lang='lat' dir='ltr'><strong>Judaeorum</strong></span> 
     </span>
     <span class='ocr_line' id='line_1_33' title="bbox 126 2032 1582 2091; baseline -0.003 -12"><span class='ocrx_word' id='word_1_293' title='bbox 126 2039 248 2079; x_wconf 81' lang='lat' dir='ltr'><strong>salus</strong></span> <span class='ocrx_word' id='word_1_294' title='bbox 268 2037 507 2091; x_wconf 80' lang='lat' dir='ltr'><strong>gentilibus</strong></span> <span class='ocrx_word' id='word_1_295' title='bbox 529 2036 713 2076; x_wconf 87' lang='lat' dir='ltr'><strong>salutem</strong></span> <span class='ocrx_word' id='word_1_296' title='bbox 734 2033 921 2075; x_wconf 86' lang='lat' dir='ltr'><strong>allatura</strong></span> <span class='ocrx_word' id='word_1_297' title='bbox 944 2033 1002 2074; x_wconf 87' lang='lat' dir='ltr'><strong>sit</strong></span> <span class='ocrx_word' id='word_1_298' title='bbox 1019 2035 1081 2086; x_wconf 77' lang='grc' dir='ltr'><strong>(ν.</strong></span> <span class='ocrx_word' id='word_1_299' title='bbox 1104 2033 1208 2087; x_wconf 79' lang='grc'><strong>15.).</strong></span> <span class='ocrx_word' id='word_1_300' title='bbox 1258 2032 1356 2076; x_wconf 82' lang='lat' dir='ltr'><strong>Jam</strong></span> <span class='ocrx_word' id='word_1_301' title='bbox 1377 2033 1582 2089; x_wconf 85' lang='lat' dir='ltr'><strong>quoniam</strong></span> 
     </span>
     <span class='ocr_line' id='line_1_34' title="bbox 125 2090 1584 2146; baseline -0.005 -10"><span class='ocrx_word' id='word_1_302' title='bbox 125 2095 268 2141; x_wconf 80' lang='lat' dir='ltr'><strong>honor</strong></span> <span class='ocrx_word' id='word_1_303' title='bbox 287 2092 469 2137; x_wconf 71' lang='lat' dir='ltr'><strong>,ludaeis</strong></span> <span class='ocrx_word' id='word_1_304' title='bbox 497 2106 536 2133; x_wconf 84' lang='lat' dir='ltr'><strong>v.</strong></span> <span class='ocrx_word' id='word_1_305' title='bbox 560 2092 627 2133; x_wconf 92' lang='grc'><strong>12.</strong></span> <span class='ocrx_word' id='word_1_306' title='bbox 656 2090 851 2131; x_wconf 84' lang='lat' dir='ltr'><strong>tributus</strong></span> <span class='ocrx_word' id='word_1_307' title='bbox 880 2104 931 2131; x_wconf 87' lang='lat' dir='ltr'><strong>eo</strong></span> <span class='ocrx_word' id='word_1_308' title='bbox 960 2090 1105 2130; x_wconf 81' lang='lat' dir='ltr'><strong>valere</strong></span> <span class='ocrx_word' id='word_1_309' title='bbox 1128 2095 1296 2146; x_wconf 87' lang='lat' dir='ltr'><strong>potest,</strong></span> <span class='ocrx_word' id='word_1_310' title='bbox 1325 2095 1372 2130; x_wconf 87' lang='lat' dir='ltr'><strong>ut</strong></span> <span class='ocrx_word' id='word_1_311' title='bbox 1391 2090 1495 2132; x_wconf 63' lang='lat' dir='ltr'><strong>curli</strong></span> <span class='ocrx_word' id='word_1_312' title='bbox 1516 2091 1584 2130; x_wconf 77' lang='lat' dir='ltr'><strong>af-</strong></span> 
     </span>
     <span class='ocr_line' id='line_1_35' title="bbox 123 2145 1582 2197; baseline -0.003 -6"><span class='ocrx_word' id='word_1_313' title='bbox 123 2151 228 2192; x_wconf 80' lang='lat' dir='ltr'><strong>fecti</strong></span> <span class='ocrx_word' id='word_1_314' title='bbox 257 2151 310 2190; x_wconf 88' lang='lat' dir='ltr'><strong>ad</strong></span> <span class='ocrx_word' id='word_1_315' title='bbox 338 2149 464 2190; x_wconf 75' lang='lat' dir='ltr'><strong>tidem</strong></span> <span class='ocrx_word' id='word_1_316' title='bbox 496 2148 674 2190; x_wconf 81' lang='lat' dir='ltr'><strong>Christo</strong></span> <span class='ocrx_word' id='word_1_317' title='bbox 701 2146 941 2187; x_wconf 84' lang='lat' dir='ltr'><strong>habendam</strong></span> <span class='ocrx_word' id='word_1_318' title='bbox 971 2145 1228 2197; x_wconf 80' lang='lat' dir='ltr'><strong>adigantur,</strong></span> <span class='ocrx_word' id='word_1_319' title='bbox 1276 2160 1342 2187; x_wconf 88' lang='lat' dir='ltr'><strong>me</strong></span> <span class='ocrx_word' id='word_1_320' title='bbox 1373 2146 1582 2197; x_wconf 88' lang='lat' dir='ltr'><strong>muneris,</strong></span> 
     </span>
     <span class='ocr_line' id='line_1_36' title="bbox 124 2202 1582 2261; baseline -0.004 -13"><span class='ocrx_word' id='word_1_321' title='bbox 124 2222 140 2248; x_wconf 75' lang='grc' dir='ltr'><strong><em>ι</em></strong></span> <span class='ocrx_word' id='word_1_322' title='bbox 159 2207 241 2248; x_wconf 91' lang='lat' dir='ltr'><strong>uod</strong></span> <span class='ocrx_word' id='word_1_323' title='bbox 262 2206 504 2258; x_wconf 79' lang='lat' dir='ltr'><strong>gentilibus</strong></span> <span class='ocrx_word' id='word_1_324' title='bbox 524 2203 729 2261; x_wconf 87' lang='lat' dir='ltr'><strong>mejubet</strong></span> <span class='ocrx_word' id='word_1_325' title='bbox 747 2203 1022 2259; x_wconf 85' lang='lat' dir='ltr'><strong>prospicere,</strong></span> <span class='ocrx_word' id='word_1_326' title='bbox 1062 2203 1169 2243; x_wconf 87' lang='lat' dir='ltr'><strong>bene</strong></span> <span class='ocrx_word' id='word_1_327' title='bbox 1198 2216 1427 2244; x_wconf 87' lang='lat' dir='ltr'><strong>memorem</strong></span> <span class='ocrx_word' id='word_1_328' title='bbox 1455 2202 1582 2243; x_wconf 88' lang='lat' dir='ltr'><strong>illum</strong></span> 
     </span>
     <span class='ocr_line' id='line_1_37' title="bbox 123 2222 1583 2314; baseline -0.003 -9"><span class='ocrx_word' id='word_1_329' title='bbox 123 2222 307 2308; x_wconf 49' lang='lat' dir='ltr'><strong>iudaeis</strong></span> <span class='ocrx_word' id='word_1_330' title='bbox 337 2263 541 2303; x_wconf 87' lang='lat' dir='ltr'><strong>honorem</strong></span> <span class='ocrx_word' id='word_1_331' title='bbox 571 2260 779 2301; x_wconf 84' lang='lat' dir='ltr'><strong>habuisse</strong></span> <span class='ocrx_word' id='word_1_332' title='bbox 805 2264 1003 2314; x_wconf 84' lang='lat' dir='ltr'><strong>apertum</strong></span> <span class='ocrx_word' id='word_1_333' title='bbox 1032 2262 1115 2300; x_wconf 82' lang='lat' dir='ltr'><strong>est.</strong></span> <span class='ocrx_word' id='word_1_334' title='bbox 1146 2282 1199 2290; x_wconf 89' lang='lat'>—</span> <span class='ocrx_word' id='word_1_335' title='bbox 1259 2258 1374 2300; x_wconf 85' lang='lat' dir='ltr'><strong>Tres</strong></span> <span class='ocrx_word' id='word_1_336' title='bbox 1396 2258 1583 2300; x_wconf 83' lang='lat' dir='ltr'><strong>maxime</strong></span> 
     </span>
     <span class='ocr_line' id='line_1_38' title="bbox 124 2315 1580 2374; baseline -0.004 -13"><span class='ocrx_word' id='word_1_337' title='bbox 124 2334 280 2362; x_wconf 86' lang='lat' dir='ltr'><strong>causas</strong></span> <span class='ocrx_word' id='word_1_338' title='bbox 307 2318 531 2374; x_wconf 86' lang='lat' dir='ltr'><strong>repperio,</strong></span> <span class='ocrx_word' id='word_1_339' title='bbox 571 2329 681 2372; x_wconf 85' lang='lat' dir='ltr'><strong>quae</strong></span> <span class='ocrx_word' id='word_1_340' title='bbox 710 2316 916 2368; x_wconf 79' lang='lat' dir='ltr'><strong>fecerint,</strong></span> <span class='ocrx_word' id='word_1_341' title='bbox 955 2320 1002 2355; x_wconf 86' lang='lat' dir='ltr'><strong>ut</strong></span> <span class='ocrx_word' id='word_1_342' title='bbox 1023 2316 1286 2370; x_wconf 83' lang='lat' dir='ltr'><strong>interpretes</strong></span> <span class='ocrx_word' id='word_1_343' title='bbox 1307 2315 1417 2356; x_wconf 88' lang='lat' dir='ltr'><strong>bunc</strong></span> <span class='ocrx_word' id='word_1_344' title='bbox 1438 2315 1469 2357; x_wconf 91' lang='lat' dir='ltr'><strong>l.</strong></span> <span class='ocrx_word' id='word_1_345' title='bbox 1492 2328 1580 2356; x_wconf 85' lang='lat' dir='ltr'><strong>non</strong></span> 
     </span>
     <span class='ocr_line' id='line_1_39' title="bbox 122 2370 1580 2428; baseline -0.006 -9"><span class='ocrx_word' id='word_1_346' title='bbox 122 2377 440 2428; x_wconf 81' lang='lat' dir='ltr'><strong>intelligerent.</strong></span> <span class='ocrx_word' id='word_1_347' title='bbox 507 2372 656 2415; x_wconf 89' lang='lat' dir='ltr'><strong>Primo</strong></span> <span class='ocrx_word' id='word_1_348' title='bbox 683 2372 798 2413; x_wconf 89' lang='lat' dir='ltr'><strong>enim</strong></span> <span class='ocrx_word' id='word_1_349' title='bbox 827 2386 901 2412; x_wconf 76' lang='lat' dir='ltr'><strong>eos</strong></span> <span class='ocrx_word' id='word_1_350' title='bbox 931 2370 1057 2428; x_wconf 73' lang='lat' dir='ltr'><strong>hujus</strong></span> <span class='ocrx_word' id='word_1_351' title='bbox 1083 2371 1115 2413; x_wconf 84' lang='lat'><strong>1.</strong></span> <span class='ocrx_word' id='word_1_352' title='bbox 1139 2372 1367 2413; x_wconf 85' lang='lat' dir='ltr'><strong>consilium</strong></span> <span class='ocrx_word' id='word_1_353' title='bbox 1389 2375 1432 2412; x_wconf 89' lang='lat' dir='ltr'><strong>et</strong></span> <span class='ocrx_word' id='word_1_354' title='bbox 1449 2384 1580 2423; x_wconf 80' lang='lat' dir='ltr'><strong>argu-</strong></span> 
     </span>
     <span class='ocr_line' id='line_1_40' title="bbox 124 2427 1578 2484; baseline -0.004 -10"><span class='ocrx_word' id='word_1_355' title='bbox 124 2438 314 2474; x_wconf 87' lang='lat' dir='ltr'><strong>mentum</strong></span> <span class='ocrx_word' id='word_1_356' title='bbox 337 2432 464 2484; x_wconf 80' lang='lat' dir='ltr'><strong>sugit.</strong></span> <span class='ocrx_word' id='word_1_357' title='bbox 524 2430 685 2481; x_wconf 67' lang='lat' dir='ltr'><strong>Chrys„</strong></span> <span class='ocrx_word' id='word_1_358' title='bbox 718 2428 986 2478; x_wconf 63' lang='lat' dir='ltr'><strong>Theodorei„</strong></span> <span class='ocrx_word' id='word_1_359' title='bbox 1021 2427 1272 2480; x_wconf 70' lang='lat' dir='ltr'><strong>&#39;li‘eeoflleyl.‚</strong></span> <span class='ocrx_word' id='word_1_360' title='bbox 1303 2428 1448 2478; x_wconf 63' lang='lat' dir='ltr'><strong>Grot„</strong></span> <span class='ocrx_word' id='word_1_361' title='bbox 1477 2428 1578 2469; x_wconf 78' lang='lat' dir='ltr'><strong>Els-</strong></span> 
     </span>
     <span class='ocr_line' id='line_1_41' title="bbox 122 2483 1577 2540; baseline -0.003 -10"><span class='ocrx_word' id='word_1_362' title='bbox 122 2503 240 2540; x_wconf 63' lang='lat' dir='ltr'><strong>ner„</strong></span> <span class='ocrx_word' id='word_1_363' title='bbox 271 2487 443 2539; x_wconf 65' lang='lat' dir='ltr'><strong>Reich„</strong></span> <span class='ocrx_word' id='word_1_364' title='bbox 470 2485 570 2527; x_wconf 70' lang='lat' dir='ltr'><strong>(HV.</strong></span> <span class='ocrx_word' id='word_1_365' title='bbox 600 2490 644 2525; x_wconf 88' lang='lat' dir='ltr'><strong>et</strong></span> <span class='ocrx_word' id='word_1_366' title='bbox 671 2485 796 2525; x_wconf 88' lang='lat' dir='ltr'><strong>multi</strong></span> <span class='ocrx_word' id='word_1_367' title='bbox 822 2486 901 2525; x_wconf 84' lang='lat' dir='ltr'><strong>alii</strong></span> <span class='ocrx_word' id='word_1_368' title='bbox 922 2483 1105 2525; x_wconf 84' lang='lat' dir='ltr'><strong>Paulum</strong></span> <span class='ocrx_word' id='word_1_369' title='bbox 1128 2497 1394 2538; x_wconf 75' lang='lat' dir='ltr'><strong>paganorum</strong></span> <span class='ocrx_word' id='word_1_370' title='bbox 1415 2484 1577 2525; x_wconf 74' lang='lat' dir='ltr'><strong>fastum</strong></span> 
     </span>
     <span class='ocr_line' id='line_1_42' title="bbox 119 2540 1580 2601; baseline -0.003 -16"><span class='ocrx_word' id='word_1_371' title='bbox 119 2545 404 2601; x_wconf 89' lang='lat' dir='ltr'><strong>comprimere</strong></span> <span class='ocrx_word' id='word_1_372' title='bbox 433 2548 563 2598; x_wconf 84' lang='lat' dir='ltr'><strong>atque</strong></span> <span class='ocrx_word' id='word_1_373' title='bbox 591 2541 786 2591; x_wconf 80' lang='lat' dir='ltr'><strong>efficere,</strong></span> <span class='ocrx_word' id='word_1_374' title='bbox 824 2555 876 2581; x_wconf 87' lang='lat' dir='ltr'><strong>ne</strong></span> <span class='ocrx_word' id='word_1_375' title='bbox 905 2540 1019 2595; x_wconf 76' lang='lat' dir='ltr'><strong>quod</strong></span> <span class='ocrx_word' id='word_1_376' title='bbox 1045 2541 1275 2580; x_wconf 84' lang='lat' dir='ltr'><strong>crederent</strong></span> <span class='ocrx_word' id='word_1_377' title='bbox 1301 2540 1580 2591; x_wconf 78' lang='lat' dir='ltr'><strong>magnificen-</strong></span> 
     </span>
     <span class='ocr_line' id='line_1_43' title="bbox 119 2594 1577 2647; baseline -0.003 -5"><span class='ocrx_word' id='word_1_378' title='bbox 119 2602 211 2642; x_wconf 83' lang='lat' dir='ltr'><strong>tius</strong></span> <span class='ocrx_word' id='word_1_379' title='bbox 240 2600 292 2640; x_wconf 89' lang='lat' dir='ltr'><strong>de</strong></span> <span class='ocrx_word' id='word_1_380' title='bbox 320 2614 366 2639; x_wconf 84' lang='lat' dir='ltr'><strong>se</strong></span> <span class='ocrx_word' id='word_1_381' title='bbox 397 2601 610 2639; x_wconf 85' lang='lat' dir='ltr'><strong>sentirent</strong></span> <span class='ocrx_word' id='word_1_382' title='bbox 627 2596 810 2640; x_wconf 71' lang='lat' dir='ltr'><strong>Iudaeis</strong></span> <span class='ocrx_word' id='word_1_383' title='bbox 839 2596 1094 2647; x_wconf 83' lang='lat' dir='ltr'><strong>contemtis,</strong></span> <span class='ocrx_word' id='word_1_384' title='bbox 1132 2594 1322 2638; x_wconf 82' lang='lat' dir='ltr'><strong>Judaeos</strong></span> <span class='ocrx_word' id='word_1_385' title='bbox 1341 2602 1484 2637; x_wconf 82' lang='lat' dir='ltr'><strong>autem</strong></span> <span class='ocrx_word' id='word_1_386' title='bbox 1507 2596 1577 2638; x_wconf 80' lang='lat' dir='ltr'><strong>vel</strong></span> 
     </span>
     <span class='ocr_line' id='line_1_44' title="bbox 119 2652 1577 2708; baseline -0.003 -10"><span class='ocrx_word' id='word_1_387' title='bbox 119 2656 338 2698; x_wconf 83' lang='lat' dir='ltr'><strong>consolari</strong></span> <span class='ocrx_word' id='word_1_388' title='bbox 367 2654 634 2707; x_wconf 74' lang='lat' dir='ltr'><strong>(leeophyl.)</strong></span> <span class='ocrx_word' id='word_1_389' title='bbox 664 2654 731 2694; x_wconf 73' lang='lat' dir='ltr'><strong>vel</strong></span> <span class='ocrx_word' id='word_1_390' title='bbox 760 2659 807 2693; x_wconf 85' lang='lat' dir='ltr'><strong>ut</strong></span> <span class='ocrx_word' id='word_1_391' title='bbox 835 2653 921 2708; x_wconf 82' lang='lat' dir='ltr'><strong>ipsi</strong></span> <span class='ocrx_word' id='word_1_392' title='bbox 949 2666 1120 2707; x_wconf 82' lang='lat' dir='ltr'><strong>quoque</strong></span> <span class='ocrx_word' id='word_1_393' title='bbox 1141 2652 1314 2693; x_wconf 79' lang='lat' dir='ltr'><strong>Christo</strong></span> <span class='ocrx_word' id='word_1_394' title='bbox 1342 2652 1469 2693; x_wconf 77' lang='lat' dir='ltr'><strong>tidem</strong></span> <span class='ocrx_word' id='word_1_395' title='bbox 1499 2652 1577 2693; x_wconf 90' lang='lat' dir='ltr'><strong>ha·-</strong></span> 
     </span>
     <span class='ocr_line' id='line_1_45' title="bbox 119 2708 1576 2764; baseline -0.004 -10"><span class='ocrx_word' id='word_1_396' title='bbox 119 2714 272 2754; x_wconf 75' lang='lat' dir='ltr'><strong>herent</strong></span> <span class='ocrx_word' id='word_1_397' title='bbox 297 2711 476 2751; x_wconf 79' lang='lat' dir='ltr'><strong>incitare</strong></span> <span class='ocrx_word' id='word_1_398' title='bbox 500 2710 688 2751; x_wconf 75' lang='lat' dir='ltr'><strong>voluisse</strong></span> <span class='ocrx_word' id='word_1_399' title='bbox 711 2708 1001 2764; x_wconf 71' lang='lat' dir='ltr'><strong>(Theodorei.)</strong></span> <span class='ocrx_word' id='word_1_400' title='bbox 1021 2713 1244 2764; x_wconf 82' lang='lat' dir='ltr'><strong>putarunt.</strong></span> <span class='ocrx_word' id='word_1_401' title='bbox 1312 2708 1484 2750; x_wconf 64' lang='lat' dir='ltr'><strong>Calvino</strong></span> <span class='ocrx_word' id='word_1_402' title='bbox 1509 2708 1576 2748; x_wconf 87' lang='lat' dir='ltr'><strong>ni-</strong></span> 
     </span>
     <span class='ocr_line' id='line_1_46' title="bbox 118 2762 1576 2821; baseline -0.005 -10"><span class='ocrx_word' id='word_1_403' title='bbox 118 2770 181 2811; x_wconf 84' lang='lat' dir='ltr'><strong>hil</strong></span> <span class='ocrx_word' id='word_1_404' title='bbox 209 2769 417 2810; x_wconf 86' lang='lat' dir='ltr'><strong>decedere</strong></span> <span class='ocrx_word' id='word_1_405' title='bbox 448 2766 711 2821; x_wconf 81' lang='lat' dir='ltr'><strong>gentilibus,</strong></span> <span class='ocrx_word' id='word_1_406' title='bbox 744 2765 783 2805; x_wconf 88' lang='lat' dir='ltr'><strong>si</strong></span> <span class='ocrx_word' id='word_1_407' title='bbox 803 2763 959 2807; x_wconf 79' lang='lat' dir='ltr'><strong>Judaei</strong></span> <span class='ocrx_word' id='word_1_408' title='bbox 982 2778 1153 2805; x_wconf 78' lang='lat' dir='ltr'><strong>rursum</strong></span> <span class='ocrx_word' id='word_1_409' title='bbox 1174 2777 1267 2803; x_wconf 87' lang='lat' dir='ltr'><strong>cum</strong></span> <span class='ocrx_word' id='word_1_410' title='bbox 1290 2762 1386 2803; x_wconf 84' lang='lat' dir='ltr'><strong>Deo</strong></span> <span class='ocrx_word' id='word_1_411' title='bbox 1409 2764 1451 2804; x_wconf 90' lang='lat' dir='ltr'><strong>in</strong></span> <span class='ocrx_word' id='word_1_412' title='bbox 1473 2777 1576 2818; x_wconf 89' lang='lat' dir='ltr'><strong>gra-</strong></span> 
     </span>
    </p>
   </div>
   <div class='ocr_carea' id='block_1_3' title="bbox 117 2819 1576 2918">
    <p class='ocr_par' dir='ltr' id='par_1_3' title="bbox 117 2819 1576 2918">
     <span class='ocr_line' id='line_1_47' title="bbox 117 2819 1576 2878; baseline -0.005 -11"><span class='ocrx_word' id='word_1_413' title='bbox 117 2827 222 2867; x_wconf 78' lang='lat' dir='ltr'><strong>tiam</strong></span> <span class='ocrx_word' id='word_1_414' title='bbox 252 2825 453 2876; x_wconf 83' lang='lat' dir='ltr'><strong>redeant,</strong></span> <span class='ocrx_word' id='word_1_415' title='bbox 492 2822 594 2878; x_wconf 84' lang='lat' dir='ltr'><strong>quia</strong></span> <span class='ocrx_word' id='word_1_416' title='bbox 621 2827 903 2877; x_wconf 86' lang='lat' dir='ltr'><strong>utrorumque</strong></span> <span class='ocrx_word' id='word_1_417' title='bbox 924 2822 1047 2862; x_wconf 84' lang='lat' dir='ltr'><strong>salus</strong></span> <span class='ocrx_word' id='word_1_418' title='bbox 1070 2821 1132 2863; x_wconf 78' lang='lat' dir='ltr'><strong>sic</strong></span> <span class='ocrx_word' id='word_1_419' title='bbox 1154 2819 1382 2876; x_wconf 78' lang='lat' dir='ltr'><strong>conjuncta</strong></span> <span class='ocrx_word' id='word_1_420' title='bbox 1403 2820 1486 2873; x_wconf 89' lang='lat' dir='ltr'><strong>sit,</strong></span> <span class='ocrx_word' id='word_1_421' title='bbox 1527 2824 1576 2860; x_wconf 89' lang='lat' dir='ltr'><strong>ut</strong></span> 
     </span>
     <span class='ocr_line' id='line_1_48' title="bbox 1500 2889 1576 2918; baseline 0.013 -1"><span class='ocrx_word' id='word_1_422' title='bbox 1500 2889 1576 2918; x_wconf 74' lang='lat' dir='ltr'><strong>ea-</strong></span> 
     </span>
    </p>
   </div>
  </div>
 </body>
</html>
