<?xml version="1.0" encoding="UTF-8"?>
<!DOCTYPE html PUBLIC "-//W3C//DTD XHTML 1.0 Transitional//EN"
    "http://www.w3.org/TR/xhtml1/DTD/xhtml1-transitional.dtd">
<html xmlns="http://www.w3.org/1999/xhtml" xml:lang="en" lang="en">
 <head>
  <title>
</title>
<meta http-equiv="Content-Type" content="text/html;charset=utf-8" />
  <meta name='ocr-system' content='tesseract 3.04.00' />
  <meta name='ocr-capabilities' content='ocr_page ocr_carea ocr_par ocr_line ocrx_word'/>
</head>
<body>
  <div class='ocr_page' id='page_1' title='image "./pauliadromanosep02frituoft/pauliadromanosep02frituoft_0297.png"; bbox 0 0 1715 3115; ppageno 0'>
   <div class='ocr_carea' id='block_1_1' title="bbox 521 154 1616 211">
    <p class='ocr_par' dir='ltr' id='par_1_1' title="bbox 521 154 1616 211">
     <span class='ocr_line' id='line_1_1' title="bbox 521 154 1616 211; baseline 0.001 -12"><span class='ocrx_word' id='word_1_1' title='bbox 521 155 615 199; x_wconf 74' lang='lat' dir='ltr'>cA</span> <span class='ocrx_word' id='word_1_2' title='bbox 631 155 682 199; x_wconf 75' lang='lat' dir='ltr'>r.</span> <span class='ocrx_word' id='word_1_3' title='bbox 714 154 812 211; x_wconf 73' lang='lat' dir='ltr'>nx.</span> <span class='ocrx_word' id='word_1_4' title='bbox 867 156 960 202; x_wconf 75' lang='lat' dir='ltr'>vs.</span> <span class='ocrx_word' id='word_1_5' title='bbox 989 158 1034 201; x_wconf 88' lang='lat'>6.</span> <span class='ocrx_word' id='word_1_6' title='bbox 1064 181 1121 188; x_wconf 94' lang='lat'><em>-</em></span> <span class='ocrx_word' id='word_1_7' title='bbox 1151 158 1210 201; x_wconf 77' lang='lat'>9..</span> <span class='ocrx_word' id='word_1_8' title='bbox 1528 156 1616 200; x_wconf 80' lang='lat'>283</span> 
     </span>
    </p>
   </div>
   <div class='ocr_carea' id='block_1_2' title="bbox 80 260 1641 2883">
    <p class='ocr_par' dir='ltr' id='par_1_2' title="bbox 80 260 1638 2488">
     <span class='ocr_line' id='line_1_2' title="bbox 133 260 1616 320; baseline -0.001 -16"><span class='ocrx_word' id='word_1_9' title='bbox 133 261 372 304; x_wconf 87' lang='lat' dir='ltr'>liberorum</span> <span class='ocrx_word' id='word_1_10' title='bbox 395 260 501 319; x_wconf 87' lang='lat' dir='ltr'>jura</span> <span class='ocrx_word' id='word_1_11' title='bbox 531 261 783 315; x_wconf 72' lang='lat' dir='ltr'>obtineant,</span> <span class='ocrx_word' id='word_1_12' title='bbox 818 269 945 316; x_wconf 88' lang='lat' dir='ltr'>sunt,</span> <span class='ocrx_word' id='word_1_13' title='bbox 987 264 1088 320; x_wconf 87' lang='lat' dir='ltr'>quia</span> <span class='ocrx_word' id='word_1_14' title='bbox 1111 278 1189 306; x_wconf 86' lang='lat' dir='ltr'>eos</span> <span class='ocrx_word' id='word_1_15' title='bbox 1207 261 1492 306; x_wconf 75' lang='lat' dir='ltr'>Abrabamus</span> <span class='ocrx_word' id='word_1_16' title='bbox 1511 274 1616 318; x_wconf 83' lang='lat' dir='ltr'>pro-</span> 
     </span>
     <span class='ocr_line' id='line_1_3' title="bbox 133 318 1616 376; baseline 0.002 -17"><span class='ocrx_word' id='word_1_17' title='bbox 133 318 302 373; x_wconf 78' lang='lat' dir='ltr'><strong>genuit.</strong></span> <span class='ocrx_word' id='word_1_18' title='bbox 361 318 526 361; x_wconf 78' lang='lat' dir='ltr'><strong>Obstat</strong></span> <span class='ocrx_word' id='word_1_19' title='bbox 562 319 791 362; x_wconf 88' lang='lat' dir='ltr'>verborum</span> <span class='ocrx_word' id='word_1_20' title='bbox 824 319 957 373; x_wconf 91' lang='lat' dir='ltr'>ordo,</span> <span class='ocrx_word' id='word_1_21' title='bbox 1003 321 1080 376; x_wconf 85' lang='lat' dir='ltr'>qui</span> <span class='ocrx_word' id='word_1_22' title='bbox 1117 321 1222 362; x_wconf 86' lang='lat' dir='ltr'>talis</span> <span class='ocrx_word' id='word_1_23' title='bbox 1252 334 1351 361; x_wconf 85' lang='lat' dir='ltr'>esse</span> <span class='ocrx_word' id='word_1_24' title='bbox 1381 319 1616 362; x_wconf 80' lang='lat' dir='ltr'><strong>debuerat:</strong></span> 
     </span>
     <span class='ocr_line' id='line_1_4' title="bbox 134 373 1617 433; baseline 0.001 -15"><span class='ocrx_word' id='word_1_25' title='bbox 134 373 186 418; x_wconf 81' lang='grc' dir='ltr'>οὗ</span> <span class='ocrx_word' id='word_1_26' title='bbox 205 373 255 416; x_wconf 81' lang='grc' dir='ltr'>δὲ</span> <span class='ocrx_word' id='word_1_27' title='bbox 286 375 511 429; x_wconf 79' lang='grc' dir='ltr'><em>πάντες,</em></span> <span class='ocrx_word' id='word_1_28' title='bbox 547 374 618 418; x_wconf 76' lang='grc' dir='ltr'>ὅτι</span> <span class='ocrx_word' id='word_1_29' title='bbox 655 373 744 419; x_wconf 79' lang='grc' dir='ltr'><strong><em>εἰσὶ</em></strong></span> <span class='ocrx_word' id='word_1_30' title='bbox 771 375 949 432; x_wconf 78' lang='grc' dir='ltr'><em>σπέρμα</em></span> <span class='ocrx_word' id='word_1_31' title='bbox 965 373 1184 433; x_wconf 71' lang='grc' dir='ltr'>Ἀβραάμ,</span> <span class='ocrx_word' id='word_1_32' title='bbox 1215 375 1366 425; x_wconf 75' lang='grc' dir='ltr'><strong><em>τέκνα,</em></strong></span> <span class='ocrx_word' id='word_1_33' title='bbox 1399 373 1493 416; x_wconf 71' lang='grc' dir='ltr'>ἀλλ’</span> <span class='ocrx_word' id='word_1_34' title='bbox 1515 382 1617 420; x_wconf 86' lang='lat' dir='ltr'>etc..</span> 
     </span>
     <span class='ocr_line' id='line_1_5' title="bbox 132 430 1620 492; baseline 0 -16"><span class='ocrx_word' id='word_1_35' title='bbox 132 431 262 476; x_wconf 82' lang='lat' dir='ltr'>Alibi</span> <span class='ocrx_word' id='word_1_36' title='bbox 288 430 469 488; x_wconf 76' lang='grc' dir='ltr'><em>σπέρμα</em></span> <span class='ocrx_word' id='word_1_37' title='bbox 499 438 545 474; x_wconf 90' lang='lat' dir='ltr'>et</span> <span class='ocrx_word' id='word_1_38' title='bbox 569 430 700 475; x_wconf 83' lang='grc' dir='ltr'><strong><em>τέκνα</em></strong></span> <span class='ocrx_word' id='word_1_39' title='bbox 737 447 868 475; x_wconf 90' lang='lat' dir='ltr'>unum</span> <span class='ocrx_word' id='word_1_40' title='bbox 898 433 1102 491; x_wconf 85' lang='lat' dir='ltr'>idemque</span> <span class='ocrx_word' id='word_1_41' title='bbox 1138 434 1306 492; x_wconf 88' lang='lat' dir='ltr'>pollent</span> <span class='ocrx_word' id='word_1_42' title='bbox 1336 432 1457 488; x_wconf 83' lang='lat' dir='ltr'><strong>(Joh.</strong></span> <span class='ocrx_word' id='word_1_43' title='bbox 1476 431 1521 484; x_wconf 90' lang='lat'>8,</span> <span class='ocrx_word' id='word_1_44' title='bbox 1540 433 1620 477; x_wconf 82' lang='lat'>3⁷.</span> 
     </span>
     <span class='ocr_line' id='line_1_6' title="bbox 132 485 1619 545; baseline -0.001 -14"><span class='ocrx_word' id='word_1_45' title='bbox 132 489 231 542; x_wconf 86' lang='lat'>39.,</span> <span class='ocrx_word' id='word_1_46' title='bbox 262 489 338 531; x_wconf 91' lang='lat' dir='ltr'>ubi</span> <span class='ocrx_word' id='word_1_47' title='bbox 368 503 408 533; x_wconf 83' lang='grc' dir='ltr'><strong>ν.</strong></span> <span class='ocrx_word' id='word_1_48' title='bbox 441 489 673 532; x_wconf 75' lang='lat' dir='ltr'>Lueckc&#39;um</span> <span class='ocrx_word' id='word_1_49' title='bbox 695 487 761 542; x_wconf 91' lang='grc' dir='ltr'>ΙΙ,</span> <span class='ocrx_word' id='word_1_50' title='bbox 779 491 918 544; x_wconf 82' lang='lat'><strong>285.).</strong></span> <span class='ocrx_word' id='word_1_51' title='bbox 978 491 1066 534; x_wconf 89' lang='lat' dir='ltr'>Sed</span> <span class='ocrx_word' id='word_1_52' title='bbox 1095 491 1138 534; x_wconf 87' lang='lat' dir='ltr'>b.</span> <span class='ocrx_word' id='word_1_53' title='bbox 1169 491 1202 536; x_wconf 89' lang='lat' dir='ltr'>l.</span> <span class='ocrx_word' id='word_1_54' title='bbox 1223 488 1400 545; x_wconf 76' lang='grc' dir='ltr'><strong><em>σπέρμα</em></strong></span> <span class='ocrx_word' id='word_1_55' title='bbox 1415 485 1619 543; x_wconf 72' lang='grc' dir='ltr'><strong>Ἀβραάμ.</strong></span> 
     </span>
     <span class='ocr_line' id='line_1_7' title="bbox 133 543 1619 604; baseline -0.001 -16"><span class='ocrx_word' id='word_1_56' title='bbox 133 549 180 588; x_wconf 84' lang='lat' dir='ltr'>et</span> <span class='ocrx_word' id='word_1_57' title='bbox 198 544 327 588; x_wconf 83' lang='grc' dir='ltr'><strong><em>τέκνα</em></strong></span> <span class='ocrx_word' id='word_1_58' title='bbox 349 543 549 601; x_wconf 71' lang='grc' dir='ltr'><em>Ἀβραάμ</em></span> <span class='ocrx_word' id='word_1_59' title='bbox 586 546 804 601; x_wconf 79' lang='lat' dir='ltr'>distingui</span> <span class='ocrx_word' id='word_1_60' title='bbox 839 553 1038 604; x_wconf 85' lang='lat' dir='ltr'>apertum</span> <span class='ocrx_word' id='word_1_61' title='bbox 1076 553 1162 593; x_wconf 89' lang='lat' dir='ltr'>est.</span> <span class='ocrx_word' id='word_1_62' title='bbox 1230 546 1401 603; x_wconf 84' lang='lat' dir='ltr'>Nempe</span> <span class='ocrx_word' id='word_1_63' title='bbox 1437 543 1619 598; x_wconf 83' lang='grc' dir='ltr'><strong><em>σπέρμα</em></strong></span> 
     </span>
     <span class='ocr_line' id='line_1_8' title="bbox 127 597 1619 660; baseline 0.001 -17"><span class='ocrx_word' id='word_1_64' title='bbox 127 597 330 657; x_wconf 67' lang='grc' dir='ltr'>’Λβραάμ</span> <span class='ocrx_word' id='word_1_65' title='bbox 368 603 566 645; x_wconf 90' lang='lat' dir='ltr'>homines</span> <span class='ocrx_word' id='word_1_66' title='bbox 603 611 815 646; x_wconf 84' lang='lat' dir='ltr'>vocantur</span> <span class='ocrx_word' id='word_1_67' title='bbox 854 605 908 646; x_wconf 81' lang='lat' dir='ltr'>ab</span> <span class='ocrx_word' id='word_1_68' title='bbox 946 605 1193 648; x_wconf 78' lang='lat' dir='ltr'>Abrabamo</span> <span class='ocrx_word' id='word_1_69' title='bbox 1221 602 1441 660; x_wconf 75' lang='lat' dir='ltr'>yenerati,</span> <span class='ocrx_word' id='word_1_70' title='bbox 1486 601 1619 645; x_wconf 81' lang='grc' dir='ltr'><strong><em>τέκνα</em></strong></span> 
     </span>
     <span class='ocr_line' id='line_1_9' title="bbox 131 655 1621 720; baseline 0.001 -18"><span class='ocrx_word' id='word_1_71' title='bbox 131 655 329 713; x_wconf 66' lang='grc' dir='ltr'><em>Ἀβραάμ</em></span> <span class='ocrx_word' id='word_1_72' title='bbox 351 660 384 702; x_wconf 90' lang='lat' dir='ltr'>ii</span> <span class='ocrx_word' id='word_1_73' title='bbox 402 659 622 712; x_wconf 88' lang='lat' dir='ltr'>dicuntur,</span> <span class='ocrx_word' id='word_1_74' title='bbox 652 661 727 717; x_wconf 81' lang='lat' dir='ltr'>qui</span> <span class='ocrx_word' id='word_1_75' title='bbox 746 662 984 703; x_wconf 89' lang='lat' dir='ltr'>liberorum</span> <span class='ocrx_word' id='word_1_76' title='bbox 1000 661 1112 718; x_wconf 79' lang='lat' dir='ltr'>jura</span> <span class='ocrx_word' id='word_1_77' title='bbox 1135 661 1380 720; x_wconf 88' lang='lat' dir='ltr'>possident,</span> <span class='ocrx_word' id='word_1_78' title='bbox 1409 664 1458 701; x_wconf 90' lang='lat' dir='ltr'>ut</span> <span class='ocrx_word' id='word_1_79' title='bbox 1474 659 1621 716; x_wconf 82' lang='lat' dir='ltr'>patris</span> 
     </span>
     <span class='ocr_line' id='line_1_10' title="bbox 133 715 1621 773; baseline -0.001 -14"><span class='ocrx_word' id='word_1_80' title='bbox 133 715 424 759; x_wconf 78' lang='lat' dir='ltr'>hereditatem</span> <span class='ocrx_word' id='word_1_81' title='bbox 456 717 617 760; x_wconf 80' lang='lat' dir='ltr'>adeant</span> <span class='ocrx_word' id='word_1_82' title='bbox 645 721 705 773; x_wconf 81' lang='lat'>(8,</span> <span class='ocrx_word' id='word_1_83' title='bbox 725 720 842 771; x_wconf 88' lang='lat'><strong>17.)‚</strong></span> <span class='ocrx_word' id='word_1_84' title='bbox 881 718 924 762; x_wconf 88' lang='lat' dir='ltr'>h.</span> <span class='ocrx_word' id='word_1_85' title='bbox 956 734 995 762; x_wconf 91' lang='lat' dir='ltr'>e.</span> <span class='ocrx_word' id='word_1_86' title='bbox 1026 725 1074 760; x_wconf 87' lang='lat' dir='ltr'>ut</span> <span class='ocrx_word' id='word_1_87' title='bbox 1101 719 1268 761; x_wconf 69' lang='lat' dir='ltr'>summa</span> <span class='ocrx_word' id='word_1_88' title='bbox 1300 716 1516 760; x_wconf 81' lang='lat' dir='ltr'>felicitate</span> <span class='ocrx_word' id='word_1_89' title='bbox 1541 730 1621 772; x_wconf 90' lang='lat' dir='ltr'>po-</span> 
     </span>
     <span class='ocr_line' id='line_1_11' title="bbox 134 773 1622 833; baseline -0.001 -17"><span class='ocrx_word' id='word_1_90' title='bbox 134 773 332 827; x_wconf 83' lang='lat' dir='ltr'>tiantur,</span> <span class='ocrx_word' id='word_1_91' title='bbox 361 788 490 831; x_wconf 86' lang='lat' dir='ltr'>quam</span> <span class='ocrx_word' id='word_1_92' title='bbox 519 774 606 816; x_wconf 88' lang='lat' dir='ltr'>sibi</span> <span class='ocrx_word' id='word_1_93' title='bbox 630 776 910 832; x_wconf 79' lang='lat' dir='ltr'>posterisque</span> <span class='ocrx_word' id='word_1_94' title='bbox 936 775 1149 817; x_wconf 79' lang='lat' dir='ltr'>divinitus</span> <span class='ocrx_word' id='word_1_95' title='bbox 1179 775 1442 833; x_wconf 80' lang='lat' dir='ltr'>promissam</span> <span class='ocrx_word' id='word_1_96' title='bbox 1468 773 1622 817; x_wconf 88' lang='lat' dir='ltr'>Abra-</span> 
     </span>
     <span class='ocr_line' id='line_1_12' title="bbox 135 829 1622 890; baseline 0.001 -17"><span class='ocrx_word' id='word_1_97' title='bbox 135 829 292 873; x_wconf 78' lang='lat' dir='ltr'>hamus</span> <span class='ocrx_word' id='word_1_98' title='bbox 320 830 582 874; x_wconf 83' lang='lat' dir='ltr'>hereditatis</span> <span class='ocrx_word' id='word_1_99' title='bbox 608 833 704 874; x_wconf 88' lang='lat' dir='ltr'>loco</span> <span class='ocrx_word' id='word_1_100' title='bbox 735 833 791 874; x_wconf 91' lang='lat' dir='ltr'>iis</span> <span class='ocrx_word' id='word_1_101' title='bbox 811 832 919 874; x_wconf 81' lang='lat' dir='ltr'>liliis</span> <span class='ocrx_word' id='word_1_102' title='bbox 949 833 1208 886; x_wconf 74' lang='lat' dir='ltr'>tradiderit,</span> <span class='ocrx_word' id='word_1_103' title='bbox 1239 833 1315 890; x_wconf 89' lang='lat' dir='ltr'>qui</span> <span class='ocrx_word' id='word_1_104' title='bbox 1336 831 1528 873; x_wconf 83' lang='lat' dir='ltr'>filiorum</span> <span class='ocrx_word' id='word_1_105' title='bbox 1543 830 1622 889; x_wconf 81' lang='lat' dir='ltr'>jus</span> 
     </span>
     <span class='ocr_line' id='line_1_13' title="bbox 135 885 1623 946; baseline 0.002 -17"><span class='ocrx_word' id='word_1_106' title='bbox 135 887 329 929; x_wconf 87' lang='lat' dir='ltr'>habeant</span> <span class='ocrx_word' id='word_1_107' title='bbox 357 888 522 932; x_wconf 86' lang='lat' dir='ltr'>Genes.</span> <span class='ocrx_word' id='word_1_108' title='bbox 543 890 611 942; x_wconf 88' lang='lat'>17,</span> <span class='ocrx_word' id='word_1_109' title='bbox 634 891 701 932; x_wconf 89' lang='grc'>16.</span> <span class='ocrx_word' id='word_1_110' title='bbox 736 889 863 933; x_wconf 85' lang='lat' dir='ltr'>Rom.</span> <span class='ocrx_word' id='word_1_111' title='bbox 881 890 926 942; x_wconf 87' lang='lat'>4,</span> <span class='ocrx_word' id='word_1_112' title='bbox 950 891 1035 934; x_wconf 74' lang='lat'><strong>13..</strong></span> <span class='ocrx_word' id='word_1_113' title='bbox 1090 889 1238 946; x_wconf 76' lang='grc' dir='ltr'>τέκνα]</span> <span class='ocrx_word' id='word_1_114' title='bbox 1277 888 1375 932; x_wconf 90' lang='lat' dir='ltr'>scil.</span> <span class='ocrx_word' id='word_1_115' title='bbox 1406 885 1623 943; x_wconf 73' lang='grc' dir='ltr'><strong>Ἀβραάμ.</strong></span> 
     </span>
     <span class='ocr_line' id='line_1_14' title="bbox 139 941 1624 1002; baseline -0.001 -14"><span class='ocrx_word' id='word_1_116' title='bbox 139 941 257 988; x_wconf 81' lang='lat' dir='ltr'>Nam</span> <span class='ocrx_word' id='word_1_117' title='bbox 279 958 457 987; x_wconf 85' lang='lat' dir='ltr'>neeesse</span> <span class='ocrx_word' id='word_1_118' title='bbox 479 952 572 999; x_wconf 89' lang='lat' dir='ltr'>est,</span> <span class='ocrx_word' id='word_1_119' title='bbox 611 946 914 990; x_wconf 63' lang='lat' dir='ltr'>utlsraelitae</span> <span class='ocrx_word' id='word_1_120' title='bbox 939 948 981 991; x_wconf 83' lang='lat' dir='ltr'>h.</span> <span class='ocrx_word' id='word_1_121' title='bbox 1004 947 1035 989; x_wconf 92' lang='lat' dir='ltr'>l.</span> <span class='ocrx_word' id='word_1_122' title='bbox 1057 946 1155 1002; x_wconf 78' lang='lat' dir='ltr'>ejus</span> <span class='ocrx_word' id='word_1_123' title='bbox 1174 947 1305 988; x_wconf 91' lang='lat' dir='ltr'>liberi</span> <span class='ocrx_word' id='word_1_124' title='bbox 1328 946 1624 1002; x_wconf 78' lang='lat' dir='ltr'>appellentur,</span> 
     </span>
     <span class='ocr_line' id='line_1_15' title="bbox 139 999 1623 1060; baseline 0.001 -17"><span class='ocrx_word' id='word_1_125' title='bbox 139 1000 197 1043; x_wconf 87' lang='lat' dir='ltr'>ad</span> <span class='ocrx_word' id='word_1_126' title='bbox 227 1015 355 1057; x_wconf 84' lang='lat' dir='ltr'>quem</span> <span class='ocrx_word' id='word_1_127' title='bbox 385 1003 431 1046; x_wconf 88' lang='lat' dir='ltr'>in</span> <span class='ocrx_word' id='word_1_128' title='bbox 459 1003 557 1045; x_wconf 90' lang='lat' dir='ltr'>loco</span> <span class='ocrx_word' id='word_1_129' title='bbox 585 1017 608 1045; x_wconf 94' lang='lat' dir='ltr'>e</span> <span class='ocrx_word' id='word_1_130' title='bbox 630 1003 688 1049; x_wconf 89' lang='lat' dir='ltr'>V.</span> <span class='ocrx_word' id='word_1_131' title='bbox 710 1003 770 1049; x_wconf 88' lang='lat' dir='ltr'>T.</span> <span class='ocrx_word' id='word_1_132' title='bbox 799 1004 937 1046; x_wconf 87' lang='lat' dir='ltr'>allato</span> <span class='ocrx_word' id='word_1_133' title='bbox 967 1003 1011 1047; x_wconf 80' lang='grc' dir='ltr'>ἐν</span> <span class='ocrx_word' id='word_1_134' title='bbox 1032 999 1182 1046; x_wconf 77' lang='grc' dir='ltr'><strong><em>Ἰσαοῖκ</em></strong></span> <span class='ocrx_word' id='word_1_135' title='bbox 1215 1001 1491 1060; x_wconf 71' lang='grc' dir='ltr'><em>κληθήσεταί</em></span> <span class='ocrx_word' id='word_1_136' title='bbox 1529 1016 1623 1044; x_wconf 83' lang='grc' dir='ltr'>σοι</span> 
     </span>
     <span class='ocr_line' id='line_1_16' title="bbox 142 1055 1626 1117; baseline 0 -17"><span class='ocrx_word' id='word_1_137' title='bbox 142 1055 325 1112; x_wconf 73' lang='grc' dir='ltr'><em>σπέρμα</em></span> <span class='ocrx_word' id='word_1_138' title='bbox 349 1073 581 1114; x_wconf 79' lang='lat' dir='ltr'>pronomen</span> <span class='ocrx_word' id='word_1_139' title='bbox 611 1061 818 1117; x_wconf 89' lang='lat' dir='ltr'>pertinet.</span> <span class='ocrx_word' id='word_1_140' title='bbox 878 1061 1204 1116; x_wconf 45' lang='lat' dir='ltr'>Firmat-etiam</span> <span class='ocrx_word' id='word_1_141' title='bbox 1227 1061 1334 1102; x_wconf 90' lang='lat' dir='ltr'>hanc</span> <span class='ocrx_word' id='word_1_142' title='bbox 1357 1061 1626 1117; x_wconf 85' lang='lat' dir='ltr'>interpreta-</span> 
     </span>
     <span class='ocr_line' id='line_1_17' title="bbox 138 1113 1624 1176; baseline 0.004 -21"><span class='ocrx_word' id='word_1_143' title='bbox 138 1114 306 1157; x_wconf 82' lang='lat' dir='ltr'>tionem</span> <span class='ocrx_word' id='word_1_144' title='bbox 341 1115 581 1158; x_wconf 88' lang='lat' dir='ltr'>membrum</span> <span class='ocrx_word' id='word_1_145' title='bbox 615 1118 906 1176; x_wconf 88' lang='lat' dir='ltr'>praecedens:</span> <span class='ocrx_word' id='word_1_146' title='bbox 929 1144 978 1151; x_wconf 94' lang='lat'><strong>—</strong></span> <span class='ocrx_word' id='word_1_147' title='bbox 1019 1117 1175 1160; x_wconf 73' lang='grc' dir='ltr'><strong><em>οὗτοι</em></strong></span> <span class='ocrx_word' id='word_1_148' title='bbox 1198 1113 1439 1172; x_wconf 79' lang='grc' dir='ltr'><strong>Ἰσραήλ.</strong></span> <span class='ocrx_word' id='word_1_149' title='bbox 1505 1116 1624 1158; x_wconf 79' lang='lat' dir='ltr'>Male</span> 
     </span>
     <span class='ocr_line' id='line_1_18' title="bbox 142 1170 1625 1228; baseline 0.003 -15"><span class='ocrx_word' id='word_1_150' title='bbox 142 1170 455 1226; x_wconf 64' lang='lat' dir='ltr'>Theodoretns,</span> <span class='ocrx_word' id='word_1_151' title='bbox 502 1173 600 1217; x_wconf 74' lang='lat' dir='ltr'>Chr.</span> <span class='ocrx_word' id='word_1_152' title='bbox 641 1175 715 1219; x_wconf 81' lang='lat' dir='ltr'>Fr.</span> <span class='ocrx_word' id='word_1_153' title='bbox 752 1176 967 1228; x_wconf 65' lang='lat' dir='ltr'>Schmid„</span> <span class='ocrx_word' id='word_1_154' title='bbox 1026 1173 1208 1226; x_wconf 75' lang='lat' dir='ltr'>Morus,</span> <span class='ocrx_word' id='word_1_155' title='bbox 1265 1174 1533 1216; x_wconf 68' lang='lat' dir='ltr'>Gloeclclerus</span> <span class='ocrx_word' id='word_1_156' title='bbox 1563 1174 1625 1218; x_wconf 84' lang='lat' dir='ltr'>al.</span> 
     </span>
     <span class='ocr_line' id='line_1_19' title="bbox 141 1226 1625 1287; baseline 0.003 -18"><span class='ocrx_word' id='word_1_157' title='bbox 141 1226 303 1277; x_wconf 78' lang='grc' dir='ltr'><strong><em>,,τέκι·α</em></strong></span> <span class='ocrx_word' id='word_1_158' title='bbox 331 1230 429 1272; x_wconf 89' lang='lat' dir='ltr'>scil.</span> <span class='ocrx_word' id='word_1_159' title='bbox 458 1232 537 1272; x_wconf 83' lang='grc' dir='ltr'>τοῦ</span> <span class='ocrx_word' id='word_1_160' title='bbox 567 1233 707 1274; x_wconf 66' lang='grc' dir='ltr'>θεοῦ”</span> <span class='ocrx_word' id='word_1_161' title='bbox 728 1233 939 1274; x_wconf 85' lang='lat' dir='ltr'>antestati</span> <span class='ocrx_word' id='word_1_162' title='bbox 959 1246 1130 1274; x_wconf 85' lang='lat' dir='ltr'>versum</span> <span class='ocrx_word' id='word_1_163' title='bbox 1154 1232 1223 1283; x_wconf 87' lang='lat'>8.,</span> <span class='ocrx_word' id='word_1_164' title='bbox 1260 1230 1386 1287; x_wconf 82' lang='lat' dir='ltr'>cujus</span> <span class='ocrx_word' id='word_1_165' title='bbox 1409 1231 1625 1273; x_wconf 88' lang='lat' dir='ltr'>rationem</span> 
     </span>
     <span class='ocr_line' id='line_1_20' title="bbox 141 1287 1627 1346; baseline 0.003 -21"><span class='ocrx_word' id='word_1_166' title='bbox 141 1298 298 1342; x_wconf 87' lang='lat' dir='ltr'>parum</span> <span class='ocrx_word' id='word_1_167' title='bbox 341 1287 687 1331; x_wconf 83' lang='lat' dir='ltr'>intellexissent.</span> <span class='ocrx_word' id='word_1_168' title='bbox 760 1289 917 1346; x_wconf 86' lang='lat' dir='ltr'>Neque</span> <span class='ocrx_word' id='word_1_169' title='bbox 955 1289 1118 1331; x_wconf 90' lang='lat' dir='ltr'>idcirco</span> <span class='ocrx_word' id='word_1_170' title='bbox 1158 1287 1393 1331; x_wconf 84' lang='lat' dir='ltr'>Israelitas</span> <span class='ocrx_word' id='word_1_171' title='bbox 1430 1288 1530 1345; x_wconf 78' lang='lat' dir='ltr'>quia</span> <span class='ocrx_word' id='word_1_172' title='bbox 1571 1287 1627 1329; x_wconf 89' lang='lat' dir='ltr'>ab</span> 
     </span>
     <span class='ocr_line' id='line_1_21' title="bbox 146 1342 1628 1402; baseline 0.002 -19"><span class='ocrx_word' id='word_1_173' title='bbox 146 1342 402 1388; x_wconf 84' lang='lat' dir='ltr'>Abrahamo</span> <span class='ocrx_word' id='word_1_174' title='bbox 436 1346 633 1397; x_wconf 87' lang='lat' dir='ltr'>generati</span> <span class='ocrx_word' id='word_1_175' title='bbox 661 1346 752 1388; x_wconf 89' lang='lat' dir='ltr'>sint</span> <span class='ocrx_word' id='word_1_176' title='bbox 781 1361 930 1388; x_wconf 90' lang='lat' dir='ltr'>omnes</span> <span class='ocrx_word' id='word_1_177' title='bbox 949 1346 1193 1389; x_wconf 89' lang='lat' dir='ltr'>Abrahami</span> <span class='ocrx_word' id='word_1_178' title='bbox 1220 1346 1487 1398; x_wconf 88' lang='lat' dir='ltr'>liberorum,</span> <span class='ocrx_word' id='word_1_179' title='bbox 1529 1345 1628 1402; x_wconf 90' lang='lat' dir='ltr'>qui-</span> 
     </span>
     <span class='ocr_line' id='line_1_22' title="bbox 143 1399 1628 1461; baseline 0.002 -20"><span class='ocrx_word' id='word_1_180' title='bbox 143 1399 227 1441; x_wconf 84' lang='lat' dir='ltr'>hus</span> <span class='ocrx_word' id='word_1_181' title='bbox 266 1401 482 1442; x_wconf 88' lang='lat' dir='ltr'>messiana</span> <span class='ocrx_word' id='word_1_182' title='bbox 522 1402 712 1445; x_wconf 81' lang='lat' dir='ltr'>felicitas</span> <span class='ocrx_word' id='word_1_183' title='bbox 747 1403 889 1445; x_wconf 83' lang='lat' dir='ltr'>danda</span> <span class='ocrx_word' id='word_1_184' title='bbox 931 1404 1016 1455; x_wconf 89' lang='lat' dir='ltr'>sit,</span> <span class='ocrx_word' id='word_1_185' title='bbox 1059 1402 1160 1461; x_wconf 91' lang='lat' dir='ltr'>jura</span> <span class='ocrx_word' id='word_1_186' title='bbox 1200 1402 1254 1444; x_wconf 93' lang='lat' dir='ltr'>de</span> <span class='ocrx_word' id='word_1_187' title='bbox 1286 1403 1370 1445; x_wconf 91' lang='lat' dir='ltr'>Dei</span> <span class='ocrx_word' id='word_1_188' title='bbox 1406 1401 1628 1445; x_wconf 64' lang='lat' dir='ltr'>sententia</span> 
     </span>
     <span class='ocr_line' id='line_1_23' title="bbox 144 1457 1630 1518; baseline 0.002 -20"><span class='ocrx_word' id='word_1_189' title='bbox 144 1457 308 1498; x_wconf 86' lang='lat' dir='ltr'>habere</span> <span class='ocrx_word' id='word_1_190' title='bbox 335 1459 430 1514; x_wconf 92' lang='lat' dir='ltr'>Ap.</span> <span class='ocrx_word' id='word_1_191' title='bbox 470 1473 509 1500; x_wconf 86' lang='grc' dir='ltr'><strong>ν.</strong></span> <span class='ocrx_word' id='word_1_192' title='bbox 530 1460 572 1502; x_wconf 90' lang='grc'><strong>7.</strong></span> <span class='ocrx_word' id='word_1_193' title='bbox 602 1460 788 1518; x_wconf 82' lang='lat' dir='ltr'>adjecit,</span> <span class='ocrx_word' id='word_1_194' title='bbox 829 1460 1099 1504; x_wconf 86' lang='lat' dir='ltr'>Judaeorum</span> <span class='ocrx_word' id='word_1_195' title='bbox 1135 1461 1372 1502; x_wconf 83' lang='lat' dir='ltr'>vanitatem</span> <span class='ocrx_word' id='word_1_196' title='bbox 1401 1474 1630 1517; x_wconf 87' lang='lat' dir='ltr'>oppugna-</span> 
     </span>
     <span class='ocr_line' id='line_1_24' title="bbox 143 1516 1629 1573; baseline 0.003 -18"><span class='ocrx_word' id='word_1_197' title='bbox 143 1519 302 1566; x_wconf 81' lang='lat' dir='ltr'>turus,</span> <span class='ocrx_word' id='word_1_198' title='bbox 342 1516 442 1571; x_wconf 89' lang='lat' dir='ltr'>qui,</span> <span class='ocrx_word' id='word_1_199' title='bbox 482 1517 682 1572; x_wconf 78' lang='lat' dir='ltr'>quonium</span> <span class='ocrx_word' id='word_1_200' title='bbox 710 1519 766 1559; x_wconf 85' lang='lat' dir='ltr'>ab</span> <span class='ocrx_word' id='word_1_201' title='bbox 797 1519 1057 1561; x_wconf 83' lang='lat' dir='ltr'>Abrabamo</span> <span class='ocrx_word' id='word_1_202' title='bbox 1089 1532 1229 1573; x_wconf 86' lang='lat' dir='ltr'>genus</span> <span class='ocrx_word' id='word_1_203' title='bbox 1261 1517 1494 1569; x_wconf 86' lang='lat' dir='ltr'>ducerent,</span> <span class='ocrx_word' id='word_1_204' title='bbox 1540 1516 1629 1560; x_wconf 83' lang='lat' dir='ltr'>sibi</span> 
     </span>
     <span class='ocr_line' id='line_1_25' title="bbox 144 1571 1628 1640; baseline 0.003 -29"><span class='ocrx_word' id='word_1_205' title='bbox 144 1573 331 1613; x_wconf 77' lang='lat' dir='ltr'>salutem</span> <span class='ocrx_word' id='word_1_206' title='bbox 362 1586 385 1613; x_wconf 88' lang='lat' dir='ltr'>a</span> <span class='ocrx_word' id='word_1_207' title='bbox 418 1571 579 1614; x_wconf 87' lang='lat' dir='ltr'>Messia</span> <span class='ocrx_word' id='word_1_208' title='bbox 607 1574 846 1632; x_wconf 90' lang='lat' dir='ltr'>parandam</span> <span class='ocrx_word' id='word_1_209' title='bbox 876 1590 900 1617; x_wconf 85' lang='lat' dir='ltr'>a</span> <span class='ocrx_word' id='word_1_210' title='bbox 929 1575 1101 1617; x_wconf 86' lang='lat' dir='ltr'>nemine</span> <span class='ocrx_word' id='word_1_211' title='bbox 1132 1574 1267 1617; x_wconf 88' lang='lat' dir='ltr'>adimi</span> <span class='ocrx_word' id='word_1_212' title='bbox 1297 1590 1428 1640; x_wconf 88' lang='lat' dir='ltr'>posse</span> <span class='ocrx_word' id='word_1_213' title='bbox 1461 1580 1628 1616; x_wconf 87' lang='lat' dir='ltr'>temere</span> 
     </span>
     <span class='ocr_line' id='line_1_26' title="bbox 145 1629 1630 1686; baseline 0.003 -18"><span class='ocrx_word' id='word_1_214' title='bbox 145 1629 276 1679; x_wconf 65' lang='lat' dir='ltr'>vulgo</span> <span class='ocrx_word' id='word_1_215' title='bbox 306 1635 512 1685; x_wconf 83' lang='lat' dir='ltr'>putarent</span> <span class='ocrx_word' id='word_1_216' title='bbox 541 1631 602 1686; x_wconf 79' lang='lat' dir='ltr'>(v,</span> <span class='ocrx_word' id='word_1_217' title='bbox 626 1632 784 1675; x_wconf 85' lang='lat' dir='ltr'>Matth.</span> <span class='ocrx_word' id='word_1_218' title='bbox 804 1633 898 1686; x_wconf 83' lang='lat'>3,9.</span> <span class='ocrx_word' id='word_1_219' title='bbox 919 1631 1020 1675; x_wconf 83' lang='lat' dir='ltr'>Joh.</span> <span class='ocrx_word' id='word_1_220' title='bbox 1039 1631 1163 1685; x_wconf 81' lang='lat'><strong>8,33.</strong></span> <span class='ocrx_word' id='word_1_221' title='bbox 1194 1631 1399 1676; x_wconf 77' lang='lat' dir='ltr'>Iustinus</span> <span class='ocrx_word' id='word_1_222' title='bbox 1420 1631 1482 1674; x_wconf 83' lang='lat' dir='ltr'>M.</span> <span class='ocrx_word' id='word_1_223' title='bbox 1506 1631 1630 1678; x_wconf 86' lang='lat' dir='ltr'>Dial.</span> 
     </span>
     <span class='ocr_line' id='line_1_27' title="bbox 146 1685 1630 1746; baseline 0.003 -21"><span class='ocrx_word' id='word_1_224' title='bbox 146 1685 379 1741; x_wconf 82' lang='lat' dir='ltr'>c.Tryph.</span> <span class='ocrx_word' id='word_1_225' title='bbox 412 1686 514 1730; x_wconf 81' lang='lat' dir='ltr'>Jud.</span> <span class='ocrx_word' id='word_1_226' title='bbox 544 1701 582 1730; x_wconf 88' lang='lat' dir='ltr'>c.</span> <span class='ocrx_word' id='word_1_227' title='bbox 603 1689 717 1744; x_wconf 84' lang='lat'><strong>44.).</strong></span> <span class='ocrx_word' id='word_1_228' title='bbox 782 1688 866 1731; x_wconf 84' lang='lat' dir='ltr'>Pro</span> <span class='ocrx_word' id='word_1_229' title='bbox 897 1686 967 1731; x_wconf 80' lang='grc' dir='ltr'>ὅτι</span> <span class='ocrx_word' id='word_1_230' title='bbox 995 1690 1123 1746; x_wconf 89' lang='lat' dir='ltr'>pauci</span> <span class='ocrx_word' id='word_1_231' title='bbox 1160 1686 1262 1731; x_wconf 71' lang='grc' dir='ltr'>ὅσοι</span> <span class='ocrx_word' id='word_1_232' title='bbox 1292 1690 1540 1740; x_wconf 80' lang='lat' dir='ltr'>continent,</span> <span class='ocrx_word' id='word_1_233' title='bbox 1579 1694 1630 1730; x_wconf 87' lang='lat' dir='ltr'>ut</span> 
     </span>
     <span class='ocr_line' id='line_1_28' title="bbox 147 1742 1630 1802; baseline 0.003 -19"><span class='ocrx_word' id='word_1_234' title='bbox 147 1742 268 1796; x_wconf 74' lang='lat' dir='ltr'>Oriy.</span> <span class='ocrx_word' id='word_1_235' title='bbox 298 1743 424 1797; x_wconf 83' lang='lat' dir='ltr'>(item</span> <span class='ocrx_word' id='word_1_236' title='bbox 460 1743 590 1799; x_wconf 85' lang='lat' dir='ltr'>Vulg.</span> <span class='ocrx_word' id='word_1_237' title='bbox 621 1752 666 1788; x_wconf 90' lang='lat' dir='ltr'>et</span> <span class='ocrx_word' id='word_1_238' title='bbox 694 1745 789 1790; x_wconf 87' lang='lat' dir='ltr'>PP.</span> <span class='ocrx_word' id='word_1_239' title='bbox 819 1747 898 1789; x_wconf 87' lang='lat' dir='ltr'>lat.</span> <span class='ocrx_word' id='word_1_240' title='bbox 926 1748 1014 1802; x_wconf 78' lang='lat' dir='ltr'>qui.</span> <span class='ocrx_word' id='word_1_241' title='bbox 1041 1754 1046 1799; x_wconf 89' lang='grc' dir='ltr'>Ι</span> <span class='ocrx_word' id='word_1_242' title='bbox 1074 1747 1146 1789; x_wconf 82' lang='lat'>23.</span> <span class='ocrx_word' id='word_1_243' title='bbox 1174 1744 1298 1787; x_wconf 80' lang='grc' dir='ltr'><em>ὅτοι</em></span> <span class='ocrx_word' id='word_1_244' title='bbox 1326 1748 1427 1799; x_wconf 87' lang='lat' dir='ltr'>sic).</span> <span class='ocrx_word' id='word_1_245' title='bbox 1487 1746 1630 1788; x_wconf 80' lang='lat' dir='ltr'>Facili</span> 
     </span>
     <span class='ocr_line' id='line_1_29' title="bbox 146 1796 1630 1860; baseline 0.003 -21"><span class='ocrx_word' id='word_1_246' title='bbox 146 1812 297 1839; x_wconf 88' lang='lat' dir='ltr'>errore</span> <span class='ocrx_word' id='word_1_247' title='bbox 333 1796 434 1841; x_wconf 82' lang='grc' dir='ltr'>ὅσοι</span> <span class='ocrx_word' id='word_1_248' title='bbox 468 1814 550 1857; x_wconf 92' lang='lat' dir='ltr'>pro</span> <span class='ocrx_word' id='word_1_249' title='bbox 588 1802 660 1844; x_wconf 85' lang='grc' dir='ltr'>ὅτι</span> <span class='ocrx_word' id='word_1_250' title='bbox 696 1818 720 1845; x_wconf 89' lang='lat' dir='ltr'>a</span> <span class='ocrx_word' id='word_1_251' title='bbox 757 1804 959 1846; x_wconf 89' lang='lat' dir='ltr'>librariis</span> <span class='ocrx_word' id='word_1_252' title='bbox 998 1803 1043 1845; x_wconf 94' lang='lat' dir='ltr'>in</span> <span class='ocrx_word' id='word_1_253' title='bbox 1083 1804 1284 1860; x_wconf 88' lang='lat' dir='ltr'>proxime</span> <span class='ocrx_word' id='word_1_254' title='bbox 1322 1818 1630 1859; x_wconf 77' lang='lat' dir='ltr'>praegressum</span> 
     </span>
     <span class='ocr_line' id='line_1_30' title="bbox 148 1855 1633 1917; baseline 0.004 -22"><span class='ocrx_word' id='word_1_255' title='bbox 148 1855 389 1897; x_wconf 86' lang='lat' dir='ltr'>membrum</span> <span class='ocrx_word' id='word_1_256' title='bbox 410 1857 584 1898; x_wconf 84' lang='lat' dir='ltr'>intuitis</span> <span class='ocrx_word' id='word_1_257' title='bbox 606 1860 1010 1917; x_wconf 82' lang='lat' dir='ltr'>scribipotuit(non</span> <span class='ocrx_word' id='word_1_258' title='bbox 1021 1858 1633 1917; x_wconf 74' lang='lat' dir='ltr'>onmesabIsraeleproguati</span> 
     </span>
     <span class='ocr_line' id='line_1_31' title="bbox 149 1911 1632 1974; baseline 0.003 -19"><span class='ocrx_word' id='word_1_259' title='bbox 149 1911 385 1955; x_wconf 85' lang='lat' dir='ltr'>Israelitae</span> <span class='ocrx_word' id='word_1_260' title='bbox 415 1919 518 1954; x_wconf 91' lang='lat' dir='ltr'>sunt</span> <span class='ocrx_word' id='word_1_261' title='bbox 546 1913 855 1958; x_wconf 81' lang='lat' dir='ltr'>Israelitarum</span> <span class='ocrx_word' id='word_1_262' title='bbox 884 1916 987 1974; x_wconf 86' lang='lat' dir='ltr'>jure</span> <span class='ocrx_word' id='word_1_263' title='bbox 1026 1917 1196 1968; x_wconf 87' lang='lat' dir='ltr'>ornati,</span> <span class='ocrx_word' id='word_1_264' title='bbox 1254 1932 1386 1973; x_wconf 76' lang='lat' dir='ltr'>neque</span> <span class='ocrx_word' id='word_1_265' title='bbox 1431 1921 1632 1974; x_wconf 70' lang='lat' dir='ltr'>‹setotquot</span> 
     </span>
     <span class='ocr_line' id='line_1_32' title="bbox 149 1971 1632 2033; baseline 0.001 -21"><span class='ocrx_word' id='word_1_266' title='bbox 149 1971 438 2012; x_wconf 80' lang='lat' dir='ltr'>Abrabamus</span> <span class='ocrx_word' id='word_1_267' title='bbox 460 1973 708 2027; x_wconf 88' lang='lat' dir='ltr'>procreavit</span> <span class='ocrx_word' id='word_1_268' title='bbox 728 1988 877 2015; x_wconf 91' lang='lat' dir='ltr'>omnes</span> <span class='ocrx_word' id='word_1_269' title='bbox 901 1973 1031 2014; x_wconf 88' lang='lat' dir='ltr'>liberi</span> <span class='ocrx_word' id='word_1_270' title='bbox 1051 1979 1153 2015; x_wconf 93' lang='lat' dir='ltr'>sunt</span> <span class='ocrx_word' id='word_1_271' title='bbox 1174 1974 1459 2033; x_wconf 86' lang='lat' dir='ltr'>plenojure).</span> <span class='ocrx_word' id='word_1_272' title='bbox 1520 1974 1632 2016; x_wconf 89' lang='lat' dir='ltr'>For-</span> 
     </span>
     <span class='ocr_line' id='line_1_33' title="bbox 147 2028 1633 2087; baseline 0.003 -19"><span class='ocrx_word' id='word_1_273' title='bbox 147 2032 270 2068; x_wconf 84' lang='lat' dir='ltr'>tasse</span> <span class='ocrx_word' id='word_1_274' title='bbox 298 2028 428 2068; x_wconf 83' lang='lat' dir='ltr'>etiam</span> <span class='ocrx_word' id='word_1_275' title='bbox 462 2041 513 2069; x_wconf 88' lang='lat' dir='ltr'>ex</span> <span class='ocrx_word' id='word_1_276' title='bbox 545 2028 864 2087; x_wconf 85' lang='lat' dir='ltr'>interpretum,</span> <span class='ocrx_word' id='word_1_277' title='bbox 903 2030 978 2086; x_wconf 89' lang='lat' dir='ltr'>qui</span> <span class='ocrx_word' id='word_1_278' title='bbox 1010 2029 1097 2071; x_wconf 90' lang='lat' dir='ltr'>loci</span> <span class='ocrx_word' id='word_1_279' title='bbox 1123 2044 1298 2071; x_wconf 90' lang='lat' dir='ltr'>sensum</span> <span class='ocrx_word' id='word_1_280' title='bbox 1327 2035 1535 2086; x_wconf 77' lang='lat' dir='ltr'>utcunque</span> <span class='ocrx_word' id='word_1_281' title='bbox 1557 2030 1633 2073; x_wconf 88' lang='lat' dir='ltr'>de-</span> 
     </span>
     <span class='ocr_line' id='line_1_34' title="bbox 150 2085 1634 2140; baseline 0.001 -13"><span class='ocrx_word' id='word_1_282' title='bbox 150 2085 456 2140; x_wconf 81' lang='lat' dir='ltr'>scripserunt,</span> <span class='ocrx_word' id='word_1_283' title='bbox 502 2085 884 2128; x_wconf 78' lang='lat' dir='ltr'>observationibus</span> <span class='ocrx_word' id='word_1_284' title='bbox 915 2099 1016 2127; x_wconf 81' lang='grc' dir='ltr'><em>οσοι</em></span> <span class='ocrx_word' id='word_1_285' title='bbox 1044 2087 1088 2127; x_wconf 94' lang='lat' dir='ltr'>in</span> <span class='ocrx_word' id='word_1_286' title='bbox 1115 2092 1358 2129; x_wconf 87' lang='lat' dir='ltr'>contextam</span> <span class='ocrx_word' id='word_1_287' title='bbox 1388 2087 1634 2130; x_wconf 84' lang='lat' dir='ltr'>orationem</span> 
     </span>
     <span class='ocr_line' id='line_1_35' title="bbox 149 2140 1634 2201; baseline 0.002 -18"><span class='ocrx_word' id='word_1_288' title='bbox 149 2141 352 2199; x_wconf 83' lang='lat' dir='ltr'>irrepsit.</span> <span class='ocrx_word' id='word_1_289' title='bbox 392 2142 522 2184; x_wconf 88' lang='lat' dir='ltr'>Certe</span> <span class='ocrx_word' id='word_1_290' title='bbox 544 2140 627 2192; x_wconf 82' lang='grc' dir='ltr'>ὅτι,</span> <span class='ocrx_word' id='word_1_291' title='bbox 656 2144 914 2185; x_wconf 77' lang='lat' dir='ltr'>vocabulum</span> <span class='ocrx_word' id='word_1_292' title='bbox 933 2144 1064 2197; x_wconf 84' lang='lat' dir='ltr'>longe</span> <span class='ocrx_word' id='word_1_293' title='bbox 1085 2144 1361 2200; x_wconf 85' lang='lat' dir='ltr'>aptissimum</span> <span class='ocrx_word' id='word_1_294' title='bbox 1384 2147 1445 2199; x_wconf 78' lang='lat' dir='ltr'>(v.</span> <span class='ocrx_word' id='word_1_295' title='bbox 1460 2147 1634 2201; x_wconf 90' lang='lat' dir='ltr'>supra),</span> 
     </span>
     <span class='ocr_line' id='line_1_36' title="bbox 152 2197 1638 2257; baseline 0.003 -18"><span class='ocrx_word' id='word_1_296' title='bbox 152 2213 174 2239; x_wconf 85' lang='lat' dir='ltr'>a</span> <span class='ocrx_word' id='word_1_297' title='bbox 195 2197 496 2256; x_wconf 83' lang='lat' dir='ltr'>P.prosectum</span> <span class='ocrx_word' id='word_1_298' title='bbox 517 2205 602 2242; x_wconf 88' lang='lat' dir='ltr'>est.</span> <span class='ocrx_word' id='word_1_299' title='bbox 645 2201 851 2255; x_wconf 82' lang='lat' dir='ltr'>(Boern.:</span> <span class='ocrx_word' id='word_1_300' title='bbox 878 2225 934 2232; x_wconf 92' lang='lat'>—-</span> <span class='ocrx_word' id='word_1_301' title='bbox 952 2213 1093 2257; x_wconf 84' lang='lat' dir='ltr'>neque</span> <span class='ocrx_word' id='word_1_302' title='bbox 1111 2201 1158 2243; x_wconf 68' lang='lat' dir='ltr'>ln·</span> <span class='ocrx_word' id='word_1_303' title='bbox 1175 2208 1277 2243; x_wconf 88' lang='lat' dir='ltr'>sunt</span> <span class='ocrx_word' id='word_1_304' title='bbox 1297 2216 1441 2244; x_wconf 89' lang='lat' dir='ltr'>semen</span> <span class='ocrx_word' id='word_1_305' title='bbox 1463 2203 1638 2254; x_wconf 82' lang='lat' dir='ltr'>Abrae,</span> 
     </span>
     <span class='ocr_line' id='line_1_37' title="bbox 152 2256 1636 2315; baseline 0.004 -19"><span class='ocrx_word' id='word_1_306' title='bbox 152 2270 302 2297; x_wconf 91' lang='lat' dir='ltr'>omnes</span> <span class='ocrx_word' id='word_1_307' title='bbox 331 2256 430 2299; x_wconf 78' lang='lat' dir='ltr'>mii.</span> <span class='ocrx_word' id='word_1_308' title='bbox 499 2256 586 2298; x_wconf 83' lang='lat' dir='ltr'>Hic</span> <span class='ocrx_word' id='word_1_309' title='bbox 614 2257 835 2315; x_wconf 84' lang='lat' dir='ltr'>interpres</span> <span class='ocrx_word' id='word_1_310' title='bbox 855 2261 931 2298; x_wconf 85' lang='lat' dir='ltr'>aut</span> <span class='ocrx_word' id='word_1_311' title='bbox 958 2257 1093 2310; x_wconf 80' lang='lat' dir='ltr'>legit,</span> <span class='ocrx_word' id='word_1_312' title='bbox 1130 2264 1207 2300; x_wconf 85' lang='lat' dir='ltr'>aut</span> <span class='ocrx_word' id='word_1_313' title='bbox 1227 2259 1374 2311; x_wconf 78' lang='lat' dir='ltr'>legere</span> <span class='ocrx_word' id='word_1_314' title='bbox 1403 2259 1490 2300; x_wconf 91' lang='lat' dir='ltr'>sibi</span> <span class='ocrx_word' id='word_1_315' title='bbox 1512 2260 1636 2302; x_wconf 76' lang='lat' dir='ltr'>visus</span> 
     </span>
     <span class='ocr_line' id='line_1_38' title="bbox 154 2305 1636 2371; baseline 0.005 -18"><span class='ocrx_word' id='word_1_316' title='bbox 154 2320 247 2356; x_wconf 84' lang='lat' dir='ltr'>est:</span> <span class='ocrx_word' id='word_1_317' title='bbox 287 2310 379 2355; x_wconf 67' lang='lat'><em>0130’</em></span> <span class='ocrx_word' id='word_1_318' title='bbox 419 2305 587 2355; x_wconf 80' lang='grc' dir='ltr'><em>οὗτοί</em></span> <span class='ocrx_word' id='word_1_319' title='bbox 617 2313 705 2356; x_wconf 82' lang='grc' dir='ltr'>εἰσι</span> <span class='ocrx_word' id='word_1_320' title='bbox 739 2314 918 2368; x_wconf 81' lang='grc' dir='ltr'><em>σπέρμα</em></span> <span class='ocrx_word' id='word_1_321' title='bbox 940 2310 1162 2371; x_wconf 70' lang='grc' dir='ltr'>Ἀβραάμ,</span> <span class='ocrx_word' id='word_1_322' title='bbox 1213 2312 1375 2365; x_wconf 81' lang='grc' dir='ltr'><em>πάντες</em></span> <span class='ocrx_word' id='word_1_323' title='bbox 1403 2314 1636 2371; x_wconf 82' lang='grc' dir='ltr'><strong>τέκνα--).</strong></span> 
     </span>
     <span class='ocr_line' id='line_1_39' title="bbox 152 2369 1637 2431; baseline 0.001 -19"><span class='ocrx_word' id='word_1_324' title='bbox 152 2369 256 2412; x_wconf 83' lang='lat' dir='ltr'>Non</span> <span class='ocrx_word' id='word_1_325' title='bbox 287 2384 436 2412; x_wconf 92' lang='lat' dir='ltr'>omnes</span> <span class='ocrx_word' id='word_1_326' title='bbox 466 2371 714 2428; x_wconf 87' lang='lat' dir='ltr'>promiscue</span> <span class='ocrx_word' id='word_1_327' title='bbox 746 2369 1005 2424; x_wconf 74' lang='lat' dir='ltr'>israelitas,</span> <span class='ocrx_word' id='word_1_328' title='bbox 1047 2373 1146 2427; x_wconf 77' lang='lat' dir='ltr'>quia</span> <span class='ocrx_word' id='word_1_329' title='bbox 1177 2372 1478 2414; x_wconf 87' lang='lat' dir='ltr'>Abrahamum</span> <span class='ocrx_word' id='word_1_330' title='bbox 1504 2388 1637 2431; x_wconf 91' lang='lat' dir='ltr'>proa-</span> 
     </span>
     <span class='ocr_line' id='line_1_40' title="bbox 80 2427 1638 2488; baseline 0.003 -19"><span class='ocrx_word' id='word_1_331' title='bbox 80 2466 83 2469; x_wconf 50' lang='grc'><strong>.</strong></span> <span class='ocrx_word' id='word_1_332' title='bbox 154 2441 252 2468; x_wconf 77' lang='lat' dir='ltr'>vum</span> <span class='ocrx_word' id='word_1_333' title='bbox 283 2427 494 2480; x_wconf 86' lang='lat' dir='ltr'>habeant,</span> <span class='ocrx_word' id='word_1_334' title='bbox 533 2428 631 2470; x_wconf 90' lang='lat' dir='ltr'>Deo</span> <span class='ocrx_word' id='word_1_335' title='bbox 655 2427 806 2485; x_wconf 87' lang='lat' dir='ltr'>judice</span> <span class='ocrx_word' id='word_1_336' title='bbox 828 2429 1076 2470; x_wconf 87' lang='lat' dir='ltr'>Abrahami</span> <span class='ocrx_word' id='word_1_337' title='bbox 1107 2429 1225 2471; x_wconf 86' lang='lat' dir='ltr'>lilios</span> <span class='ocrx_word' id='word_1_338' title='bbox 1245 2443 1366 2483; x_wconf 89' lang='lat' dir='ltr'>esse,</span> <span class='ocrx_word' id='word_1_339' title='bbox 1396 2431 1469 2487; x_wconf 89' lang='lat' dir='ltr'>qui</span> <span class='ocrx_word' id='word_1_340' title='bbox 1493 2431 1638 2488; x_wconf 74' lang='lat' dir='ltr'>patris</span> 
     </span>
    </p>

    <p class='ocr_par' dir='ltr' id='par_1_3' title="bbox 153 2482 1641 2883">
     <span class='ocr_line' id='line_1_41' title="bbox 153 2482 1637 2546; baseline 0.005 -22"><span class='ocrx_word' id='word_1_341' title='bbox 153 2482 441 2526; x_wconf 80' lang='lat' dir='ltr'>hereditatem</span> <span class='ocrx_word' id='word_1_342' title='bbox 464 2491 644 2527; x_wconf 88' lang='lat' dir='ltr'>cernant</span> <span class='ocrx_word' id='word_1_343' title='bbox 666 2487 709 2528; x_wconf 80' lang='lat' dir='ltr'>h.</span> <span class='ocrx_word' id='word_1_344' title='bbox 730 2500 769 2529; x_wconf 90' lang='lat' dir='ltr'>e.</span> <span class='ocrx_word' id='word_1_345' title='bbox 792 2486 865 2542; x_wconf 91' lang='lat' dir='ltr'>qui</span> <span class='ocrx_word' id='word_1_346' title='bbox 888 2499 1098 2527; x_wconf 85' lang='lat' dir='ltr'>summam</span> <span class='ocrx_word' id='word_1_347' title='bbox 1121 2486 1374 2528; x_wconf 79' lang='lat' dir='ltr'>felicitatem</span> <span class='ocrx_word' id='word_1_348' title='bbox 1396 2490 1511 2544; x_wconf 79' lang='lat' dir='ltr'>patri</span> <span class='ocrx_word' id='word_1_349' title='bbox 1535 2504 1637 2546; x_wconf 89' lang='lat' dir='ltr'>pro-</span> 
     </span>
     <span class='ocr_line' id='line_1_42' title="bbox 156 2541 1638 2600; baseline 0.004 -19"><span class='ocrx_word' id='word_1_350' title='bbox 156 2541 334 2582; x_wconf 86' lang='lat' dir='ltr'>missam</span> <span class='ocrx_word' id='word_1_351' title='bbox 363 2548 713 2599; x_wconf 82' lang='lat' dir='ltr'>consequantur‚</span> <span class='ocrx_word' id='word_1_352' title='bbox 753 2557 804 2583; x_wconf 77' lang='lat' dir='ltr'>ex</span> <span class='ocrx_word' id='word_1_353' title='bbox 836 2557 886 2583; x_wconf 93' lang='lat' dir='ltr'>eo</span> <span class='ocrx_word' id='word_1_354' title='bbox 921 2542 970 2585; x_wconf 84' lang='lat' dir='ltr'>P.</span> <span class='ocrx_word' id='word_1_355' title='bbox 1001 2543 1161 2593; x_wconf 79' lang='lat' dir='ltr'>efficit,</span> <span class='ocrx_word' id='word_1_356' title='bbox 1190 2542 1305 2600; x_wconf 83' lang='lat' dir='ltr'>quod</span> <span class='ocrx_word' id='word_1_357' title='bbox 1327 2544 1453 2585; x_wconf 83' lang='lat' dir='ltr'>Deus</span> <span class='ocrx_word' id='word_1_358' title='bbox 1475 2546 1638 2591; x_wconf 84' lang='lat' dir='ltr'>Genes.</span> 
     </span>
     <span class='ocr_line' id='line_1_43' title="bbox 156 2599 1638 2658; baseline 0.005 -21"><span class='ocrx_word' id='word_1_359' title='bbox 156 2599 310 2648; x_wconf 74' lang='lat'><strong>2¹‚12.</strong></span> <span class='ocrx_word' id='word_1_360' title='bbox 339 2613 414 2638; x_wconf 85' lang='lat' dir='ltr'>eos</span> <span class='ocrx_word' id='word_1_361' title='bbox 442 2600 630 2640; x_wconf 85' lang='lat' dir='ltr'>liliorum</span> <span class='ocrx_word' id='word_1_362' title='bbox 658 2600 759 2658; x_wconf 85' lang='lat' dir='ltr'>jure</span> <span class='ocrx_word' id='word_1_363' title='bbox 797 2599 1026 2656; x_wconf 87' lang='lat' dir='ltr'>praeditos</span> <span class='ocrx_word' id='word_1_364' title='bbox 1054 2600 1303 2642; x_wconf 87' lang='lat' dir='ltr'>Abrahami</span> <span class='ocrx_word' id='word_1_365' title='bbox 1336 2602 1476 2653; x_wconf 89' lang='lat' dir='ltr'>lilios,</span> <span class='ocrx_word' id='word_1_366' title='bbox 1525 2617 1638 2658; x_wconf 84' lang='lat' dir='ltr'>quos</span> 
     </span>
     <span class='ocr_line' id='line_1_44' title="bbox 156 2654 1637 2711; baseline 0.003 -16"><span class='ocrx_word' id='word_1_367' title='bbox 156 2654 249 2707; x_wconf 73' lang='lat' dir='ltr'>ipse</span> <span class='ocrx_word' id='word_1_368' title='bbox 279 2655 590 2707; x_wconf 76' lang='lat' dir='ltr'>constituisset,</span> <span class='ocrx_word' id='word_1_369' title='bbox 630 2670 712 2697; x_wconf 90' lang='lat' dir='ltr'>non</span> <span class='ocrx_word' id='word_1_370' title='bbox 734 2671 844 2711; x_wconf 85' lang='lat' dir='ltr'>quos</span> <span class='ocrx_word' id='word_1_371' title='bbox 866 2657 1152 2698; x_wconf 84' lang='lat' dir='ltr'>Abrabamus</span> <span class='ocrx_word' id='word_1_372' title='bbox 1173 2658 1421 2709; x_wconf 77' lang='lat' dir='ltr'>genuisset,</span> <span class='ocrx_word' id='word_1_373' title='bbox 1462 2661 1637 2701; x_wconf 78' lang='lat' dir='ltr'>futuros</span> 
     </span>
     <span class='ocr_line' id='line_1_45' title="bbox 157 2713 1641 2767; baseline 0.005 -16"><span class='ocrx_word' id='word_1_374' title='bbox 157 2724 256 2751; x_wconf 85' lang='lat' dir='ltr'>esse</span> <span class='ocrx_word' id='word_1_375' title='bbox 279 2724 357 2767; x_wconf 88' lang='lat' dir='ltr'>per</span> <span class='ocrx_word' id='word_1_376' title='bbox 377 2718 654 2754; x_wconf 84' lang='lat' dir='ltr'>transennam</span> <span class='ocrx_word' id='word_1_377' title='bbox 678 2713 936 2758; x_wconf 82' lang='lat' dir='ltr'>ostenderit.</span> <span class='ocrx_word' id='word_1_378' title='bbox 996 2714 1268 2756; x_wconf 81' lang='lat' dir='ltr'>Arctissiine</span> <span class='ocrx_word' id='word_1_379' title='bbox 1293 2714 1474 2757; x_wconf 83' lang='lat' dir='ltr'>Paulum</span> <span class='ocrx_word' id='word_1_380' title='bbox 1497 2718 1641 2758; x_wconf 83' lang='lat' dir='ltr'>nulla-</span> 
     </span>
     <span class='ocr_line' id='line_1_46' title="bbox 160 2767 1640 2826; baseline 0.005 -18"><span class='ocrx_word' id='word_1_381' title='bbox 160 2782 244 2824; x_wconf 85' lang='lat' dir='ltr'>que</span> <span class='ocrx_word' id='word_1_382' title='bbox 265 2767 524 2825; x_wconf 65' lang='lat' dir='ltr'>interposita</span> <span class='ocrx_word' id='word_1_383' title='bbox 560 2772 679 2812; x_wconf 67' lang='lat' dir='ltr'>mora</span> <span class='ocrx_word' id='word_1_384' title='bbox 711 2771 840 2811; x_wconf 78' lang='lat' dir='ltr'>verba</span> <span class='ocrx_word' id='word_1_385' title='bbox 873 2768 993 2811; x_wconf 70' lang='grc' dir='ltr'>ἀλλ’</span> <span class='ocrx_word' id='word_1_386' title='bbox 1026 2769 1070 2812; x_wconf 80' lang='grc' dir='ltr'>ἑν</span> <span class='ocrx_word' id='word_1_387' title='bbox 1095 2770 1244 2813; x_wconf 82' lang='grc' dir='ltr'><em>Ἰσαὰκ</em></span> <span class='ocrx_word' id='word_1_388' title='bbox 1266 2769 1544 2826; x_wconf 65' lang='grc' dir='ltr'><em>κληθήσεταί</em></span> <span class='ocrx_word' id='word_1_389' title='bbox 1566 2787 1640 2816; x_wconf 90' lang='grc' dir='ltr'>σοι</span> 
     </span>
     <span class='ocr_line' id='line_1_47' title="bbox 160 2822 1641 2883; baseline 0.005 -18"><span class='ocrx_word' id='word_1_390' title='bbox 160 2822 338 2879; x_wconf 78' lang='grc' dir='ltr'><em>σπέρμα</em></span> <span class='ocrx_word' id='word_1_391' title='bbox 359 2827 650 2880; x_wconf 79' lang='lat' dir='ltr'>consociasse,</span> <span class='ocrx_word' id='word_1_392' title='bbox 678 2827 808 2872; x_wconf 85' lang='lat' dir='ltr'>elisio</span> <span class='ocrx_word' id='word_1_393' title='bbox 830 2825 974 2882; x_wconf 78' lang='grc' dir='ltr'>(ἀλλ’</span> <span class='ocrx_word' id='word_1_394' title='bbox 1007 2825 1053 2870; x_wconf 79' lang='grc' dir='ltr'>ἐν</span> <span class='ocrx_word' id='word_1_395' title='bbox 1067 2825 1162 2883; x_wconf 82' lang='grc' dir='ltr'><strong>Ἰσ.)</strong></span> <span class='ocrx_word' id='word_1_396' title='bbox 1185 2827 1328 2883; x_wconf 88' lang='lat' dir='ltr'>docet,</span> <span class='ocrx_word' id='word_1_397' title='bbox 1359 2835 1407 2870; x_wconf 90' lang='lat' dir='ltr'>ut</span> <span class='ocrx_word' id='word_1_398' title='bbox 1426 2830 1641 2872; x_wconf 74' lang='lat' dir='ltr'>falluntur</span> 
     </span>
    </p>
   </div>
  </div>
 </body>
</html>
