1715 3115
158 160 245 203 124
438 159 813 204 EPISTOLA
847 158 947 203 AD
978 160 1342 207 ROMANOS

157 265 365 309 Christus
395 267 696 325 appellaretur
723 263 971 310 variasset?
999 269 1041 322 (l
1061 267 1151 313 Th.
1168 268 1330 323 4‚16.).
1389 268 1541 325 Quare
1567 269 1616 312 in

157 336 207 364 re
230 323 393 363 incerta
425 325 644 377 vulgatam
675 322 904 364 lectionem
934 324 1112 368 retinui.
1171 325 1236 367 Ut
1257 327 1348 382 Ap.
1378 324 1427 368 ἐκ
1453 326 1614 380 νεκρῶν

156 377 341 433 ε’γερεῖ
380 395 417 419 κ.
447 394 484 421 τ.
513 384 583 420 ἂν.
623 375 850 430 σώματα
887 376 925 421 ὑ.
958 380 1101 421 dicere
1126 383 1311 436 potuerit
1340 381 1443 426 Joh.
1470 382 1613 435 3‚19.,

155 448 416 491 quamquam
439 436 513 476 καὶ
538 430 672 487 ὑμᾰς
689 433 792 484 τοὺς
810 434 1000 491 θνητοὺς
1028 436 1167 491 ἐγερεῖ
1197 434 1246 479 ἐκ
1272 440 1455 494 νεκρῶν,
1493 436 1613 494 quod

154 491 197 534 h.
221 492 250 532 l.
270 491 418 548 inepte
438 491 692 547 scripsisset
714 495 774 545 (v.
797 506 837 535 v.
860 494 973 546 10.),
1003 492 1056 533 de
1078 493 1250 546 vulgari
1273 493 1480 550 loquendi
1507 508 1610 536 con·

153 547 384 588 suetudine
398 546 662 589 exarandum
684 547 854 600 suisset,
875 548 981 589 hene
1002 554 1143 590 tamen
1163 550 1321 591 lectum
1342 556 1410 593 est
1429 564 1470 594 V.
1494 549 1610 602 ζωο-

151 601 336 654 ποιήσει
362 603 482 656 (Joh.
505 603 626 656 5‚21.
658 605 679 644 1
702 602 804 647 Cor.
828 605 1024 656 15,22.)‚
1063 619 1172 660 quo,
1213 620 1343 661 quum
1372 606 1490 648 vocis
1519 600 1608 661 ζωή

151 673 193 702 v.
219 659 283 701 10.
305 661 552 701 memoriam
572 667 773 711 renovet,
809 663 1127 715 argumentatio
1157 667 1202 703 et
1230 662 1532 718 adstringatur
1561 666 1607 702 et

150 722 355 758 acuatur:
378 742 431 747 —
461 717 632 756 animus
655 716 765 758 nihil
785 718 868 759 nisi
890 719 1021 759 vitam
1052 717 1183 759 habet
1209 722 1272 773 (v.
1304 720 1411 773 10.).
1465 718 1607 760 Dabit

149 779 294 812 autem
315 773 434 813 Deus
456 774 587 814 vitam
605 772 734 814 etiam
754 774 1011 830 corporibus
1034 774 1193 815 vestris
1211 799 1264 805 -
1283 774 1322 815 si
1343 799 1414 819 —.
1472 774 1607 817 Aliae

146 829 345 870 rationes
366 830 519 870 inanes
541 836 669 881 sunt,
699 830 857 885 quibus
878 830 1006 870 (lucto
1030 828 1167 872 Paulo
1196 828 1470 884 ζωοποιήσει
1493 830 1606 873 scri-

145 884 332 926 bendum
372 886 510 927 fuisse
548 885 815 942 interpretes
855 886 1152 929 crediderunt.
1235 887 1459 942 Theophyl.
1500 889 1603 944 post

146 940 335 997 Chrys:
356 966 410 972 —
437 942 510 983 καὶ
531 939 674 995 ὥςπερ
697 940 858 984 ἐκεῖνον
885 938 1072 1000 ἤγειρεν,
1105 942 1221 985 οὕτω
1246 943 1319 984 καὶ
1348 943 1398 985 σὲ
1427 938 1604 992 πάντως

145 996 175 1038 ἀ
189 1014 208 1037 ν
222 1014 248 1038 α
261 995 360 1053 στή
375 1013 400 1039 σ
414 1013 433 1039 ε
446 1013 485 1048 ι,
532 998 700 1049 μᾶλλον
745 999 793 1041 δὲ
841 998 907 1050 ζω
922 1015 945 1040 ο
958 1013 1024 1039 πο
1037 1015 1052 1039 ι
1066 995 1090 1053 ἡ
1103 1013 1201 1040 σει,
1262 994 1603 1055 Ἀναστήσονται

144 1054 225 1106 μὲν
244 1055 325 1108 γὰρ
345 1053 388 1096 οὶ
416 1052 466 1096 τὸ
495 1056 665 1105 πνεῦμα
695 1052 755 1109 μὴ
785 1050 974 1106 ἔχοντες,
1017 1052 1126 1095 ἀλλ’
1151 1052 1236 1104 εἰς
1263 1051 1523 1104 κόλασιν,
1555 1050 1601 1096 οἱ

145 1111 194 1150 δὲ
213 1112 291 1152 τοῦ
307 1107 555 1160 πνεύματος
575 1109 655 1158 εἰς
688 1109 755 1162 ζω
770 1111 793 1163 η’
806 1127 840 1152 ν.
899 1109 990 1152 Διὰ
1020 1110 1148 1152 τοῦτο
1182 1112 1256 1152 καὶ
1281 1127 1305 1153 ο
1329 1106 1601 1160 ’Λπόστολος

145 1164 224 1206 οῧκ
251 1161 372 1208 εἶπεν
402 1163 714 1221 ἀναστήσει
740 1166 792 1208 τὸ
823 1168 972 1219 σῶμα,
1016 1163 1131 1208 cisso?
1159 1164 1598 1223 ζωοποιήσει-.

141 1223 213 1266 At
237 1221 506 1280 ζωοποιήσει
527 1228 628 1279 post
645 1236 693 1263 ea
719 1238 830 1279 quae
851 1238 890 1267 ν.
912 1225 981 1266 10.
1003 1223 1210 1278 leguntur
1238 1227 1282 1265 et
1308 1229 1489 1281 propter
1520 1222 1599 1264 ad·-

138 1278 253 1336 jectn
276 1294 316 1321 v.
336 1281 408 1321 καὶ
426 1277 481 1320 τὰ
500 1281 566 1321 av
579 1277 677 1335 ητὰ
706 1276 888 1330 σώματα
906 1278 1031 1332 ὑμῶν
1048 1280 1290 1336 simplicem
1318 1281 1431 1322 vitae
1463 1278 1597 1321 cadu-

139 1336 205 1375 cis
227 1336 484 1392 corporibus
511 1335 613 1377 olim
646 1334 857 1378 divinitus
882 1334 1182 1377 concedendae
1209 1336 1426 1378 notionem
1456 1335 1597 1378 conti-

137 1399 241 1433 neat
263 1407 438 1434 necesse
457 1397 548 1443 est3
577 1392 691 1434 vitae
707 1393 992 1448 sempiternae
1010 1398 1054 1434 et
1076 1392 1227 1435 beatae
1251 1392 1594 1446 adsignificatio·

138 1462 235 1489 nem
259 1450 299 1491 h.
320 1450 351 1492 l.
372 1448 601 1506 complecti
622 1449 751 1505 plane
782 1449 933 1504 nequit
953 1448 1054 1493 Gal.
1073 1448 1213 1501 3‚21..
1273 1448 1360 1492 Sed
1389 1448 1594 1491 nimirum

135 1505 244 1546 lineo
283 1506 384 1547 illos
421 1519 524 1546 cura
557 1504 613 1546 ad
644 1505 770 1546 istam
801 1504 1206 1561 interpretationem
1237 1505 1419 1558 detulit,
1455 1519 1509 1547 ne
1537 1502 1593 1551 Ρ.

136 1561 280 1603 Deum
302 1561 509 1614 improbos
530 1561 724 1603 homines
746 1562 790 1602 in
814 1562 943 1603 vitam
966 1561 1271 1603 restituturum
1292 1575 1389 1603 esse
1414 1561 1488 1602 hic
1515 1575 1593 1603 ne-

135 1633 265 1673 gasse
285 1618 529 1669 videretur,
566 1617 609 1659 iu
674 1618 725 1658 uzi
746 1619 1012 1674 Apostolum
1040 1632 1064 1659 o
1101 1618 1244 1660 inione
1272 1617 1410 1659 fuisse
1431 1616 1591 1662 Rueck.

134 1688 276 1732 nuper
305 1673 581 1732 conjectavit.
638 1632 918 1716 llieviviscent
946 1688 1047 1716 vero
1068 1631 1208 1716 gaulo
1230 1673 1379 1733 judice
1408 1687 1494 1715 non
1518 1688 1592 1716 so-

130 1731 222 1773 lum
245 1732 306 1787 pii
327 1730 593 1782 Christiani,
621 1730 697 1772 sed
715 1731 844 1772 etiam
877 1731 1001 1786 impii
1027 1731 1220 1787 cujusvis
1247 1729 1425 1785 generis
1452 1730 1593 1771 homi-

131 1801 212 1829 nes
230 1789 359 1842 (Act.
377 1787 530 1841 24‚15.
560 1786 689 1831 Rom.
719 1787 813 1840 2‚5.
840 1801 908 1843 sq.
940 1789 1007 1830 16.
1039 1788 1190 1840 14‚10.
1220 1787 1250 1827 2
1279 1786 1383 1830 Cor.
1408 1785 1530 1838 5‚10.
1558 1786 1589 1828 2

132 1843 231 1885 Th.
256 1847 345 1895 1‚6.
366 1847 460 1900 sq.)
479 1848 524 1884 et
545 1843 720 1899 quidem
739 1858 825 1899 quo
844 1842 915 1885 die
934 1842 1165 1897 Christus,
1194 1848 1243 1884 ut
1263 1843 1352 1885 Dei
1380 1841 1589 1887 mandatu

129 1902 324 1942 solemne
337 1900 549 1957 judicium
568 1907 788 1951 exerceat,
818 1899 871 1941 de
891 1900 1012 1941 coelo
1045 1904 1289 1942 revertetur
1313 1899 1342 1940 2
1361 1897 1525 1943 Thess.
1545 1899 1588 1951 l,

128 1960 175 2000 7.
198 1959 284 2001 10..
341 1958 456 1999 Tum
475 1970 620 1997 rerum
642 1956 747 1998 ordo
770 1956 838 1998 hic
858 1956 965 1999 erit:
1003 1955 1206 2009 Christo,
1235 1959 1282 1997 ut
1302 1955 1346 1997 in
1366 1960 1585 1997 terrarum

129 2014 277 2055 orbem
315 2012 540 2065 dexeniat,
592 2013 746 2067 magna
783 2027 879 2054 cum
911 2013 1067 2069 pompa
1098 2012 1152 2054 de
1184 2012 1304 2054 coelo
1330 2011 1526 2068 profecto
1555 2012 1582 2053 l

128 2069 220 2113 Th.
240 2072 365 2122 4‚16.
385 2070 596 2126 temporis
616 2074 856 2122 momento,
894 2075 944 2111 ut
970 2082 1052 2126 par
1080 2073 1149 2111 est
1176 2069 1222 2110 in
1251 2082 1300 2110 re
1328 2066 1584 2124 portentosa

128 2131 175 2166 et
213 2141 322 2184 quae
362 2127 580 2167 hominum
606 2131 775 2182 captum
804 2126 933 2178 longe
961 2126 1176 2181 longeque
1205 2130 1407 2181 superet,
1440 2123 1583 2179 primo

128 2182 298 2225 Christi
329 2183 526 2239 potentia
552 2181 670 2226 Phil.
690 2182 814 2234 3,21.
844 2182 907 2239 pii
937 2180 1178 2224 Christiani
1202 2178 1386 2230 mortui,
1421 2177 1582 2221 hucus-

127 2253 212 2294 que
233 2239 277 2280 in
299 2241 418 2280 coelo
439 2239 553 2296 apud
571 2238 792 2281 Christum
816 2239 977 2279 versati
994 2243 1049 2291 (v.
1069 2243 1159 2280 not.
1180 2234 1234 2277 ad
1251 2250 1292 2279 v.
1317 2235 1422 2288 10.),
1441 2249 1580 2276 πνευ-

125 2298 328 2346 ματικοῖς
344 2296 490 2337 amicti
510 2295 821 2351 corporibusin
834 2300 1047 2336 terrarum
1060 2293 1164 2334 orbe
1175 2291 1402 2343 sistentur,
1421 2289 1578 2332 deinde

126 2351 254 2403 probi
276 2352 541 2403 Christiani,
571 2352 612 2392 in
634 2365 813 2407 quorum
831 2353 1013 2391 aetatem
1036 2348 1203 2392 Christi
1224 2347 1392 2389 reditus
1412 2345 1578 2389 incide-

131 2407 213 2456 rit,
259 2408 522 2450 coelestibus
551 2406 826 2463 superinduti
856 2405 1112 2462 corporibus
1141 2404 1350 2446 sublimes
1386 2402 1577 2444 nubibus

129 2459 304 2503 Christo
326 2465 493 2505 obviam
522 2463 851 2520 proficiscentur
881 2462 925 2503 in
954 2476 1097 2502 aerem
1128 2463 1152 2501 l
1181 2460 1269 2503 Th.
1297 2460 1423 2512 4‚16.
1452 2473 1520 2514 sq.
1547 2461 1574 2502 l.

131 2516 234 2560 Cor.
254 2520 398 2569 15,23.
418 2522 489 2563 49.
511 2534 578 2575 sq.
601 2518 716 2561 Phil.
737 2519 859 2569 3‚21.
874 2550 886 2570 ,
924 2524 1143 2575 postremo
1163 2516 1358 2558 homines
1387 2515 1576 2571 improbi

129 2572 242 2614 vitae
270 2575 506 2616 reddentur
532 2580 560 2616 ’Δ
583 2575 668 2619 Th.
693 2577 828 2627 1,10..
897 2573 965 2616 lta
995 2574 1198 2617 Christus
1226 2587 1355 2629 quum
1386 2573 1574 2627 primum

128 2631 379 2681 angelorum
403 2632 658 2687 piorumque
687 2631 918 2672 amicorum
949 2631 1155 2671 comitatu
1187 2630 1229 2670 in
1257 2636 1471 2669 terrarum
1501 2641 1573 2668 or-

127 2687 221 2725 bem
261 2686 479 2727 advenerit
519 2690 708 2728 solemne
752 2688 955 2745 judicium
989 2687 1251 2735 committet,
1296 2699 1380 2739 quo
1411 2683 1572 2724 nemini

129 2755 210 2781 non
235 2756 309 2797 pro
333 2756 494 2783 morum
515 2745 680 2784 ratione
702 2737 911 2799 rependat
930 2742 1133 2784 z'rhess.
1156 2742 1244 2793 1‚7.
1266 2754 1333 2795 sq.
1353 2740 1429 2782 al..
1488 2737 1569 2781 Ce-

128 2802 268 2840 terum
293 2799 368 2854 qui
389 2799 433 2845 h.
450 2799 483 2846 l.
501 2804 545 2840 et
563 2799 617 2840 ad
645 2813 683 2844 v.
705 2802 774 2844 lo.
795 2800 909 2841 dicta
939 2799 1153 2850 tenuerit,
1188 2797 1230 2839 ei
1249 2799 1274 2839 l
1296 2797 1398 2840 Cor.
1419 2795 1570 2850 15,23.
