1715 3115
506 206 665 254 GAP.
704 205 873 253 VIII.
906 206 998 253 Vs.
1027 206 1124 253 23..
1465 208 1547 251 17⁵

88 321 214 361 dmm
238 315 351 373 πρὸς
368 316 423 358 τὰ
452 314 542 358 ἐκεῖ
567 312 826 370 μεταβῆναι.
884 313 998 357 Nam
1026 328 1143 359 voce.
1167 312 1264 370 τὴν
1291 315 1549 374 ἀπαρχὴν

87 393 124 418 τ.
143 391 212 416 nv.
235 374 296 426 ἕχ.
320 388 410 415 rem
440 372 664 414 declarent
692 385 868 412 necesse
900 377 993 422 est,
1032 386 1144 428 quae
1173 386 1251 413 nos
1283 387 1335 414 ne
1366 375 1548 428 ingemi-

88 446 259 474 scamus
281 445 451 472 movere
473 429 632 471 debere
665 427 878 472 videatur.
936 428 1036 471 Non
1069 437 1212 471 antem
1243 429 1398 473 mirum
1430 441 1548 474 osset

86 504 163 532 eos
182 502 376 542 gemere,
416 487 490 544 qui
523 501 665 542 pauca
693 485 903 542 quaedam
935 486 1021 530 div.
1053 487 1239 544 spiritus
1266 488 1375 530 dona
1410 488 1548 541 degn-

85 550 294 589 stassent.
362 544 419 587 Et
457 545 627 601 prolixe
668 543 792 584 nobis
824 543 948 585 Dens
985 545 1188 601 spiritum
1229 559 1266 589 8.
1305 547 1550 603 impertivit

86 603 182 646 Tit,
203 603 315 656 3,6..
376 600 582 644 Praestat
602 601 880 652 sententiam,
912 603 992 656 qua
1017 616 1125 658 opus
1148 607 1230 652 est,
1250 617 1396 644 eornm
1421 619 1550 646 enar-

86 661 227 712 ratio,
271 659 348 716 qui
385 664 466 701 τοῦ
505 657 756 710 πνεύματος
785 658 1023 710 genitivum
1057 659 1350 715 appositionis
1381 661 1549 716 (4,11.)

85 732 186 760 esse
206 717 440 759 voluerunt
466 714 684 771 (Basilius
706 713 765 757 M.
786 714 903 772 Opp.
927 714 1105 767 11,585.
1132 715 1200 758 ed.
1224 718 1385 768 Gara„
1413 719 1549 760 liras-

87 789 205 826 mns,
234 774 284 816 de
303 773 464 825 Brais,
494 772 654 826 Beny„
686 769 806 814 Keil.
828 774 858 815 l.
878 786 914 815 c.
937 787 978 829 p.
1001 774 1100 816 201.
1116 806 1128 825 ,
1168 773 1323 816 ns'iner.
1344 789 1411 828 gr.
1432 775 1549 829 335„

93 830 245 882 Wahl„
266 830 423 872 Rueck.
443 830 541 880 al.):
560 829 637 883 τὴν
665 823 889 885 ἀπαρχὴν,
920 829 1121 872 τουτέστι
1139 829 1189 871 τὸ
1210 831 1382 882 πνεῦμα
1401 847 1551 888 (lucem-

85 902 213 945 qnam
231 887 450 942 primitias
471 887 534 939 (h.
549 900 588 928 e.
614 885 680 926 vel
701 887 864 941 primas
887 886 1053 939 fruges,
1075 887 1234 942 quibus
1259 888 1428 942 integer
1449 904 1551 946 pro-

86 950 268 996 ventus,
308 943 383 999 qui
406 942 670 998 sempiterna
697 942 909 984 felicitate
938 944 1214 996 absolvatur,
1250 946 1382 986 tacite
1415 961 1551 1004 oppo-

86 1005 240 1053 natur,
271 1001 337 1042 vel
359 1000 552 1051 initium,
582 998 696 1054 quod
715 999 769 1039 ad
786 998 836 1042 τὸ
855 999 1002 1048 τέλος,
1034 1000 1063 1043 i.
1086 1015 1124 1043 e.
1142 999 1220 1056 τὴν
1241 1002 1463 1058 σωτηρίαν
1482 1019 1552 1046 re-

87 1059 278 1109 teratur,
310 1057 377 1098 vel
393 1061 588 1110 partem,
630 1069 739 1110 quae
760 1055 812 1096 ad
840 1070 929 1098 rem
957 1062 1112 1109 totam,
1152 1056 1229 1114 τήν
1256 1059 1553 1113 κληρονομίαν

90 1115 161 1170 [τὸ
194 1112 282 1156 πᾶν
308 1113 364 1156 cl.
385 1113 552 1166 Chrys]
582 1113 770 1168 spectet)
797 1113 839 1156 h.
871 1128 908 1156 e.
939 1114 1022 1156 div.
1047 1115 1244 1169 spiritum
1274 1117 1552 1168 possidemus.

88 1171 178 1216 sed
213 1184 425 1227 nusquam
463 1168 512 1212 P.
554 1169 741 1225 spiritus
780 1184 818 1213 s,
860 1169 1066 1211 beneficia
1099 1177 1300 1214 aeternae
1330 1173 1554 1217 beatitatis

87 1233 259 1285 partem
297 1241 396 1269 esse
428 1225 662 1278 indicavit,
712 1225 828 1282 qnod
859 1228 933 1283 qui
966 1234 1176 1284 putarunt
1207 1230 1251 1270 in
1290 1231 1553 1273 arrhabonis

88 1285 326 1337 vocabulo,
356 1283 471 1340 quod
494 1283 630 1325 totius
653 1284 782 1339 pretii
803 1289 971 1337 partem
992 1284 1192 1338 denotet,
1227 1287 1420 1339 argutati
1452 1293 1555 1330 sunt

87 1342 274 1398 (Chrys,
304 1341 358 1382 ad
379 1340 494 1397 Eph.
519 1341 679 1393 l‚l4.).
737 1339 851 1382 Nam
884 1354 966 1381 non
999 1343 1181 1395 arrhae,
1221 1345 1298 1384 sed
1332 1346 1556 1402 metapho-

88 1399 180 1442 rica
203 1399 394 1454 piqnore's
424 1397 746 1449 significatione
777 1394 800 1438 ὁ
829 1395 1034 1452 ἇρῤαβωὶν
1062 1400 1089 1439 2
1111 1400 1211 1442 Cor.
1241 1401 1357 1451 1,22.
1389 1402 1448 1445 al.
1477 1403 1555 1456 (cf.

87 1456 204 1513 Eph.
223 1455 371 1509 4,30.)
399 1456 554 1512 pollet.
613 1453 727 1496 Sunt
753 1454 840 1496 div.
872 1455 1058 1510 spiritus
1084 1456 1288 1498 beneficia
1323 1457 1460 1500 Panlo
1479 1460 1555 1518 ju-

89 1513 484 1565 dice-argumenta,
517 1525 628 1566 quae
647 1511 812 1553 homini
834 1511 888 1552 iis
918 1520 1071 1554 ornato
1100 1519 1144 1555 et
1173 1513 1299 1569 diligi
1329 1530 1377 1557 se
1405 1516 1496 1573 jam
1528 1532 1554 1559 a

87 1570 190 1614 Deo
209 1570 306 1622 5‚4.
328 1569 431 1611 Gal.
457 1570 554 1620 4‚6.
587 1573 630 1609 et
658 1569 753 1625 sore
778 1583 823 1610 se
850 1568 1078 1623 aliquando
1115 1571 1286 1613 beatum
1317 1574 1556 1616 ostendant

88 1628 140 1681 (2
160 1626 261 1669 Cor.
283 1626 406 1678 1,22.
437 1626 480 1680 5,
493 1626 537 1668 5.
568 1624 683 1682 Eph.
714 1627 835 1678 l‚14.
864 1625 1032 1679 4,30.)‚
1070 1641 1152 1669 non
1182 1630 1466 1683 sempiternae
1495 1632 1556 1673 υἱ-

89 1689 164 1728 tae
180 1683 433 1737 primordia.
491 1681 666 1739 Ineptis
695 1697 800 1724 sane
829 1683 1100 1737 argumentis
1126 1684 1262 1726 Keilii
1291 1686 1558 1744 interpreta-

90 1742 156 1783 tio
173 1741 426 1797 impugnata
446 1745 537 1783 est:
568 1754 650 1781 non
675 1740 924 1794 significare
943 1738 1020 1795 τὴν
1042 1739 1244 1797 ἀπαρχήν
1262 1743 1559 1797 arrhabonem,

91 1795 318 1854 felicitatis
337 1801 538 1838 aeternae
560 1797 780 1838 notionem
800 1802 963 1838 temere
985 1798 1180 1854 suppleri
1201 1798 1367 1853 (Reich.
1388 1816 1428 1858 p.
1442 1802 1558 1845 205.:

93 1858 141 1894 at
160 1853 379 1909 primitias
398 1853 494 1906 τῆς
515 1852 648 1909 κληρ
663 1869 792 1905 ονομ
808 1853 862 1894 ία
877 1868 898 1903 ς
923 1853 1009 1894 dici
1030 1869 1101 1895 res
1123 1860 1165 1896 et
1186 1862 1384 1898 contexta
1414 1860 1557 1900 oratio

92 1907 391 1961 ostenderet),
422 1910 596 1961 linguae
616 1910 754 1964 legem
774 1910 1024 1966 postulare,
1054 1916 1102 1952 nt
1120 1912 1199 1953 τοῦ
1218 1914 1466 1965 πνεύματος
1484 1929 1560 1969 ge-

93 1966 260 2007 nitivus
298 1965 528 2019 partita-us
575 1965 656 2007 sit!
704 1966 897 2019 (mich,
949 1966 1085 2020 dut).
1165 1969 1397 2012 Genitivus
1437 1972 1492 2012 ab
1533 1967 1560 2027 ἢ

93 2018 273 2076 ἆ,.·.ιρχι>
294 2025 440 2062 rectus
463 2020 522 2060 ibi
545 2022 843 2063 tantummodo
863 2023 1098 2078 partitivns
1117 2030 1211 2078 est,
1240 2026 1313 2067 uhi
1334 2041 1421 2080 res,
1452 2042 1561 2084 qua-

92 2092 190 2121 rum
214 2078 434 2135 primitiae
454 2077 716 2129 offerantur,
754 2079 1058 2120 memorandae
1086 2087 1210 2133 sunt,
1249 2088 1297 2131 ut
1332 2080 1377 2124 αἱ
1408 2082 1561 2139 ἀπαρ-

89 2136 168 2189 χαὶ
183 2136 262 2176 τοῦ
287 2133 413 2176 σίτου
434 2134 569 2176 Dent.
593 2135 658 2186 18,
670 2135 739 2185 4.,
768 2135 851 2175 τῶν
868 2137 1049 2189 καρπῶν
1068 2138 1146 2191 τῆς
1166 2138 1243 2194 γῆς
1266 2139 1398 2183 Dent.
1419 2141 1561 2193 2122„

92 2192 180 2233 τῶν
217 2187 647 2246 πρωτογεν“νῃ,ιιάτιυν
683 2196 760 2246 τῆς
795 2191 872 2245 γῆς
901 2191 981 2234 Ex.
1006 2193 1184 2241 2:119..
1234 2198 1316 2238 rofi
1343 2199 1560 2252 wvymofi

93 2246 237 2304 Longi
266 2246 438 2292 Pastor.
485 2262 512 2290 ).
532 2248 603 2290 31.
632 2247 700 2291 ed.
732 2248 912 2292 Villois..
974 2249 1059 2290 Sed
1086 2248 1136 2291 τὸ
1170 2252 1350 2304 Πνεῦμα
1377 2267 1561 2308 persona

94 2310 185 2357 est,
217 2319 301 2347 non
321 2319 410 2346 res.
469 2261 525 2345 iit
547 2319 675 2401 guam
695 2306 783 2346 late
807 2310 954 2373 pateat
978 2306 1158 2358 genitivi
1189 2323 1294 2349 usus
1326 2309 1367 2350 in
1403 2313 1560 2362 vulgus

95 2366 282 2405 constat.
351 2360 420 2404 Cf.
448 2361 542 2402 Exo
578 2393 588 2404 .
620 2363 689 2414 25,
702 2363 744 2404 2.
777 2378 823 2404 αι
850 2358 1048 2418 ἀπαρχαί
1081 2378 1169 2414 μην
1200 2366 1422 2421 primitiae
1449 2383 1560 2423 qnae

94 2418 204 2460 mihi
239 2417 479 2470 debentur,
517 2417 657 2462 Dent.
692 2419 841 2470 l2‚11.
874 2421 942 2462 17.
981 2416 1027 2460 αἱ
1068 2417 1264 2473 ἀπαρχαὶ
1292 2424 1376 2462 τῶν
1404 2427 1561 2479 χειρῶν

94 2470 217 2527 ὑμῶν
239 2490 280 2532 p.
304 2489 414 2531 quas
437 2481 608 2516 vestrae
629 2490 780 2517 manus
801 2476 1006 2519 offerunt.
1068 2476 1208 2520 Exod.
1229 2479 1298 2531 22,
1311 2480 1381 2524 25).
1406 2479 1561 2535 ἄπαρ-

84 2530 147 2587 ’χὴ
171 2528 338 2586 ἅλωνας
359 2533 433 2572 καὶ
454 2531 589 2587 ληνοῦ
610 2546 691 2574 σου
711 2547 778 2588 p.‚
810 2548 918 2589 quas
938 2547 1038 2574 area
1070 2538 1142 2574 tua
1171 2541 1215 2575 et
1246 2537 1367 2577 lacus
1397 2552 1561 2595 suppe-

95 2586 256 2632 ditant.
313 2588 512 2630 Gahinus
530 2591 636 2642 (non
663 2589 789 2641 item,
822 2597 867 2630 ut
899 2590 1115 2642 arbitror,
1151 2591 1454 2647 Theodoram,
1487 2610 1561 2637 cu-

93 2641 169 2703 ius
207 2659 248 2689 v.
287 2643 488 2699 ambigua
526 2647 650 2697 sunt)
674 2645 755 2701 τὴν
783 2644 983 2701 ἀπαρχήν
1014 2662 1047 2688 ι’.
1072 2662 1143 2688 mr.
1174 2650 1354 2702 spiritns
1381 2665 1418 2693 S.
1448 2652 1561 2693 liba-

97 2705 266 2753 menta,
298 2715 410 2742 nunc
432 2701 516 2757 piis
540 2701 806 2744 Christianis
826 2703 949 2754 data,
981 2716 1091 2759 quae
1112 2706 1246 2746 multo
1268 2706 1420 2764 majori
1442 2723 1561 2750 men-

97 2769 228 2798 surae
247 2757 372 2798 nobis
394 2755 438 2798 ἐν
459 2756 521 2812 τῷ
543 2755 672 2799 αἰιῦνι
699 2761 759 2816 ’τῷ
782 2759 987 2810 μέλλοντι
1017 2762 1314 2804 concedendae
1331 2756 1473 2806 'tacite
1505 2780 1560 2807 ex

96 2811 282 2856 adverso
300 2818 520 2870 ponantur
540 2815 735 2871 exponit.
781 2817 904 2870 Quae
925 2818 1160 2873 explicatio
1181 2826 1224 2861 et
1247 2820 1437 2885 ineptam
1460 2837 1560 2863 sen-

97 2870 278 2914 tentiam
307 2869 455 2913 fundit
484 2874 759 2928 (quamquam
799 2874 885 2918 ([ῐυ.
911 2874 1090 2929 spiritus
1124 2877 1366 2932 yuttaloes
1396 2879 1563 2933 aspersi
