1715 3115
121 229 205 271 516
396 227 773 270 El’lSTOLA
807 229 906 270 AD
939 227 1306 273 ROMANOS

127 335 255 385 tiam,
287 348 397 390 quae
417 347 524 375 vana
545 338 613 374 est
634 338 678 374 et
699 333 958 389 opinabilis,
994 332 1068 374 sed
1096 333 1311 388 divinam,
1352 350 1461 392 quae
1491 350 1594 380 vcra

129 391 343 446 sapientia
369 396 461 440 est,
499 390 759 446 sapientiam
782 391 1108 446 complectitur,
1145 404 1254 446 quae
1284 394 1444 434 nemini
1473 394 1591 435 inno-

131 450 239 497 tuit,
279 447 365 487 nisi
395 452 624 504 postquam
651 446 855 488 Christus
887 446 938 486 ad
970 447 1165 488 homines
1193 447 1363 501 legatus
1391 455 1459 491 est
1488 444 1594 508 apo*-

131 504 259 546 stolis
277 509 320 544 et
347 504 600 560 prophetis,
642 503 800 559 quibus
821 502 945 545 Deus
973 517 1065 545 eam
1097 503 1259 560 spiritu
1288 518 1324 548 S.
1354 506 1594 563 interprete

130 576 236 602 usus
266 560 512 616 aperuisset
542 562 603 613 (v.
639 562 661 602 l
682 559 783 603 Cor.
809 560 903 613 2,6.
926 584 979 590 —-
1003 562 1072 602 13.
1095 564 1149 602 cl.
1171 559 1266 602 Col.
1288 563 1329 613 2,
1341 562 1384 603 3.
1414 571 1457 603 et
1479 563 1592 620 Eph.

127 617 260 671 3‚5.).
321 617 455 658 Recte
482 617 618 670 igitur
647 615 844 658 doctrina
873 617 1027 660 christ.
1056 615 1099 668 (ὁ
1130 614 1261 670 λόγος
1287 632 1325 658 τ.
1356 619 1406 660 θ.
1437 618 1531 662 Col.
1554 623 1592 673 l,

128 674 200 716 25.
230 675 320 729 sq.)
347 679 524 714 vocatur
549 671 600 714 τὸ
625 672 868 728 μυστήριον
896 687 933 714 τ.
961 676 1006 714 θ.
1037 673 1156 726 (Col.
1182 673 1299 726 2,2.)
1328 688 1491 728 areuna
1507 677 1594 718 Dei

127 730 345 779 doctrina,
392 729 441 770 τὸ
467 727 709 784 μυστήριον
735 732 883 784 (Ιίοηι.
916 730 1110 783 16,25.>,
1158 727 1208 772 τὸ
1236 728 1477 787 μυστήριον
1511 733 1592 774 τοῦ

128 788 331 840 Χριστοῦ
352 787 470 840 (Col.
490 786 607 841 4,3.)
628 791 791 828 secreta
820 787 1036 837 doctrina,
1066 799 1194 842 (sciam
1215 785 1403 828 Christus
1424 787 1592 840 primus

127 842 339 896 evulym-it
367 847 412 883 et
440 840 491 883 τὸ
517 844 761 896 μυστήριον
790 843 870 883 τοῦ
899 840 1154 896 ετῗαγγελίου
1181 841 1314 898 (Eph.
1334 842 1479 897 6,19.)
1508 858 1589 886 ar-

125 913 236 940 cuna
254 899 470 949 doctrina,
491 899 532 941 h.
554 913 590 941 e.
613 899 873 954 eranyelv'um
893 913 974 939 uon
997 903 1227 955 propterea
1241 929 1254 950 ,
1278 898 1394 954 quod
1413 913 1464 941 ea
1484 913 1593 942 non-

125 955 262 996 nullis
282 955 533 997 hominibus
555 955 732 996 celanda
756 955 814 996 sit
837 959 926 1007 (est
951 957 1062 996 enim
1091 957 1353 1010 optandum,
1387 961 1436 997 ut
1461 955 1591 1012 quam

125 1011 305 1066 plurimi
327 1012 515 1052 divinam
537 1014 795 1066 sapientiam
820 1011 988 1052 discant
1007 1019 1049 1052 et
1070 1026 1148 1068 pcr
1170 1025 1263 1053 cam
1288 1011 1474 1054 beentur
1493 1013 1592 1058 Col.

123 1068 222 1118 4‚3.
244 1068 355 1124 Eph.
375 1072 416 1119 c,
433 1071 546 1121 19.),
585 1069 660 1109 sed
683 1069 791 1110 duas
821 1070 875 1109 ob
898 1082 1069 1111 causas.
1129 1067 1245 1110 Nam
1276 1069 1464 1126 primum
1491 1070 1592 1126 qui·

124 1123 221 1165 dem
241 1125 484 1181 sapientiae
502 1125 759 1175 thesauros,
791 1139 900 1181 quos
922 1125 1080 1167 Graeci
1109 1125 1202 1166 suis
1230 1126 1456 1180 mysteriis
1488 1141 1591 1168 con-

122 1181 258 1223 tineri
278 1190 442 1222 temere
464 1187 697 1238 putarunt,
734 1195 881 1223 revera
913 1182 955 1222 iu
983 1196 1031 1223 se
1057 1181 1306 1223 reconditos
1334 1181 1464 1224 habet
1492 1181 1589 1228 Col.

121 1238 233 1287 2‚3..
297 1238 471 1279 Deinde
513 1239 607 1281 sine
647 1239 837 1295 apostoli
868 1245 941 1279 aut
969 1239 1209 1294 prophetae
1239 1238 1470 1294 disciplina
1503 1253 1588 1281 non

124 1294 264 1347 magis
292 1295 495 1348 cognosci
522 1302 691 1351 potest,
734 1309 861 1351 quam
897 1297 1162 1337 Graecorum
1195 1296 1404 1350 mysteria
1441 1294 1588 1338 discas

113 1351 218 1392 >sine
245 1350 523 1393 institutione
553 1352 881 1407 hierophantae.
941 1351 1054 1393 Nam
1082 1367 1160 1408 per
1188 1352 1491 1394 aeternitatem
1525 1353 1587 1396 si-

121 1407 259 1448 lentio
280 1413 394 1449 tecta
414 1408 583 1450 Christi
603 1410 873 1464 temporibus
893 1409 1077 1466 primum
1099 1410 1153 1449 ab
1173 1409 1387 1465 apostolis
1411 1415 1455 1450 et
1483 1423 1586 1466 pro-

123 1464 294 1520 phetiS‚
333 1479 442 1520 quos
463 1465 636 1506 divinus
665 1467 850 1521 spiritus
877 1466 1162 1515 erudit-isset,
1200 1466 1375 1522 penitus
1401 1479 1584 1522 perspe-

121 1526 187 1560 cta
211 1525 276 1561 est
300 1520 396 1565 Col.
419 1523 538 1573 1‚26.
560 1536 628 1577 sq.
657 1521 767 1577 Eph.
788 1522 882 1570 3,3.
912 1522 1039 1564 Rom.
1063 1524 1128 1574 16,
1140 1522 1227 1565 25..
1286 1521 1581 1576 Quamobrem

117 1575 167 1616 τὸ
187 1575 429 1632 μυστήριον
445 1593 483 1618 τ.
504 1580 551 1618 θ.
573 1577 764 1618 abditam
786 1577 872 1619 Dei
893 1578 1152 1634 sapientiam
1172 1578 1384 1632 apostolis
1405 1583 1448 1618 ct
1478 1591 1581 1634 pro-

117 1633 261 1688 phetis
279 1646 303 1672 a
323 1634 412 1677 div.
439 1634 599 1688 spiritu
626 1634 973 1675 extraordinaria
1002 1634 1151 1689 aliqua
1182 1633 1458 1675 institutione
1490 1639 1581 1675 tra-

117 1689 251 1728 ditam
275 1695 391 1731 recte
412 1689 611 1732 definias.
668 1690 725 1731 Et
753 1704 882 1746 quum
911 1691 1106 1732 doctrina
1138 1689 1293 1734 christ.
1319 1694 1364 1731 et
1390 1690 1580 1732 divinam

117 1745 376 1800 sapientiam
408 1747 721 1802 complectatur
749 1754 793 1787 et
824 1756 939 1789 recte
981 1746 1235 1801 mysterium
1274 1751 1476 1798 vocetur,
1532 1747 1579 1788 in

116 1807 290 1858 promtu
311 1808 403 1854 est,
435 1803 658 1859 apostolos
677 1804 777 1843 dum
799 1804 1070 1857 evangelium
1102 1806 1320 1859 exponant
1348 1801 1461 1844 θεοῦ
1494 1816 1579 1844 σο-

118 1855 227 1912 φίαν
248 1858 394 1900 λαλεῖν
411 1858 454 1901 ἐν
472 1858 698 1914 μυστηρίῳ
730 1862 777 1914 (1
796 1859 898 1903 Cor.
925 1861 966 1910 2,
978 1862 1019 1901 7.
1048 1858 1123 1900 ubi
1149 1872 1189 1902 v.
1211 1857 1480 1914 Meyerum)‚
1509 1858 1577 1900 di-

116 1914 259 1955 vinam
278 1915 536 1971 sapientiam
557 1916 729 1955 tradere
752 1917 998 1968 mysterium
1017 1915 1288 1958 enuntiantes
1308 1929 1345 1958 S.
1369 1928 1448 1968 per
1473 1929 1574 1968 my-

112 1970 236 2012 sterii
253 1971 599 2013 enuntiationem.
659 1971 747 2013 Sed
769 1973 964 2014 doctrina
987 1972 1140 2013 christ.
1162 1985 1243 2012 non
1271 1984 1322 2011 ex
1354 1985 1437 2011 uno
1469 1971 1575 2025 dog-

110 2032 226 2067 mate
245 2034 439 2076 constat,
469 2028 545 2069 sed
569 2029 699 2069 multa
723 2029 921 2084 dogmata
944 2029 1161 2080 eontinet,
1193 2041 1303 2083 quae
1322 2027 1477 2084 etipsa
1505 2042 1576 2069 re-

111 2086 181 2123 cte
209 2083 294 2124 dici
320 2080 541 2138 μυστήρια
567 2093 767 2141 apparet.
845 2085 958 2127 Nam
991 2085 1262 2139 evangelium
1291 2082 1438 2124 abdita
1470 2088 1515 2125 et
1545 2098 1573 2126 a

109 2139 198 2182 div.
227 2139 389 2194 spiritu
422 2139 625 2181 discenda
658 2141 742 2183 Dei
772 2143 989 2200 sapientia
1021 2155 1104 2183 non
1138 2145 1280 2192 esset,
1327 2139 1367 2181 si
1395 2140 1571 2194 singula

108 2196 326 2250 evangelii
365 2197 508 2252 capita
550 2198 643 2238 sine
674 2199 808 2240 ‹iix-ini
840 2200 1024 2255 spiritus
1059 2197 1336 2239 institutione
1366 2197 1570 2251 cognosci

107 2261 305 2308 possent.
363 2251 438 2294 Sic
462 2252 511 2296 P.
534 2257 788 2309 mysterium
817 2257 984 2297 vocavit
1015 2267 1216 2297 arcanum
1240 2252 1327 2294 Dei
1357 2252 1410 2294 de
1432 2265 1570 2310 paga-

107 2309 178 2349 nis
206 2322 284 2364 per
308 2308 514 2350 Messinm
547 2311 725 2352 beandis
756 2311 1000 2364 decretum,
1039 2309 1163 2367 cujus
1193 2310 1565 2351 accuratissimam

104 2364 306 2405 notitiam
325 2367 541 2420 apostolis
563 2375 603 2408 et
624 2367 849 2423 prophetis
870 2382 948 2425 per
967 2368 1172 2425 spiritum
1194 2381 1230 2408 s.
1248 2366 1442 2408 dedisset
1453 2365 1566 2422 Eph.

103 2419 146 2472 3,
159 2421 227 2473 5.‚
257 2427 299 2461 et
318 2421 371 2464 zo*
390 2420 632 2476 μυστήριον
650 2425 728 2464 τοῦ
744 2422 997 2479 θελήματος
1012 2425 1092 2465 τοῦ
1109 2422 1223 2465 θεοῦ
1251 2435 1453 2463 arcanum
1476 2423 1565 2464 Dei

103 2490 155 2517 ex
192 2477 417 2518 coelicolis
454 2484 498 2518 et
533 2479 777 2521 hominibus
820 2484 935 2538 piam
974 2487 1018 2522 et
1048 2481 1216 2520 beatam
1247 2479 1453 2520 familiam
1485 2492 1564 2534 per

103 2531 327 2576 Christum
350 2534 535 2576 faciendi
559 2537 815 2588 consilium,
853 2537 967 2592 quod
994 2551 1088 2578 cum
1109 2535 1329 2591 Apostolo
1354 2535 1563 2589 (spiritus

102 2603 139 2632 s.
158 2589 427 2643 interventu)
455 2592 818 2635 communicasset
844 2597 906 2647 (v.
929 2593 1040 2650 Eph.
1064 2593 1157 2645 1‚9.
1189 2605 1258 2647 sq.
1287 2592 1342 2634 el.
1374 2589 1495 2635 Phil.
1515 2593 1559 2644 2,

101 2646 145 2687 9.
165 2660 232 2702 sq.
253 2645 350 2689 Col.
373 2648 492 2699 1,18.
524 2663 590 2704 sq.
621 2649 759 2692 Hebr.
789 2650 854 2701 12,
870 2650 941 2692 22.
971 2653 1070 2705 sq.).
1132 2646 1259 2689 Patet
1286 2647 1422 2700 igitur
1454 2661 1559 2704 apo-

100 2703 239 2744 stolos
267 2717 365 2744 esse
394 2701 653 2755 οἰκονόμους
676 2705 927 2760 μυστηρίων
953 2705 1067 2747 θεοῦ
1092 2707 1139 2758 (l
1168 2704 1270 2747 Cor.
1298 2705 1342 2756 4,
1366 2704 1425 2758 l.)
1453 2717 1555 2756 my-

96 2758 323 2801 cleriorum
343 2759 576 2801 divinorum
595 2761 935 2814 dispensatores,
966 2760 1269 2814 hierophantas
1290 2765 1334 2801 et
1365 2760 1556 2802 hominis

95 2813 248 2856 christ.
286 2817 511 2856 scientiam
549 2820 735 2857 omnium
763 2819 1067 2871 mysteriorum
1095 2816 1342 2870 cognitione
1370 2816 1555 2867 absolvi,

95 2883 353 2925 quamquam
377 2876 497 2914 tanta
526 2873 839 2929 perspicientia
872 2875 965 2917 veri
996 2875 1041 2915 in
1073 2873 1191 2915 solos
1220 2873 1457 2930 prophetas
1481 2885 1552 2914 ca-
