1715 3115
526 167 685 214 cAP.
715 166 844 212 vll.
875 165 969 212 Vs.
1003 166 1179 211 1.-3..
1562 166 1589 206 7

113 279 208 327 est,
238 275 500 318 sententiam
523 275 686 329 gignit:
717 275 787 316 lex
807 288 917 318 mos.
948 273 1137 315 bominis
1165 271 1347 330 ejusque
1378 273 1594 314 sartorum

113 332 381 376 moderatrix
395 339 463 374 est
478 332 684 388 quamdiu
697 331 1022 385 vigeatutlegis
1046 332 1128 372 vim
1151 330 1344 384 haheat),
1368 344 1433 370 ιιυι
1455 346 1504 371 ιιι·
1528 330 1594 371 id-

112 391 246 442 circo,
268 389 383 446 quod
404 403 454 430 ea
477 389 691 430 sententia
714 388 844 429 nimis
864 389 992 445 plana
1015 385 1406 445 eoquejojunasit(
1442 387 1592 437 2'1·ieh.;

114 461 211 489 nam
239 445 495 503 planissima
521 460 692 502 quoque
712 447 929 487 sententia
954 451 1042 486 tum
1065 444 1326 486 enuntianda
1347 453 1430 495 est,
1458 458 1588 499 quum

112 518 165 546 ex
187 504 235 545 ea
255 504 554 557 argumentari
577 502 871 555 decreveris),
912 502 988 542 sed
1016 501 1125 543 duas
1153 501 1208 542 ob
1240 515 1412 543 causas.
1476 500 1589 541 Nam

113 560 301 618 primum
323 559 495 616 quidem
524 558 597 610 Ρ.,
629 559 714 601 nisi
735 560 847 600 sorte
865 559 1191 610 ambiguitatem
1213 559 1428 615 captavit,
1461 558 1590 599 verba

113 618 178 659 sic
208 616 413 658 ordinare
443 616 677 659 debuerat:
700 641 753 648 -
793 613 861 656 ὅτι
890 610 912 654 ὃ
935 616 1088 668 λύμης
1119 613 1195 670 ἐφ’
1222 612 1327 657 ὅσον
1352 613 1508 670 χρόνον
1542 613 1592 670 ζῆ

112 674 227 729 (sive
249 670 319 714 ὅτι
339 671 414 728 ἐφ’
441 670 546 713 ὅσον
563 669 720 726 χρόνον
747 670 798 728 ζῆ
825 667 848 712 ὃ
872 668 1043 723 Νόμος)
1075 671 1268 726 κυριεύει
1296 673 1375 711 τοῦ
1406 667 1590 727 ἀνθρώ-

113 745 229 780 πους
258 730 383 784 (Gal.
404 730 535 783 4,1.).
598 728 770 771 Deinde
790 730 882 784 Ap.
905 728 1148 784 disputatio
1173 742 1255 769 non
1283 727 1383 768 huic
1414 734 1591 769 senten·

73 827 87 838 ,
112 787 202 828 tiae
224 792 431 841 tanquam
455 784 734 828 fundamento
754 791 1055 842 superstructa
1076 791 1168 828 est:
1207 786 1344 839 legem
1375 798 1483 826 mos.
1514 784 1592 826 ho-

113 843 271 885 minem
293 843 536 894 gubernare
566 843 767 898 (Jocccmdiu
794 842 907 884 vivat
935 857 1066 898 neque
1095 841 1254 884 abolita
1282 841 1361 893 sir,
1402 839 1477 882 sed
1510 841 1591 882 liae

112 900 413 941 enuntiatione
437 898 615 940 fundata
637 906 730 942 est:
766 899 906 952 legem
931 912 1037 941 mos.
1058 898 1214 939 homini
1242 898 1442 953 quamdiu
1473 898 1590 940 vivat

114 957 159 1000 h.
185 971 224 999 e.
243 970 373 1011 usque
392 956 448 997 ad
466 954 563 1011 ejus
582 952 758 998 mortem
784 956 1017 1011 imperare.
1087 955 1259 996 nocent
1287 954 1422 1008 igitur
1453 968 1542 996 vss.
1562 956 1591 995 2

113 1014 245 1064 -6.,
286 1026 457 1053 versum
489 1014 529 1055 1.
567 1012 630 1054 sic
657 1011 914 1067 capiendum
944 1025 1063 1054 esse:
1109 1008 1185 1064 ἐφ’
1220 1008 1324 1052 ὅσον
1352 1007 1508 1065 χρόνον
1540 1010 1591 1067 ζῇ

114 1070 214 1112 scil.
257 1063 280 1108 ὃ
318 1062 632 1122 ἅνθρωπος.
708 1068 762 1110 ld
798 1069 940 1125 primo
981 1068 1248 1122 intelligitur
1289 1082 1312 1109 e
1351 1067 1497 1108 verbis
1535 1069 1591 1109 ad

113 1122 192 1181 ἐφ’
215 1122 320 1167 ὅσον
336 1122 493 1179 χρόνον
513 1125 562 1181 ζῇ
583 1140 624 1169 v.
645 1127 685 1168 1.
706 1126 883 1176 relatis,
913 1126 975 1181 τῷ
998 1125 1122 1176 ζῶντι
1143 1122 1269 1175 ἀνδρί
1290 1138 1328 1167 v,
1347 1125 1390 1166 2.
1413 1131 1456 1165 et
1480 1124 1590 1175 ζῶν-

111 1195 188 1230 τος
208 1181 286 1222 τοῦ
305 1178 468 1237 ἀνδρός
486 1195 526 1226 v.
545 1182 613 1235 3.,
642 1182 802 1239 quibus
824 1187 1104 1239 opponuntur
1133 1195 1172 1223 v.
1195 1179 1271 1222 ἐὰν
1303 1181 1349 1223 δὲ
1380 1177 1592 1236 ἀποθάνῃ

112 1234 268 1293 δ’ῖίνήρ
287 1252 327 1281 v.
346 1238 390 1281 2.
412 1239 473 1282 3..
531 1238 646 1281 Nam
677 1253 808 1295 quum
841 1239 1162 1280 matrimonium
1196 1242 1341 1278 mutua
1372 1238 1516 1278 mariti
1546 1243 1594 1279 et

113 1295 264 1336 uxoris
284 1295 474 1336 societas
503 1296 585 1348 sit,
626 1310 736 1352 quae
765 1297 981 1337 alterutro
1012 1302 1183 1336 mortuo
1213 1294 1272 1335 ita
1307 1294 1592 1347 dissolvatur,

113 1359 163 1392 ut
182 1365 322 1407 neque
356 1355 553 1393 mortuus
576 1366 717 1408 neque
743 1358 914 1393 mortuo
944 1357 1173 1407 superstes
1202 1351 1467 1392 matrimonii
1497 1350 1592 1392 vin-

113 1407 228 1448 culis
250 1408 516 1449 constrictus
538 1409 621 1462 sit,
649 1414 766 1449 recte
788 1423 891 1451 sane
916 1406 965 1450 P.
987 1407 1278 1448 universalem
1301 1406 1591 1448 sententiam:

112 1464 210 1515 lege
233 1478 341 1507 mos.
360 1464 567 1506 hominem
587 1465 788 1520 quamdiu
813 1465 927 1506 vivat
957 1463 1075 1517 regi:
1114 1464 1194 1504 hoc
1225 1464 1422 1519 exemplo
1452 1462 1593 1518 expli-

111 1520 227 1562 cuit:
260 1520 506 1561 maritatam
529 1521 755 1562 mulierem
776 1520 864 1563 viro
885 1521 1041 1562 marito
1063 1518 1319 1561 adstrictam
1347 1534 1443 1560 esse
1471 1520 1593 1572 loge:

112 1576 463 1633 quandoquidem
495 1578 642 1619 mariti
674 1583 811 1619 morte
845 1582 936 1618 tum
966 1577 1151 1618 maritus
1181 1582 1270 1618 tum
1302 1590 1412 1616 uxor
1441 1575 1593 1617 matri-

113 1633 247 1675 monii
268 1634 364 1687 lege
387 1634 589 1678 solvitur.
649 1633 779 1690 Quod
810 1640 953 1676 autem
977 1634 1070 1689 A-p.
1101 1633 1257 1674 marito
1288 1640 1456 1674 mortuo
1485 1646 1592 1674 uxo-

112 1704 202 1732 rem
225 1691 373 1746 potius
395 1693 550 1733 marito
569 1691 841 1745 superstitem
867 1704 949 1731 non
974 1689 1165 1747 amplius
1195 1689 1462 1731 matrimonii
1491 1689 1591 1743 lege

113 1747 282 1798 teneri,
320 1761 446 1802 quam
468 1752 680 1789 mortuum
707 1748 914 1789 maritum
936 1745 1028 1804 jam
1059 1746 1110 1788 eft
1141 1746 1239 1800 lege
1270 1748 1461 1787 solutum
1493 1759 1593 1787 esse

114 1801 380 1858 disputavit,
410 1818 491 1844 non
514 1804 918 1860 reprehendendum
940 1810 1032 1854 est,
1062 1809 1153 1844 tum
1176 1804 1378 1859 quoniam
1408 1803 1593 1844 maritus

117 1865 316 1900 mortuus
337 1873 418 1901 non
448 1861 590 1902 minus
623 1860 844 1903 moriendo
874 1859 1142 1901 matrimonii
1170 1861 1341 1901 viuculo
1375 1860 1593 1901 liberatus

116 1920 209 1966 est,
239 1928 366 2013 cz'uam
399 1915 494 1972 ejus
525 1923 664 1959 morte
689 1932 798 1959 uxor
827 1923 896 1958 est
923 1917 964 1958 ei
991 1922 1218 1973 superstes
1249 1917 1460 1968 liberata,
1499 1922 1593 1958 tum

117 1972 219 2028 quia
284 2003 296 2015 .
318 1969 473 2014 idonea
492 1974 622 2014 causa
648 1973 804 2015 ductus
824 1973 962 2014 levari
984 1973 1062 2014 illo
1084 1973 1254 2014 vinculo
1276 1973 1422 2014 mariti
1453 1978 1592 2014 morte

115 2041 294 2070 uxorem
316 2028 356 2069 ei
376 2030 671 2081 superstitem,
702 2044 786 2071 non
808 2029 1011 2070 maritum
1033 2037 1248 2070 mortuum
1270 2032 1345 2071 sua
1375 2037 1512 2071 morte
1536 2028 1594 2070 li-

115 2083 264 2125 berari
287 2086 488 2140 exposuit
507 2088 569 2140 (ν.
593 2091 685 2129 not.
711 2085 766 2126 ad
796 2100 836 2129 v.
854 2088 897 2128 2.
917 2087 998 2138 3.).
1056 2085 1232 2127 Deinde
1260 2086 1444 2129 Paulum
1477 2101 1517 2130 v.
1552 2087 1594 2129 l.

116 2141 354 2195 gubernari
375 2141 472 2195 lege
492 2156 600 2185 mos.
622 2142 831 2183 hominem
862 2141 1063 2197 quamdiu
1092 2143 1205 2184 vit-at
1235 2143 1401 2185 dixisse
1432 2157 1455 2184 e
1488 2157 1527 2187 v,
1548 2143 1595 2186 4.

116 2198 443 2251 cognoscimus,
473 2199 546 2239 ubi
567 2213 659 2239 eam
682 2200 942 2240 sententiam
964 2198 1018 2238 ad
1041 2199 1235 2242 homines
1267 2201 1422 2243 christ.
1451 2199 1594 2256 appli-

116 2269 222 2296 cans
245 2254 319 2295 vit
334 2269 360 2295 a
371 2269 412 2296 m
432 2255 498 2308 iis,
528 2270 654 2311 quam
674 2255 757 2310 qui
777 2270 880 2297 mos.
903 2256 1112 2307 dicarent,
1132 2271 1208 2310 per
1231 2257 1410 2299 occisum
1425 2256 1590 2298 (Vn-isti

118 2325 273 2364 corpus
293 2310 486 2352 ablatum
514 2326 604 2353 esse
630 2318 789 2355 monet.
852 2310 1081 2354 Postremo
1104 2327 1142 2356 v.
1164 2314 1207 2356 5.
1229 2320 1271 2355 et
1291 2316 1333 2355 o.
1357 2328 1446 2354 rem
1473 2328 1595 2354 com—

120 2369 331 2424 probant,
372 2367 445 2408 ubi
473 2370 566 2425 Ap.
599 2369 859 2410 sententiam
892 2384 932 2411 v,
963 2369 1006 2411 4.
1038 2371 1252 2424 prolatam
1284 2372 1459 2411 lirmans
1489 2377 1597 2411 tem-

121 2438 204 2480 pus
219 2456 231 2475 ,
259 2438 343 2479 quo
365 2423 561 2466 homines
583 2426 736 2467 christ.
761 2427 804 2466 in
826 2425 914 2466 rim
935 2425 1096 2480 fuerint
1120 2427 1200 2482 leyi
1224 2442 1325 2470 mos.
1347 2431 1597 2468 consecrata

118 2481 251 2530 (εἰναι
272 2479 315 2521 ὲν
335 2481 389 2535 τῆ
415 2479 545 2536 σαρκί
580 2496 620 2525 v.
653 2483 719 2536 5.)
747 2482 933 2538 tempori
965 2484 1172 2538 opponit,
1211 2498 1288 2539 quo
1314 2498 1371 2525 ea·
1400 2483 1478 2525 illa
1507 2482 1598 2524 vim

119 2536 303 2579 abierint
324 2524 587 2589 (ἆποθανεῖν
607 2541 669 2593 τῷ
690 2537 810 2594 νόμῳ
831 2554 870 2582 v.
893 2540 974 2591 G.)-
1039 2537 1093 2583 V.
1114 2539 1409 2583 Koellnerum.

234 2591 294 2634 V.
316 2594 360 2635 2.
379 2593 422 2636 3.
479 2593 751 2637 Sententiam
783 2610 825 2638 ν.
848 2597 887 2639 l.
919 2597 1212 2651 propositam:
1249 2597 1380 2651 quem
1409 2609 1512 2637 mos.
1546 2594 1598 2635 in

55 2652 58 2656 '
117 2648 378 2690 horninem
418 2653 672 2705 quamdiu
711 2652 860 2694 riva!
898 2653 1137 2705 dominari,
1196 2651 1248 2695 Ρ.
1280 2655 1359 2694 hoc
1400 2652 1600 2707 exemplo

119 2704 347 2747 illustrat:
377 2706 507 2760 quem
529 2710 802 2762 praecipere,
843 2713 887 2750 ut
908 2708 1120 2752 nutritam
1153 2709 1304 2750 mulier
1335 2709 1450 2750 rivo
1483 2723 1592 2749 ma—

119 2761 237 2803 rito
272 2763 484 2805 aden-ma
518 2765 600 2813 ⁸513
647 2766 722 2806 sed
750 2770 913 2806 mortuo
946 2766 1102 2808 mae-iro
1133 2781 1226 2808 eum
1256 2768 1344 2819 leye
1372 2766 1422 2806 de
1450 2764 1605 2807 marito

117 2818 213 2861 tata
229 2831 407 2873 prorsus
429 2820 613 2864 solutum
641 2836 746 2867 csse.
814 2820 1011 2865 Voculae
1044 2820 1152 2879 γάρ,
1193 2823 1296 2878 quia
1327 2822 1499 2865 omniuo
1529 2834 1604 2862 ex-
