1715 3115
140 182 226 226 104
420 178 801 226 EPISTOLA
830 181 931 224 AD
962 180 1322 227 ROMANOS

145 302 250 333 mos.
269 287 502 339 cogitatio,
533 285 612 329 sed
633 287 882 330 observanda·
901 289 1019 332 notio
1042 289 1295 347 primarium
1327 288 1498 347 pondus
1524 290 1598 332 'ne-

147 346 342 388 cessario
367 343 544 386 habeat:
562 366 616 374 -—-
645 345 907 400 supplicium
927 345 1052 389 Deus
1075 346 1127 389 de
1151 345 1337 390 Peccatu
1355 372 1410 379 —-
1427 347 1600 399 sumsit,

148 416 232 444 non
253 406 301 442 ut
322 400 433 453 legis
460 414 567 443 moS.
598 401 806 443 mandam
833 415 1196 458 exsequeremur,
1232 403 1309 445 sed
1335 408 1382 445 ut
1409 404 1598 459 facesse-

146 473 288 502 remus
306 456 418 509 legis
443 470 550 497 moS.
573 461 821 512 praecepta.
881 458 1097 513 Quocirca
1118 460 1248 502 verba
1269 460 1332 501 sic
1358 458 1598 501 ordinanda

147 515 360 556 tuissent:
386 510 456 553 ἵνα
478 509 860 568 πληρώσωμεν
888 514 938 556 τὸ
957 515 1178 568 δικαίωμα
1205 531 1243 557 τ.
1269 532 1318 557 ν..
1377 515 1499 557 Haec
1527 529 1599 556 ar-

148 576 352 624 gumenta
375 582 397 610 e
418 568 564 609 verbis
595 568 721 610 ducta
752 575 875 614 sunt:
912 570 1023 612 addo
1051 573 1138 615 alia
1171 587 1194 614 e
1222 570 1274 615 P.
1301 571 1600 628 disputatione

147 627 354 683 repetita.
412 623 525 666 Nam
549 625 585 665 si
607 639 699 666 cum
719 625 812 668 illis
832 627 1147 684 interpretibus
1170 627 1351 680 seceris,
1378 630 1472 684 Ap.
1502 641 1600 669 ver-

148 697 201 727 su
221 683 264 726 3.
285 688 329 724 et
348 681 394 724 4.
423 678 515 721 τὸν
543 676 639 732 νόμ
657 696 712 722 ον
741 684 834 723 τοῦ
863 681 1190 736 Πνεύματος
1217 683 1412 726 homiues
1441 683 1599 727 christ.

148 753 175 782 a
205 739 302 793 lege
326 737 534 779 Peccatus
563 741 607 778 et
628 735 786 780 Mortis
814 738 1030 782 liberasse
1059 739 1276 794 ostendit,
1311 753 1396 781 nou
1425 744 1600 781 senten-

148 796 255 839 tiam
278 794 490 850 explicat,
521 807 630 848 quae
653 793 771 836 abeo
795 794 865 836 hic
886 796 1138 853 exponenda
1160 801 1254 850 est,
1277 793 1354 838 τὸν
1369 793 1502 848 νόμον
1520 795 1600 836 τοῦ

148 852 407 908 Πνεύματος
425 857 491 913 ,τῆ
506 872 527 905 ς
548 852 664 914 ζωῆ
678 871 699 905 ς
717 855 829 899 illud
847 857 1047 899 effecisse
1067 859 1220 916 (v.2.).
1277 857 1466 901 Accedit
1486 855 1602 913 quod

147 927 214 957 vs.
234 913 276 956 5.
296 920 340 956 et
359 917 400 957 6.
416 949 428 967 ‚
465 917 624 973 quibus
651 916 839 959 debuisse
858 916 907 958 τὸ
937 915 1158 969 δικαίωμα
1181 931 1221 959 τ.
1245 932 1281 957 ν.
1310 914 1602 972 πληροῦσθαι

145 968 192 1012 ἐν
212 965 332 1024 ἡμῖν,
362 975 454 1022 τοῖς
470 972 531 1028 μὴ
553 989 590 1014 κ.
610 986 648 1014 σ.
678 973 1025 1026 περιπατοῦσιν,
1056 968 1168 1013 ἀλλὰ
1197 989 1234 1014 κ.
1255 973 1338 1016 Πν.
1365 986 1407 1016 v.
1425 973 1470 1016 4.
1498 985 1602 1028 pro-

147 1024 303 1077 batur,
333 1027 372 1067 si
395 1028 487 1069 illis
507 1029 848 1086 explicatoribus
869 1028 1163 1085 adstipulatus
1183 1028 1344 1081 fueris,
1372 1041 1467 1070 cum
1495 1041 1536 1071 v.
1555 1028 1601 1071 4.

147 1094 235 1123 non
274 1081 522 1126 cohaerent.
588 1084 761 1138 Quibus
801 1084 922 1125 vitiis
952 1082 1211 1134 declinatis,
1246 1089 1294 1125 ut
1321 1083 1603 1125 acutissimus

145 1139 238 1194 Ap.
257 1142 302 1179 et
320 1147 434 1182 recte
455 1141 661 1196 loquatur
679 1145 724 1181 et
742 1139 964 1181 subtiliter
981 1139 1446 1195 disputethunclocum
1459 1139 1521 1180 sic
1536 1139 1604 1180 in·-

147 1200 385 1251 terpretor.
443 1197 743 1252 Π).ι,’ροῦσθαι
764 1200 905 1238 ratum
920 1194 1017 1249 fieri
1036 1197 1085 1251 (3
1097 1196 1204 1250 Reg.
1222 1196 1264 1247 2,
1275 1195 1347 1239 27.
1363 1195 1392 1236 2
1413 1193 1511 1237 Par.
1531 1195 1604 1248 36,

148 1252 219 1292 21.
232 1251 679 1306 Luc.4,2l.)den0tat
692 1284 703 1304 ,
725 1250 770 1294 ἐν
786 1252 1016 1294 vernaculo
1028 1266 1076 1295 an
1088 1250 1323 1308 respondet
1335 1254 1358 1293 l
1375 1251 1477 1294 Cor.
1490 1252 1605 1303 4,6.,

148 1306 197 1348 τὸ
219 1307 438 1361 δικαίωμα
456 1323 507 1350 ex
529 1323 608 1350 usu
633 1308 757 1352 Paul.
780 1307 994 1363 peculiari
1022 1308 1276 1350 sententiam
1302 1308 1605 1350 absolutorium

150 1363 391 1413 (ulsoelln.
404 1371 447 1406 et
461 1370 551 1408 not.
565 1364 795 1420 1‚333sq.)
816 1365 1009 1406 declarat
1027 1368 1071 1406 et
1088 1364 1295 1406 vocabula
1316 1366 1408 1412 τοῖς
1424 1361 1483 1419 μὴ
1504 1379 1542 1405 κ.
1563 1375 1604 1404 σ.

151 1433 223 1467 m,
264 1417 375 1461 ἀλλὰ
403 1422 571 1469 κ.“Πν.,
610 1435 720 1478 quae
750 1421 975 1474 nonnulli,
1010 1426 1058 1463 ut
1085 1419 1226 1464 Winz.
1254 1425 1299 1462 et
1323 1419 1446 1473 dW.‚
1494 1420 1606 1461 male

150 1476 348 1527 neglecto
384 1478 593 1520 Articulo
631 1478 679 1520 si
705 1502 760 1510 --
785 1492 1054 1533 sequeremur
1086 1481 1334 1530 verterunt,
1383 1476 1605 1518 hominum

152 1533 331 1584 christ,
361 1548 470 1591 quos
494 1548 593 1576 vere
615 1534 679 1576 sic
706 1534 905 1591 appelles
934 1533 1114 1576 indolem
1142 1533 1395 1575 describunt
1423 1535 1483 1588 (v.
1512 1538 1605 1576 not.

152 1588 207 1629 ad
230 1603 268 1633 v.
290 1591 367 1640 L).
421 1590 546 1632 Dicit
566 1596 709 1632 autem
728 1593 822 1646 Ap.
840 1589 1153 1631 absolutoriam
1172 1590 1286 1644 legis
1305 1603 1412 1632 mos.
1432 1593 1606 1630 senten-

152 1645 257 1686 tiam
278 1645 463 1689 edictum
493 1661 579 1702 quo
605 1647 737 1689 vitam
768 1660 846 1703 spo
881 1645 1004 1688 ondit
1030 1644 1134 1689 Lev.
1166 1646 1286 1698 18,5.
1316 1645 1452 1687 Deut.
1482 1644 1605 1697 5‚33.

152 1700 280 1745 Rom.
301 1703 436 1752 10‚5..
495 1702 665 1760 Nempe
687 1702 824 1745 Paulo
877 1701 1065 1744 amnatio
1088 1703 1259 1754 mortis,
1299 1701 1518 1743 absolutio
1545 1700 1606 1742 υἱ-

149 1762 223 1800 tae
264 1759 454 1813 genitrix
492 1764 560 1801 est
596 1758 811 1817 (expende
851 1758 976 1802 Rom.
1007 1758 1277 1810 ,mo—21.
1311 1758 1412 1800 Gal.
1440 1758 1607 1809 3‚21.).

152 1813 264 1869 Legi
284 1830 390 1859 mOS.
410 1816 672 1858 sententiam
691 1815 993 1858 absolutorium
1012 1814 1124 1856 male
1151 1814 1313 1867 tribui,
1343 1814 1444 1870 quia
1466 1813 1608 1854 Mosis

152 1869 387 1927 disciplina
410 1887 549 1928 neque
576 1870 654 1927 τὴν
678 1871 960 1927 δικαιοσύνην
987 1885 1128 1926 neque
1157 1870 1234 1925 τὴν
1266 1868 1378 1926 ζωήν
1405 1869 1606 1925 cuiquam

153 1927 380 1983 impertire
423 1929 616 1985 potuerit
653 1928 715 1983 (3,
727 1929 795 1970 20.
835 1927 937 1971 Gal.
974 1927 1095 1980 3,1l.
1134 1927 1227 1980 21.)
1270 1926 1460 1985 objicere
1501 1925 1608 1968 noli.

155 1983 428 2041 Quamquam
447 1985 559 2026 enim
578 1985 647 2026 lex
680 1999 787 2028 mos.
815 1987 1015 2025 neutram
1046 1998 1136 2026 rem
1170 1983 1328 2038 laryiri·
1347 1982 1511 2039 potuit,
1540 1987 1609 2022 ta-

155 2054 250 2081 men
274 2042 476 2094 spondere
502 2040 749 2082 hominibus
780 2046 871 2081 tum
901 2040 1198 2094 integritatem
1225 2047 1315 2081 tum
1343 2039 1502 2090 vitam,
1532 2040 1610 2078 aut

152 2096 285 2137 vitale
308 2095 527 2149 δικαίωμα
549 2098 604 2139 iis
625 2097 707 2138 sub
729 2097 780 2138 eti
800 2097 912 2151 lege,
936 2111 988 2138 ne
1011 2096 1214 2153 div.jura
1233 2096 1485 2150 migrarent,
1506 2107 1609 2150 pro-

154 2166 315 2208 ponere
349 2154 513 2209 potuit3
561 2153 693 2210 idque
724 2153 830 2195 fecit
856 2152 962 2196 Lev.
994 2154 1061 2205 18,
1075 2152 1135 2196 5..
1205 2151 1335 2194 Nunc
1365 2156 1410 2192 et
1444 2149 1495 2191 τὸ
1536 2151 1610 2190 δι-

155 2207 330 2259 καίωμα
350 2211 429 2250 τοῦ
448 2206 583 2260 νόμου
607 2211 699 2251 loco
717 2210 848 2266 plane
868 2223 946 2250 suo
963 2210 1220 2250 collocatum
1253 2221 1374 2258 esse,
1412 2210 1461 2247 ut
1493 2204 1610 2262 quod

156 2263 210 2304 ad
232 2265 557 2320 praecedentem
580 2266 840 2308 sententiam
859 2264 910 2307 τὸ
939 2261 1152 2307 ἀδύνατον
1177 2264 1257 2305 τοῦ
1287 2259 1424 2316 νόμου
1448 2263 1611 2311 κατέ-

157 2341 366 2385 κρινεν
405 2329 427 2373 ὁ
466 2331 575 2381 θεὸς
614 2330 688 2373 διὰ
719 2329 922 2384 Χριστοῦ
943 2328 1088 2385 Ἰησοῦ
1122 2325 1457 2384 τῆνἎμαρτίαν
1483 2328 1529 2371 ἐν
1556 2329 1611 2384 τῇ

156 2388 288 2442 σαρκί
306 2393 428 2429 acute
450 2389 690 2441 referatur,
727 2394 772 2429 et
799 2390 932 2427 totam
958 2385 1215 2427 sententiam
1245 2385 1408 2440 optime
1437 2398 1612 2440 compa·

158 2451 296 2484 ratam
318 2459 413 2485 esse
435 2445 634 2498 emergit.
688 2442 812 2485 Dicit
831 2443 943 2484 enim
966 2440 1040 2493 P.‚
1072 2456 1201 2497 quum
1223 2442 1293 2482 lex
1323 2454 1430 2484 mos.
1449 2439 1612 2482 Pecca-

156 2505 245 2541 tum
278 2500 528 2542 interimere
559 2515 642 2542 non
664 2499 902 2556 potuisset,
951 2499 1110 2554 quippe
1139 2497 1336 2554 corporis
1366 2497 1540 2538 humani
1566 2497 1611 2540 vi

155 2557 411 2607 debilitata,
451 2556 593 2598 Deum
625 2555 793 2599 Christi
825 2554 959 2611 opera
986 2554 1191 2608 supplicio
1221 2553 1421 2594 assecisse
1451 2552 1611 2595 Pecca-

159 2621 248 2653 tum
271 2612 312 2652 in
336 2626 516 2666 corpore
541 2614 751 2664 humano,
789 2617 837 2651 ut
857 2610 1138 2662 absolutoria,
1179 2624 1288 2666 quae
1318 2609 1449 2651 vitam
1479 2623 1611 2666 spon-

157 2669 304 2721 deret,
341 2669 450 2720 legis
482 2683 588 2710 πως.
619 2667 834 2709 sententia
867 2672 1000 2722 (quae
1031 2666 1164 2707 aDeo
1186 2666 1457 2723 promulgata
1483 2680 1612 2707 even-

160 2733 249 2766 tum
276 2726 433 2766 habere
455 2724 701 2776 debuisset)
722 2724 763 2764 in
788 2722 1034 2764 hominihus
1064 2723 1218 2766 christ.
1239 2727 1334 2763 rata
1359 2720 1505 2773 fieret,
1537 2721 1613 2777 qui

155 2782 314 2833 (fracta
347 2780 556 2836 pestifera
586 2781 782 2834 corporis
809 2779 877 2830 vi,
929 2793 1057 2833 quum
1089 2779 1286 2835 impurus
1314 2778 1511 2835 corporis
1541 2780 1611 2817 in-

157 2838 352 2894 quilinus
374 2837 630 2880 interiectus
651 2838 789 2891 esset)
810 2849 888 2894 pro
913 2835 991 2878 suti
1022 2834 1167 2879 indole
1195 2848 1279 2878 nou
1312 2835 1508 2894 corporis
1535 2847 1613 2892 ap-
