<?xml version="1.0" encoding="UTF-8"?>
<!DOCTYPE html PUBLIC "-//W3C//DTD XHTML 1.0 Transitional//EN"
    "http://www.w3.org/TR/xhtml1/DTD/xhtml1-transitional.dtd">
<html xmlns="http://www.w3.org/1999/xhtml" xml:lang="en" lang="en">
 <head>
  <title>
</title>
<meta http-equiv="Content-Type" content="text/html;charset=utf-8" />
  <meta name='ocr-system' content='tesseract 3.04.00' />
  <meta name='ocr-capabilities' content='ocr_page ocr_carea ocr_par ocr_line ocrx_word'/>
</head>
<body>
  <div class='ocr_page' id='page_1' title='image "./pauliadromanosep02frituoft/pauliadromanosep02frituoft_0572.png"; bbox 0 0 1715 3115; ppageno 0'>
   <div class='ocr_carea' id='block_1_1' title="bbox 678 639 1114 679">
    <p class='ocr_par' dir='ltr' id='par_1_1' title="bbox 678 639 1114 679">
     <span class='ocr_line' id='line_1_1' title="bbox 678 639 1114 679; baseline 0.016 -7"><span class='ocrx_word' id='word_1_1' title='bbox 678 639 1114 679; x_wconf 79' lang='lat' dir='ltr'><strong>EXCURSUS.</strong></span> 
     </span>
    </p>
   </div>
   <div class='ocr_carea' id='block_1_2' title="bbox 210 749 1568 858">
    <p class='ocr_par' dir='ltr' id='par_1_2' title="bbox 210 749 1568 858">
     <span class='ocr_line' id='line_1_2' title="bbox 210 749 1568 823; baseline 0.003 -33"><span class='ocrx_word' id='word_1_2' title='bbox 210 750 272 791; x_wconf 82' lang='lat' dir='ltr'><strong>De</strong></span> <span class='ocrx_word' id='word_1_3' title='bbox 304 752 437 791; x_wconf 74' lang='lat' dir='ltr'><strong>verbis</strong></span> <span class='ocrx_word' id='word_1_4' title='bbox 477 749 639 802; x_wconf 81' lang='grc' dir='ltr'><em>νύσοω,</em></span> <span class='ocrx_word' id='word_1_5' title='bbox 680 749 812 805; x_wconf 80' lang='grc' dir='ltr'>νιξις,</span> <span class='ocrx_word' id='word_1_6' title='bbox 852 752 1022 823; x_wconf 58' lang='grc' dir='ltr'><strong>νυρμός,</strong></span> <span class='ocrx_word' id='word_1_7' title='bbox 1064 749 1127 795; x_wconf 75' lang='grc' dir='ltr'>νῦ</span> <span class='ocrx_word' id='word_1_8' title='bbox 1112 771 1216 808; x_wconf 79' lang='grc' dir='ltr'><strong>μα,</strong></span> <span class='ocrx_word' id='word_1_9' title='bbox 1259 751 1503 796; x_wconf 60' lang='grc' dir='ltr'>κατανύσαι·</span> <span class='ocrx_word' id='word_1_10' title='bbox 1513 757 1568 795; x_wconf 79' lang='lat' dir='ltr'><strong>et</strong></span> 
     </span>
     <span class='ocr_line' id='line_1_3' title="bbox 777 807 1003 858; baseline 0.005 -9"><span class='ocrx_word' id='word_1_11' title='bbox 777 807 1003 858; x_wconf 80' lang='grc' dir='ltr'>κατάνιξις.</span> 
     </span>
    </p>
   </div>
   <div class='ocr_carea' id='block_1_3' title="bbox 594 922 1169 959">
    <p class='ocr_par' dir='ltr' id='par_1_3' title="bbox 594 922 1169 959">
     <span class='ocr_line' id='line_1_4' title="bbox 594 922 1169 959; baseline 0.005 -10"><span class='ocrx_word' id='word_1_12' title='bbox 594 922 688 955; x_wconf 78' lang='lat' dir='ltr'><strong>(vide</strong></span> <span class='ocrx_word' id='word_1_13' title='bbox 711 928 778 950; x_wconf 74' lang='lat' dir='ltr'><strong>not.</strong></span> <span class='ocrx_word' id='word_1_14' title='bbox 803 923 846 951; x_wconf 76' lang='lat' dir='ltr'><strong>ad</strong></span> <span class='ocrx_word' id='word_1_15' title='bbox 869 923 892 952; x_wconf 86' lang='lat'><strong>1.</strong></span> <span class='ocrx_word' id='word_1_16' title='bbox 919 923 1009 952; x_wconf 73' lang='lat' dir='ltr'><strong>Rom.</strong></span> <span class='ocrx_word' id='word_1_17' title='bbox 1038 927 1092 959; x_wconf 78' lang='grc' dir='ltr'><strong>Η,</strong></span> <span class='ocrx_word' id='word_1_18' title='bbox 1109 926 1169 959; x_wconf 81' lang='grc'>8.).</span> 
     </span>
    </p>
   </div>
   <div class='ocr_carea' id='block_1_4' title="bbox 130 1239 1608 1524">
    <p class='ocr_par' dir='ltr' id='par_1_4' title="bbox 130 1239 1608 1521">
     <span class='ocr_line' id='line_1_5' title="bbox 150 1239 1608 1283; baseline 0.002 -11"><span class='ocrx_word' id='word_1_19' title='bbox 150 1265 152 1268; x_wconf 61' lang='grc'>,</span> <span class='ocrx_word' id='word_1_20' title='bbox 230 1242 373 1280; x_wconf 85' lang='lat' dir='ltr'><strong>operae</strong></span> <span class='ocrx_word' id='word_1_21' title='bbox 399 1240 573 1280; x_wconf 87' lang='lat' dir='ltr'><strong>pretium.</strong></span> <span class='ocrx_word' id='word_1_22' title='bbox 583 1245 639 1274; x_wconf 86' lang='lat' dir='ltr'><strong>est</strong></span> <span class='ocrx_word' id='word_1_23' title='bbox 661 1243 786 1283; x_wconf 87' lang='lat' dir='ltr'><strong>paullo</strong></span> <span class='ocrx_word' id='word_1_24' title='bbox 805 1245 1016 1278; x_wconf 76' lang='lat' dir='ltr'><strong>accuratius</strong></span> <span class='ocrx_word' id='word_1_25' title='bbox 1041 1245 1085 1278; x_wconf 84' lang='lat' dir='ltr'><strong>de</strong></span> <span class='ocrx_word' id='word_1_26' title='bbox 1102 1242 1277 1277; x_wconf 89' lang='lat' dir='ltr'><strong>vocabulo</strong></span> <span class='ocrx_word' id='word_1_27' title='bbox 1301 1242 1363 1282; x_wconf 79' lang='grc' dir='ltr'><strong>τῆς</strong></span> <span class='ocrx_word' id='word_1_28' title='bbox 1381 1239 1608 1281; x_wconf 78' lang='grc' dir='ltr'><strong><em>κατανύξεως</em></strong></span> 
     </span>
     <span class='ocr_line' id='line_1_6' title="bbox 138 1285 1606 1334; baseline 0.004 -17"><span class='ocrx_word' id='word_1_29' title='bbox 138 1285 344 1334; x_wconf 79' lang='lat' dir='ltr'><strong>disputare,</strong></span> <span class='ocrx_word' id='word_1_30' title='bbox 384 1296 503 1328; x_wconf 85' lang='lat' dir='ltr'><strong>quum</strong></span> <span class='ocrx_word' id='word_1_31' title='bbox 516 1297 560 1318; x_wconf 89' lang='lat' dir='ltr'><strong>ne</strong></span> <span class='ocrx_word' id='word_1_32' title='bbox 587 1291 708 1326; x_wconf 70' lang='lat' dir='ltr'><strong>gaaeci</strong></span> <span class='ocrx_word' id='word_1_33' title='bbox 736 1292 880 1332; x_wconf 85' lang='lat' dir='ltr'><strong>quidem</strong></span> <span class='ocrx_word' id='word_1_34' title='bbox 906 1293 1142 1332; x_wconf 77' lang='lat' dir='ltr'><strong>interpretes,</strong></span> <span class='ocrx_word' id='word_1_35' title='bbox 1179 1290 1238 1330; x_wconf 84' lang='lat' dir='ltr'><strong>qui</strong></span> <span class='ocrx_word' id='word_1_36' title='bbox 1262 1289 1297 1321; x_wconf 92' lang='lat' dir='ltr'><strong>id</strong></span> <span class='ocrx_word' id='word_1_37' title='bbox 1323 1292 1420 1320; x_wconf 87' lang='lat' dir='ltr'><strong>recte</strong></span> <span class='ocrx_word' id='word_1_38' title='bbox 1447 1297 1471 1321; x_wconf 82' lang='lat' dir='ltr'><strong>a</strong></span> <span class='ocrx_word' id='word_1_39' title='bbox 1494 1291 1606 1323; x_wconf 87' lang='lat' dir='ltr'><strong>verbo</strong></span> 
     </span>
     <span class='ocr_line' id='line_1_7' title="bbox 134 1334 1606 1379; baseline 0.003 -16"><span class='ocrx_word' id='word_1_40' title='bbox 134 1341 354 1365; x_wconf 73' lang='grc' dir='ltr'><em>κατανυσσω</em></span> <span class='ocrx_word' id='word_1_41' title='bbox 390 1335 643 1378; x_wconf 73' lang='lat' dir='ltr'><strong>derivas-sent,</strong></span> <span class='ocrx_word' id='word_1_42' title='bbox 685 1339 851 1370; x_wconf 82' lang='lat' dir='ltr'>vocabuli</span> <span class='ocrx_word' id='word_1_43' title='bbox 883 1340 1058 1370; x_wconf 87' lang='lat' dir='ltr'><strong>rationem</strong></span> <span class='ocrx_word' id='word_1_44' title='bbox 1098 1335 1352 1377; x_wconf 84' lang='lat' dir='ltr'><strong>perspexerint</strong></span> <span class='ocrx_word' id='word_1_45' title='bbox 1393 1337 1450 1373; x_wconf 85' lang='lat' dir='ltr'><strong>(v.</strong></span> <span class='ocrx_word' id='word_1_46' title='bbox 1476 1334 1606 1379; x_wconf 76' lang='lat' dir='ltr'><strong>infra),</strong></span> 
     </span>
     <span class='ocr_line' id='line_1_8' title="bbox 132 1379 1605 1425; baseline -0.001 -14"><span class='ocrx_word' id='word_1_47' title='bbox 132 1379 358 1411; x_wconf 81' lang='lat' dir='ltr'><strong>recentiores</strong></span> <span class='ocrx_word' id='word_1_48' title='bbox 379 1383 498 1412; x_wconf 89' lang='lat' dir='ltr'><strong>antem</strong></span> <span class='ocrx_word' id='word_1_49' title='bbox 524 1382 767 1421; x_wconf 83' lang='lat' dir='ltr'><strong>explicatores</strong></span> <span class='ocrx_word' id='word_1_50' title='bbox 791 1394 906 1424; x_wconf 84' lang='lat' dir='ltr'><strong>neque</strong></span> <span class='ocrx_word' id='word_1_51' title='bbox 928 1385 1027 1417; x_wconf 84' lang='lat' dir='ltr'><strong>vocis</strong></span> <span class='ocrx_word' id='word_1_52' title='bbox 1053 1385 1241 1425; x_wconf 79' lang='lat' dir='ltr'><strong>otiginem,</strong></span> <span class='ocrx_word' id='word_1_53' title='bbox 1267 1381 1496 1423; x_wconf 78' lang='lat' dir='ltr'><strong>paucissimis</strong></span> <span class='ocrx_word' id='word_1_54' title='bbox 1521 1383 1605 1424; x_wconf 86' lang='lat' dir='ltr'><strong>qui..</strong></span> 
     </span>
     <span class='ocr_line' id='line_1_9' title="bbox 132 1424 1602 1471; baseline 0.004 -15"><span class='ocrx_word' id='word_1_55' title='bbox 132 1424 215 1456; x_wconf 82' lang='lat' dir='ltr'><strong>dem</strong></span> <span class='ocrx_word' id='word_1_56' title='bbox 250 1427 431 1466; x_wconf 80' lang='lat' dir='ltr'><strong>exceptis,</strong></span> <span class='ocrx_word' id='word_1_57' title='bbox 475 1427 713 1462; x_wconf 79' lang='lat' dir='ltr'><strong>intellexerint</strong></span> <span class='ocrx_word' id='word_1_58' title='bbox 748 1433 783 1462; x_wconf 89' lang='lat' dir='ltr'><strong>et</strong></span> <span class='ocrx_word' id='word_1_59' title='bbox 819 1432 896 1463; x_wconf 85' lang='lat' dir='ltr'><strong>eius</strong></span> <span class='ocrx_word' id='word_1_60' title='bbox 929 1434 1142 1471; x_wconf 86' lang='lat' dir='ltr'><strong>potestatem</strong></span> <span class='ocrx_word' id='word_1_61' title='bbox 1181 1438 1201 1461; x_wconf 89' lang='lat' dir='ltr'><strong>e</strong></span> <span class='ocrx_word' id='word_1_62' title='bbox 1230 1428 1402 1461; x_wconf 86' lang='lat' dir='ltr'><strong>vocabulo</strong></span> <span class='ocrx_word' id='word_1_63' title='bbox 1435 1429 1602 1462; x_wconf 85' lang='lat' dir='ltr'><strong>hebraico</strong></span> 
     </span>
     <span class='ocr_line' id='line_1_10' title="bbox 130 1474 1600 1524; baseline -0.002 -13"><span class='ocrx_word' id='word_1_64' title='bbox 130 1480 307 1524; x_wconf 58' lang='grc' dir='ltr'><strong>ἏὉἾἿΠ,</strong></span> <span class='ocrx_word' id='word_1_65' title='bbox 340 1474 433 1512; x_wconf 80' lang='lat' dir='ltr'><strong>quod</strong></span> <span class='ocrx_word' id='word_1_66' title='bbox 452 1474 568 1506; x_wconf 85' lang='lat' dir='ltr'>LXX.</span> <span class='ocrx_word' id='word_1_67' title='bbox 587 1476 664 1507; x_wconf 55' lang='lat' dir='ltr'><strong>Jeae.</strong></span> <span class='ocrx_word' id='word_1_68' title='bbox 685 1479 806 1521; x_wconf 83' lang='lat'><strong>29,10.</strong></span> <span class='ocrx_word' id='word_1_69' title='bbox 832 1474 1028 1516; x_wconf 68' lang='grc' dir='ltr'>καταιυξιν</span> <span class='ocrx_word' id='word_1_70' title='bbox 1047 1478 1262 1517; x_wconf 86' lang='lat' dir='ltr'><strong>vertissent,</strong></span> <span class='ocrx_word' id='word_1_71' title='bbox 1284 1477 1320 1507; x_wconf 90' lang='lat' dir='ltr'><strong>et</strong></span> <span class='ocrx_word' id='word_1_72' title='bbox 1343 1474 1446 1506; x_wconf 88' lang='lat' dir='ltr'><strong>Pauli</strong></span> <span class='ocrx_word' id='word_1_73' title='bbox 1471 1475 1600 1517; x_wconf 88' lang='lat' dir='ltr'><strong>dispu-</strong></span> 
     </span>
    </p>
   </div>
   <div class='ocr_carea' id='block_1_5' title="bbox 124 1524 1598 1621">
    <p class='ocr_par' dir='ltr' id='par_1_5' title="bbox 124 1524 1598 1621">
     <span class='ocr_line' id='line_1_11' title="bbox 126 1524 1598 1575; baseline 0.005 -16"><span class='ocrx_word' id='word_1_74' title='bbox 126 1524 264 1560; x_wconf 80' lang='lat' dir='ltr'><strong>tatione</strong></span> <span class='ocrx_word' id='word_1_75' title='bbox 296 1529 417 1568; x_wconf 85' lang='lat' dir='ltr'><strong>potius</strong></span> <span class='ocrx_word' id='word_1_76' title='bbox 442 1528 683 1571; x_wconf 78' lang='lat' dir='ltr'><strong>conjecerim,</strong></span> <span class='ocrx_word' id='word_1_77' title='bbox 715 1541 822 1572; x_wconf 90' lang='lat' dir='ltr'><strong>quam</strong></span> <span class='ocrx_word' id='word_1_78' title='bbox 851 1543 895 1566; x_wconf 93' lang='lat' dir='ltr'><strong>ex</strong></span> <span class='ocrx_word' id='word_1_79' title='bbox 919 1535 1067 1575; x_wconf 78' lang='lat' dir='ltr'><strong>linguae</strong></span> <span class='ocrx_word' id='word_1_80' title='bbox 1095 1534 1234 1574; x_wconf 81' lang='lat' dir='ltr'><strong>legibus</strong></span> <span class='ocrx_word' id='word_1_81' title='bbox 1261 1533 1505 1572; x_wconf 88' lang='lat' dir='ltr'><strong>loquendique</strong></span> <span class='ocrx_word' id='word_1_82' title='bbox 1531 1542 1598 1567; x_wconf 87' lang='lat' dir='ltr'><strong>usu</strong></span> 
     </span>
     <span class='ocr_line' id='line_1_12' title="bbox 124 1575 1596 1621; baseline 0.003 -15"><span class='ocrx_word' id='word_1_83' title='bbox 124 1575 321 1614; x_wconf 80' lang='lat' dir='ltr'><strong>perspicue</strong></span> <span class='ocrx_word' id='word_1_84' title='bbox 345 1576 585 1608; x_wconf 84' lang='lat' dir='ltr'><strong>ostenderint.</strong></span> <span class='ocrx_word' id='word_1_85' title='bbox 634 1578 701 1616; x_wconf 80' lang='lat' dir='ltr'><strong>Qui</strong></span> <span class='ocrx_word' id='word_1_86' title='bbox 727 1589 833 1619; x_wconf 88' lang='lat' dir='ltr'><strong>quum</strong></span> <span class='ocrx_word' id='word_1_87' title='bbox 861 1589 1014 1621; x_wconf 58' lang='grc' dir='ltr'><strong>,Ἷῃ-,ηῃ</strong></span> <span class='ocrx_word' id='word_1_88' title='bbox 1043 1588 1224 1621; x_wconf 82' lang='lat' dir='ltr'><strong>soporem,</strong></span> <span class='ocrx_word' id='word_1_89' title='bbox 1249 1580 1445 1611; x_wconf 75' lang='lat' dir='ltr'><strong>veternum</strong></span> <span class='ocrx_word' id='word_1_90' title='bbox 1467 1580 1596 1611; x_wconf 83' lang='lat' dir='ltr'><strong>notare</strong></span> 
     </span>
    </p>
   </div>
   <div class='ocr_carea' id='block_1_6' title="bbox 87 1623 1593 2922">
    <p class='ocr_par' dir='ltr' id='par_1_6' title="bbox 87 1623 1593 2922">
     <span class='ocr_line' id='line_1_13' title="bbox 122 1623 1593 1677; baseline 0.004 -15"><span class='ocrx_word' id='word_1_91' title='bbox 122 1629 394 1674; x_wconf 79' lang='lat' dir='ltr'><strong>meminissent,</strong></span> <span class='ocrx_word' id='word_1_92' title='bbox 423 1633 513 1663; x_wconf 86' lang='lat' dir='ltr'><strong>hanc</strong></span> <span class='ocrx_word' id='word_1_93' title='bbox 539 1633 612 1664; x_wconf 87' lang='lat' dir='ltr'><strong>vim</strong></span> <span class='ocrx_word' id='word_1_94' title='bbox 639 1632 680 1677; x_wconf 77' lang='grc' dir='ltr'><strong>τῆ</strong></span> <span class='ocrx_word' id='word_1_95' title='bbox 705 1629 896 1672; x_wconf 70' lang='grc' dir='ltr'>κατανύξει</span> <span class='ocrx_word' id='word_1_96' title='bbox 906 1623 1078 1668; x_wconf 76' lang='lat' dir='ltr'><strong>tribuere</strong></span> <span class='ocrx_word' id='word_1_97' title='bbox 1101 1643 1170 1666; x_wconf 92' lang='lat' dir='ltr'><strong>non</strong></span> <span class='ocrx_word' id='word_1_98' title='bbox 1191 1635 1460 1677; x_wconf 85' lang='lat' dir='ltr'><strong>dubitaverunt,</strong></span> <span class='ocrx_word' id='word_1_99' title='bbox 1485 1644 1593 1675; x_wconf 88' lang='lat' dir='ltr'><strong>quum</strong></span> 
     </span>
     <span class='ocr_line' id='line_1_14' title="bbox 120 1677 1591 1721; baseline 0.003 -13"><span class='ocrx_word' id='word_1_100' title='bbox 120 1677 340 1717; x_wconf 78' lang='lat' dir='ltr'><strong>praesertim</strong></span> <span class='ocrx_word' id='word_1_101' title='bbox 365 1685 444 1709; x_wconf 86' lang='lat' dir='ltr'><strong>eam</strong></span> <span class='ocrx_word' id='word_1_102' title='bbox 464 1679 642 1711; x_wconf 88' lang='lat' dir='ltr'><strong>notionem</strong></span> <span class='ocrx_word' id='word_1_103' title='bbox 663 1681 764 1712; x_wconf 82' lang='lat' dir='ltr'><strong>Pauli</strong></span> <span class='ocrx_word' id='word_1_104' title='bbox 791 1682 988 1721; x_wconf 80' lang='lat' dir='ltr'><strong>disputatio</strong></span> <span class='ocrx_word' id='word_1_105' title='bbox 1014 1682 1204 1714; x_wconf 88' lang='lat' dir='ltr'><strong>admittere</strong></span> <span class='ocrx_word' id='word_1_106' title='bbox 1223 1681 1420 1712; x_wconf 84' lang='lat' dir='ltr'><strong>videretur.</strong></span> <span class='ocrx_word' id='word_1_107' title='bbox 1469 1681 1591 1719; x_wconf 82' lang='lat' dir='ltr'><strong>Quare</strong></span> 
     </span>
     <span class='ocr_line' id='line_1_15' title="bbox 118 1718 1590 1769; baseline 0.005 -17"><span class='ocrx_word' id='word_1_108' title='bbox 118 1718 186 1762; x_wconf 81' lang='grc' dir='ltr'><strong>τὴν</strong></span> <span class='ocrx_word' id='word_1_109' title='bbox 213 1718 409 1760; x_wconf 76' lang='grc' dir='ltr'><strong>καιάνυξιν</strong></span> <span class='ocrx_word' id='word_1_110' title='bbox 433 1727 497 1756; x_wconf 85' lang='lat' dir='ltr'><strong>aut</strong></span> <span class='ocrx_word' id='word_1_111' title='bbox 521 1733 543 1756; x_wconf 90' lang='lat' dir='ltr'><strong>a</strong></span> <span class='ocrx_word' id='word_1_112' title='bbox 569 1722 848 1769; x_wconf 72' lang='grc' dir='ltr'>καικιισπὲζω,</span> <span class='ocrx_word' id='word_1_113' title='bbox 874 1729 1149 1760; x_wconf 75' lang='lat' dir='ltr'><strong>obdormiscere</strong></span> <span class='ocrx_word' id='word_1_114' title='bbox 1174 1726 1322 1764; x_wconf 59' lang='lat' dir='ltr'><strong>(Waltz.</strong></span> <span class='ocrx_word' id='word_1_115' title='bbox 1348 1727 1384 1758; x_wconf 88' lang='lat' dir='ltr'><strong>in</strong></span> <span class='ocrx_word' id='word_1_116' title='bbox 1409 1726 1494 1763; x_wconf 83' lang='lat' dir='ltr'><strong>Cl.‚)</strong></span> <span class='ocrx_word' id='word_1_117' title='bbox 1525 1730 1590 1760; x_wconf 84' lang='lat' dir='ltr'><strong>aut</strong></span> 
     </span>
     <span class='ocr_line' id='line_1_16' title="bbox 115 1763 1588 1812; baseline 0.003 -12"><span class='ocrx_word' id='word_1_118' title='bbox 115 1775 142 1800; x_wconf 79' lang='lat' dir='ltr'><strong>a</strong></span> <span class='ocrx_word' id='word_1_119' title='bbox 166 1763 242 1799; x_wconf 79' lang='grc' dir='ltr'><strong>νῦω</strong></span> <span class='ocrx_word' id='word_1_120' title='bbox 267 1769 308 1806; x_wconf 88' lang='grc' dir='ltr'>(ἰ.</span> <span class='ocrx_word' id='word_1_121' title='bbox 328 1779 361 1811; x_wconf 85' lang='lat' dir='ltr'><strong>q.</strong></span> <span class='ocrx_word' id='word_1_122' title='bbox 382 1766 494 1808; x_wconf 81' lang='grc' dir='ltr'><em>νεύω)</em></span> <span class='ocrx_word' id='word_1_123' title='bbox 520 1773 647 1811; x_wconf 73' lang='lat' dir='ltr'><strong>capite</strong></span> <span class='ocrx_word' id='word_1_124' title='bbox 672 1775 811 1805; x_wconf 78' lang='lat' dir='ltr'><strong>nutare</strong></span> <span class='ocrx_word' id='word_1_125' title='bbox 837 1775 1104 1806; x_wconf 78' lang='lat' dir='ltr'><strong>dormitantem</strong></span> <span class='ocrx_word' id='word_1_126' title='bbox 1128 1772 1266 1810; x_wconf 62' lang='lat' dir='ltr'><strong>carot„</strong></span> <span class='ocrx_word' id='word_1_127' title='bbox 1295 1773 1424 1805; x_wconf 73' lang='lat' dir='ltr'><strong>Reich.</strong></span> <span class='ocrx_word' id='word_1_128' title='bbox 1417 1794 1438 1812; x_wconf 91' lang='lat'><strong>.,</strong></span> <span class='ocrx_word' id='word_1_129' title='bbox 1466 1772 1588 1811; x_wconf 77' lang='lat' dir='ltr'><strong>Olsh.)</strong></span> 
     </span>
     <span class='ocr_line' id='line_1_17' title="bbox 116 1813 1588 1860; baseline 0.003 -14"><span class='ocrx_word' id='word_1_130' title='bbox 116 1813 310 1847; x_wconf 84' lang='lat' dir='ltr'><strong>duxeruut.</strong></span> <span class='ocrx_word' id='word_1_131' title='bbox 365 1816 433 1855; x_wconf 79' lang='lat' dir='ltr'><strong>Qui</strong></span> <span class='ocrx_word' id='word_1_132' title='bbox 458 1820 623 1848; x_wconf 86' lang='lat' dir='ltr'><strong>nentrum</strong></span> <span class='ocrx_word' id='word_1_133' title='bbox 649 1821 747 1850; x_wconf 89' lang='lat' dir='ltr'><strong>recte</strong></span> <span class='ocrx_word' id='word_1_134' title='bbox 779 1820 846 1851; x_wconf 88' lang='lat' dir='ltr'><strong>dici</strong></span> <span class='ocrx_word' id='word_1_135' title='bbox 873 1819 1070 1860; x_wconf 83' lang='lat' dir='ltr'><strong>vidissent,</strong></span> <span class='ocrx_word' id='word_1_136' title='bbox 1102 1821 1164 1850; x_wconf 86' lang='lat' dir='ltr'><strong>aut</strong></span> <span class='ocrx_word' id='word_1_137' title='bbox 1189 1818 1414 1850; x_wconf 79' lang='lat' dir='ltr'><strong>Hellenistz‘s</strong></span> <span class='ocrx_word' id='word_1_138' title='bbox 1438 1813 1588 1850; x_wconf 79' lang='grc' dir='ltr'><strong>νύσσειν</strong></span> 
     </span>
     <span class='ocr_line' id='line_1_18' title="bbox 113 1858 1587 1918; baseline 0.004 -27"><span class='ocrx_word' id='word_1_139' title='bbox 113 1859 211 1893; x_wconf 83' lang='lat' dir='ltr'><strong>idem</strong></span> <span class='ocrx_word' id='word_1_140' title='bbox 250 1862 343 1902; x_wconf 86' lang='lat' dir='ltr'><strong>quod</strong></span> <span class='ocrx_word' id='word_1_141' title='bbox 373 1858 559 1899; x_wconf 66' lang='grc' dir='ltr'><strong>νυστάζειν</strong></span> <span class='ocrx_word' id='word_1_142' title='bbox 591 1866 628 1895; x_wconf 90' lang='lat' dir='ltr'><strong>et</strong></span> <span class='ocrx_word' id='word_1_143' title='bbox 660 1875 724 1904; x_wconf 76' lang='grc' dir='ltr'><strong>την</strong></span> <span class='ocrx_word' id='word_1_144' title='bbox 758 1862 953 1914; x_wconf 48' lang='grc' dir='ltr'>κἀτιὶιυξιν</span> <span class='ocrx_word' id='word_1_145' title='bbox 985 1865 1007 1897; x_wconf 91' lang='lat' dir='ltr'><strong>i.</strong></span> <span class='ocrx_word' id='word_1_146' title='bbox 1032 1874 1065 1905; x_wconf 86' lang='lat' dir='ltr'><strong>q.</strong></span> <span class='ocrx_word' id='word_1_147' title='bbox 1097 1862 1162 1897; x_wconf 77' lang='grc' dir='ltr'><strong>τὸν</strong></span> <span class='ocrx_word' id='word_1_148' title='bbox 1181 1859 1401 1918; x_wconf 77' lang='grc' dir='ltr'><em>νυσταγμόν</em></span> <span class='ocrx_word' id='word_1_149' title='bbox 1425 1864 1587 1898; x_wconf 78' lang='lat' dir='ltr'><strong>valuisse</strong></span> 
     </span>
     <span class='ocr_line' id='line_1_19' title="bbox 113 1905 1580 1961; baseline 0.003 -23"><span class='ocrx_word' id='word_1_150' title='bbox 113 1906 231 1943; x_wconf 83' lang='lat' dir='ltr'><strong>(Lud.</strong></span> <span class='ocrx_word' id='word_1_151' title='bbox 268 1907 511 1961; x_wconf 76' lang='lat' dir='ltr'><strong>Cappellus),</strong></span> <span class='ocrx_word' id='word_1_152' title='bbox 557 1910 640 1949; x_wconf 87' lang='lat' dir='ltr'><strong>quia</strong></span> <span class='ocrx_word' id='word_1_153' title='bbox 676 1911 712 1944; x_wconf 87' lang='grc' dir='ltr'><strong>1ιί</strong></span> <span class='ocrx_word' id='word_1_154' title='bbox 744 1907 891 1944; x_wconf 71' lang='grc' dir='ltr'><strong>νύσσειν</strong></span> <span class='ocrx_word' id='word_1_155' title='bbox 924 1914 961 1944; x_wconf 88' lang='lat' dir='ltr'><strong>et</strong></span> <span class='ocrx_word' id='word_1_156' title='bbox 997 1908 1061 1951; x_wconf 79' lang='grc' dir='ltr'><strong>τὴν</strong></span> <span class='ocrx_word' id='word_1_157' title='bbox 1094 1906 1292 1946; x_wconf 77' lang='grc' dir='ltr'><em>καῑιὲνυξιν</em></span> <span class='ocrx_word' id='word_1_158' title='bbox 1324 1910 1422 1943; x_wconf 83' lang='lat' dir='ltr'><strong>male</strong></span> <span class='ocrx_word' id='word_1_159' title='bbox 1446 1918 1467 1942; x_wconf 89' lang='lat' dir='ltr'><strong>a</strong></span> <span class='ocrx_word' id='word_1_160' title='bbox 1493 1905 1580 1952; x_wconf 80' lang='grc' dir='ltr'><em>νύω,</em></span> 
     </span>
     <span class='ocr_line' id='line_1_20' title="bbox 109 1948 1580 2003; baseline 0.004 -20"><span class='ocrx_word' id='word_1_161' title='bbox 109 1948 226 1993; x_wconf 66' lang='grc' dir='ltr'>ιύζω,</span> <span class='ocrx_word' id='word_1_162' title='bbox 267 1949 430 1990; x_wconf 76' lang='grc' dir='ltr'>νυσιιῖζω</span> <span class='ocrx_word' id='word_1_163' title='bbox 464 1957 698 1995; x_wconf 81' lang='lat' dir='ltr'><strong>repetiissent</strong></span> <span class='ocrx_word' id='word_1_164' title='bbox 732 1958 892 2003; x_wconf 77' lang='lat' dir='ltr'><strong>(Kopp.,</strong></span> <span class='ocrx_word' id='word_1_165' title='bbox 927 1958 1121 1991; x_wconf 69' lang='lat' dir='ltr'><strong>Sclzleusn.</strong></span> <span class='ocrx_word' id='word_1_166' title='bbox 1155 1959 1244 1988; x_wconf 83' lang='lat' dir='ltr'><strong>Lex.</strong></span> <span class='ocrx_word' id='word_1_167' title='bbox 1267 1957 1310 1987; x_wconf 86' lang='lat' dir='ltr'><strong>N.</strong></span> <span class='ocrx_word' id='word_1_168' title='bbox 1337 1957 1377 1988; x_wconf 91' lang='grc' dir='ltr'><strong>Τ.</strong></span> <span class='ocrx_word' id='word_1_169' title='bbox 1404 1957 1432 1998; x_wconf 91' lang='lat'><strong>1,</strong></span> <span class='ocrx_word' id='word_1_170' title='bbox 1458 1957 1580 1995; x_wconf 83' lang='lat'>1215.)</span> 
     </span>
     <span class='ocr_line' id='line_1_21' title="bbox 109 1979 1581 2049; baseline 0.003 -19"><span class='ocrx_word' id='word_1_171' title='bbox 109 1998 312 2049; x_wconf 82' lang='lat' dir='ltr'><strong>finxerunt,</strong></span> <span class='ocrx_word' id='word_1_172' title='bbox 344 2003 407 2031; x_wconf 91' lang='lat' dir='ltr'><strong>aut</strong></span> <span class='ocrx_word' id='word_1_173' title='bbox 439 2002 692 2035; x_wconf 76' lang='lat' dir='ltr'><strong>alexandrinos</strong></span> <span class='ocrx_word' id='word_1_174' title='bbox 724 2013 865 2045; x_wconf 86' lang='lat' dir='ltr'><strong>quoqne</strong></span> <span class='ocrx_word' id='word_1_175' title='bbox 901 2003 1121 2042; x_wconf 83' lang='lat' dir='ltr'><strong>interpretes</strong></span> <span class='ocrx_word' id='word_1_176' title='bbox 1153 1999 1220 2042; x_wconf 76' lang='grc' dir='ltr'><strong>τήν</strong></span> <span class='ocrx_word' id='word_1_177' title='bbox 1242 1979 1439 2039; x_wconf 77' lang='grc' dir='ltr'><em>κατάνυξιν</em></span> <span class='ocrx_word' id='word_1_178' title='bbox 1464 2010 1487 2034; x_wconf 86' lang='lat' dir='ltr'><strong>a</strong></span> <span class='ocrx_word' id='word_1_179' title='bbox 1510 2012 1581 2034; x_wconf 81' lang='grc' dir='ltr'><strong>κα-</strong></span> 
     </span>
     <span class='ocr_line' id='line_1_22' title="bbox 108 2041 1581 2093; baseline 0.005 -18"><span class='ocrx_word' id='word_1_180' title='bbox 108 2041 280 2078; x_wconf 62' lang='lat' dir='ltr'><strong>musicam</strong></span> <span class='ocrx_word' id='word_1_181' title='bbox 305 2046 496 2078; x_wconf 79' lang='lat' dir='ltr'><strong>derivasse</strong></span> <span class='ocrx_word' id='word_1_182' title='bbox 521 2049 700 2093; x_wconf 76' lang='lat' dir='ltr'><strong>confessi</strong></span> <span class='ocrx_word' id='word_1_183' title='bbox 735 2052 910 2090; x_wconf 88' lang='lat' dir='ltr'><strong>quomodo</strong></span> <span class='ocrx_word' id='word_1_184' title='bbox 936 2061 955 2083; x_wconf 88' lang='lat' dir='ltr'><strong>e</strong></span> <span class='ocrx_word' id='word_1_185' title='bbox 987 2051 1207 2091; x_wconf 76' lang='lat' dir='ltr'><strong>punctionis</strong></span> <span class='ocrx_word' id='word_1_186' title='bbox 1232 2049 1413 2090; x_wconf 81' lang='lat' dir='ltr'><strong>acutique</strong></span> <span class='ocrx_word' id='word_1_187' title='bbox 1436 2049 1581 2082; x_wconf 75' lang='lat' dir='ltr'><strong>doloris</strong></span> 
     </span>
     <span class='ocr_line' id='line_1_23' title="bbox 107 2092 1576 2140; baseline 0.002 -18"><span class='ocrx_word' id='word_1_188' title='bbox 107 2092 251 2123; x_wconf 84' lang='lat' dir='ltr'><strong>notione</strong></span> <span class='ocrx_word' id='word_1_189' title='bbox 283 2093 476 2136; x_wconf 74' lang='lat' dir='ltr'><strong>stupon&#39;s,</strong></span> <span class='ocrx_word' id='word_1_190' title='bbox 514 2098 715 2136; x_wconf 78' lang='lat' dir='ltr'><strong>soporis</strong></span> <span class='ocrx_word' id='word_1_191' title='bbox 748 2100 784 2128; x_wconf 89' lang='lat' dir='ltr'><strong>et</strong></span> <span class='ocrx_word' id='word_1_192' title='bbox 816 2097 997 2129; x_wconf 75' lang='lat' dir='ltr'><strong>rescmiae</strong></span> <span class='ocrx_word' id='word_1_193' title='bbox 1029 2095 1268 2135; x_wconf 82' lang='lat' dir='ltr'><strong>cogitationes</strong></span> <span class='ocrx_word' id='word_1_194' title='bbox 1305 2095 1350 2125; x_wconf 87' lang='lat' dir='ltr'><strong>al)</strong></span> <span class='ocrx_word' id='word_1_195' title='bbox 1383 2092 1576 2140; x_wconf 61' lang='lat' dir='ltr'>LXX-133</span> 
     </span>
     <span class='ocr_line' id='line_1_24' title="bbox 106 2133 1575 2191; baseline 0.003 -23"><span class='ocrx_word' id='word_1_196' title='bbox 106 2133 301 2175; x_wconf 80' lang='grc' dir='ltr'>κατανύξει</span> <span class='ocrx_word' id='word_1_197' title='bbox 332 2139 426 2170; x_wconf 84' lang='lat' dir='ltr'><strong>hand</strong></span> <span class='ocrx_word' id='word_1_198' title='bbox 463 2139 568 2171; x_wconf 84' lang='lat' dir='ltr'><strong>dubie</strong></span> <span class='ocrx_word' id='word_1_199' title='bbox 598 2143 637 2172; x_wconf 88' lang='lat' dir='ltr'><strong>ut</strong></span> <span class='ocrx_word' id='word_1_200' title='bbox 673 2144 848 2181; x_wconf 82' lang='lat' dir='ltr'><strong>putabant</strong></span> <span class='ocrx_word' id='word_1_201' title='bbox 877 2140 1062 2183; x_wconf 81' lang='lat' dir='ltr'><strong>subjectae</strong></span> <span class='ocrx_word' id='word_1_202' title='bbox 1093 2142 1197 2174; x_wconf 84' lang='lat' dir='ltr'><strong>nasci</strong></span> <span class='ocrx_word' id='word_1_203' title='bbox 1222 2142 1422 2191; x_wconf 87' lang='lat' dir='ltr'><strong>potuissent</strong></span> <span class='ocrx_word' id='word_1_204' title='bbox 1446 2142 1575 2174; x_wconf 87' lang='lat' dir='ltr'><strong>docere</strong></span> 
     </span>
     <span class='ocr_line' id='line_1_25' title="bbox 105 2182 1574 2240; baseline 0.003 -25"><span class='ocrx_word' id='word_1_205' title='bbox 105 2184 226 2216; x_wconf 90' lang='lat' dir='ltr'><strong>conati</strong></span> <span class='ocrx_word' id='word_1_206' title='bbox 253 2186 340 2215; x_wconf 90' lang='lat' dir='ltr'><strong>sunt</strong></span> <span class='ocrx_word' id='word_1_207' title='bbox 343 2185 557 2239; x_wconf 53' lang='lat' dir='ltr'><strong>menaea,</strong></span> <span class='ocrx_word' id='word_1_208' title='bbox 587 2188 787 2220; x_wconf 79' lang='lat' dir='ltr'><strong>Bretschn.</strong></span> <span class='ocrx_word' id='word_1_209' title='bbox 812 2190 902 2221; x_wconf 82' lang='lat' dir='ltr'><strong>Lex.</strong></span> <span class='ocrx_word' id='word_1_210' title='bbox 922 2190 958 2240; x_wconf 90' lang='lat'><strong>1,</strong></span> <span class='ocrx_word' id='word_1_211' title='bbox 983 2186 1096 2239; x_wconf 66' lang='lat'><strong>6524..)</strong></span> <span class='ocrx_word' id='word_1_212' title='bbox 1152 2190 1185 2221; x_wconf 86' lang='lat' dir='ltr'>A</span> <span class='ocrx_word' id='word_1_213' title='bbox 1210 2182 1370 2224; x_wconf 73' lang='grc' dir='ltr'>νυσιτὲζω</span> <span class='ocrx_word' id='word_1_214' title='bbox 1395 2186 1574 2220; x_wconf 81' lang='lat' dir='ltr'><strong>formatur</strong></span> 
     </span>
     <span class='ocr_line' id='line_1_26' title="bbox 105 2209 1573 2276; baseline 0.002 -15"><span class='ocrx_word' id='word_1_215' title='bbox 105 2224 124 2260; x_wconf 82' lang='grc' dir='ltr'><strong><em>ὁ</em></strong></span> <span class='ocrx_word' id='word_1_216' title='bbox 160 2224 372 2271; x_wconf 60' lang='lat' dir='ltr'><strong>vvortquo&#39;g</strong></span> <span class='ocrx_word' id='word_1_217' title='bbox 406 2234 443 2262; x_wconf 91' lang='lat' dir='ltr'><strong>et</strong></span> <span class='ocrx_word' id='word_1_218' title='bbox 475 2226 515 2261; x_wconf 77' lang='grc' dir='ltr'><strong>τό</strong></span> <span class='ocrx_word' id='word_1_219' title='bbox 546 2209 768 2276; x_wconf 62' lang='grc' dir='ltr'>νύσταῃιια,</span> <span class='ocrx_word' id='word_1_220' title='bbox 811 2243 881 2267; x_wconf 91' lang='lat' dir='ltr'><strong>non</strong></span> <span class='ocrx_word' id='word_1_221' title='bbox 913 2230 934 2274; x_wconf 78' lang='grc' dir='ltr'>ἡ</span> <span class='ocrx_word' id='word_1_222' title='bbox 968 2230 1066 2270; x_wconf 77' lang='grc' dir='ltr'>νύξις</span> <span class='ocrx_word' id='word_1_223' title='bbox 1090 2242 1204 2275; x_wconf 89' lang='lat' dir='ltr'><strong>neque</strong></span> <span class='ocrx_word' id='word_1_224' title='bbox 1235 2229 1305 2272; x_wconf 81' lang='grc' dir='ltr'><strong>τήν</strong></span> <span class='ocrx_word' id='word_1_225' title='bbox 1331 2227 1526 2269; x_wconf 77' lang='grc' dir='ltr'>κατιένυξιν</span> <span class='ocrx_word' id='word_1_226' title='bbox 1548 2239 1573 2264; x_wconf 79' lang='lat' dir='ltr'><strong>a</strong></span> 
     </span>
     <span class='ocr_line' id='line_1_27' title="bbox 101 2272 1572 2333; baseline 0.002 -26"><span class='ocrx_word' id='word_1_227' title='bbox 101 2272 360 2312; x_wconf 75' lang='grc' dir='ltr'>κειταιυσιιίζω</span> <span class='ocrx_word' id='word_1_228' title='bbox 402 2280 565 2315; x_wconf 87' lang='lat' dir='ltr'><strong>repetere</strong></span> <span class='ocrx_word' id='word_1_229' title='bbox 599 2279 846 2312; x_wconf 79' lang='lat' dir='ltr'><strong>alexandrinis</strong></span> <span class='ocrx_word' id='word_1_230' title='bbox 882 2281 1160 2333; x_wconf 79' lang='lat' dir='ltr'><strong>interpretibus,</strong></span> <span class='ocrx_word' id='word_1_231' title='bbox 1200 2279 1398 2312; x_wconf 83' lang='lat' dir='ltr'><strong>hominibus</strong></span> <span class='ocrx_word' id='word_1_232' title='bbox 1437 2286 1572 2320; x_wconf 71' lang='lat' dir='ltr'><strong>yraece</strong></span> 
     </span>
     <span class='ocr_line' id='line_1_28' title="bbox 100 2319 1570 2367; baseline 0.001 -14"><span class='ocrx_word' id='word_1_233' title='bbox 100 2322 244 2364; x_wconf 67' lang='lat' dir='ltr'><strong>doctis,</strong></span> <span class='ocrx_word' id='word_1_234' title='bbox 278 2319 466 2360; x_wconf 72' lang='lat' dir='ltr'><strong>(accurati</strong></span> <span class='ocrx_word' id='word_1_235' title='bbox 491 2331 554 2355; x_wconf 77' lang='lat' dir='ltr'><strong>eos</strong></span> <span class='ocrx_word' id='word_1_236' title='bbox 579 2326 783 2359; x_wconf 77' lang='lat' dir='ltr'><strong>hebraicae</strong></span> <span class='ocrx_word' id='word_1_237' title='bbox 807 2328 951 2367; x_wconf 75' lang='lat' dir='ltr'><strong>linguae</strong></span> <span class='ocrx_word' id='word_1_238' title='bbox 976 2322 1101 2360; x_wconf 63' lang='lat' dir='ltr'><strong>notitia</strong></span> <span class='ocrx_word' id='word_1_239' title='bbox 1127 2327 1318 2358; x_wconf 83' lang='lat' dir='ltr'><strong>destitutos</strong></span> <span class='ocrx_word' id='word_1_240' title='bbox 1341 2325 1458 2357; x_wconf 83' lang='lat' dir='ltr'><strong>fuisse</strong></span> <span class='ocrx_word' id='word_1_241' title='bbox 1482 2331 1570 2356; x_wconf 88' lang='lat' dir='ltr'><strong>con-</strong></span> 
     </span>
     <span class='ocr_line' id='line_1_29' title="bbox 101 2369 1568 2413; baseline 0.003 -16.003"><span class='ocrx_word' id='word_1_242' title='bbox 101 2369 196 2406; x_wconf 73' lang='lat' dir='ltr'><strong>stat)</strong></span> <span class='ocrx_word' id='word_1_243' title='bbox 233 2369 269 2400; x_wconf 91' lang='lat' dir='ltr'><strong>in</strong></span> <span class='ocrx_word' id='word_1_244' title='bbox 306 2372 461 2400; x_wconf 84' lang='lat' dir='ltr'><strong>mentem</strong></span> <span class='ocrx_word' id='word_1_245' title='bbox 495 2371 622 2402; x_wconf 87' lang='lat' dir='ltr'><strong>venire</strong></span> <span class='ocrx_word' id='word_1_246' title='bbox 657 2372 784 2410; x_wconf 83' lang='lat' dir='ltr'><strong>potnit.</strong></span> <span class='ocrx_word' id='word_1_247' title='bbox 838 2372 873 2404; x_wconf 89' lang='lat' dir='ltr'><strong>A</strong></span> <span class='ocrx_word' id='word_1_248' title='bbox 902 2369 996 2413; x_wconf 59' lang='lat' dir='ltr'><strong>vum,</strong></span> <span class='ocrx_word' id='word_1_249' title='bbox 1034 2373 1066 2404; x_wconf 86' lang='lat' dir='ltr'><strong>si</strong></span> <span class='ocrx_word' id='word_1_250' title='bbox 1091 2381 1246 2412; x_wconf 89' lang='lat' dir='ltr'><strong>unquam</strong></span> <span class='ocrx_word' id='word_1_251' title='bbox 1272 2372 1306 2404; x_wconf 84' lang='lat' dir='ltr'><strong>in</strong></span> <span class='ocrx_word' id='word_1_252' title='bbox 1330 2381 1398 2404; x_wconf 90' lang='lat' dir='ltr'><strong>usu</strong></span> <span class='ocrx_word' id='word_1_253' title='bbox 1421 2370 1568 2412; x_wconf 81' lang='lat' dir='ltr'><strong>fuisset,</strong></span> 
     </span>
     <span class='ocr_line' id='line_1_30' title="bbox 97 2410 1566 2464; baseline -0.001 -15"><span class='ocrx_word' id='word_1_254' title='bbox 97 2411 200 2464; x_wconf 66' lang='grc' dir='ltr'>νξισις</span> <span class='ocrx_word' id='word_1_255' title='bbox 233 2413 300 2452; x_wconf 75' lang='lat' dir='ltr'><strong>(cf</strong></span> <span class='ocrx_word' id='word_1_256' title='bbox 323 2410 396 2445; x_wconf 79' lang='grc' dir='ltr'><strong>λύω</strong></span> <span class='ocrx_word' id='word_1_257' title='bbox 422 2410 541 2456; x_wconf 65' lang='grc' dir='ltr'>λύσις,</span> <span class='ocrx_word' id='word_1_258' title='bbox 577 2412 670 2448; x_wconf 82' lang='grc' dir='ltr'><em>νεύω</em></span> <span class='ocrx_word' id='word_1_259' title='bbox 698 2420 838 2456; x_wconf 74' lang='grc' dir='ltr'>νεισις)</span> <span class='ocrx_word' id='word_1_260' title='bbox 873 2419 1053 2458; x_wconf 84' lang='lat' dir='ltr'><strong>oriretur,</strong></span> <span class='ocrx_word' id='word_1_261' title='bbox 1085 2427 1151 2451; x_wconf 87' lang='lat' dir='ltr'><strong>non</strong></span> <span class='ocrx_word' id='word_1_262' title='bbox 1177 2414 1287 2454; x_wconf 69' lang='grc' dir='ltr'>νύξις.</span> <span class='ocrx_word' id='word_1_263' title='bbox 1335 2417 1387 2450; x_wconf 89' lang='lat' dir='ltr'><strong>At</strong></span> <span class='ocrx_word' id='word_1_264' title='bbox 1416 2417 1566 2449; x_wconf 80' lang='lat' dir='ltr'><strong>verbum</strong></span> 
     </span>
     <span class='ocr_line' id='line_1_31' title="bbox 97 2460 1563 2515; baseline 0.002 -23"><span class='ocrx_word' id='word_1_265' title='bbox 97 2470 196 2500; x_wconf 84' lang='grc' dir='ltr'>νιω,</span> <span class='ocrx_word' id='word_1_266' title='bbox 228 2460 324 2500; x_wconf 83' lang='lat' dir='ltr'><strong>quod</strong></span> <span class='ocrx_word' id='word_1_267' title='bbox 354 2461 413 2493; x_wconf 86' lang='lat' dir='ltr'><strong>vel</strong></span> <span class='ocrx_word' id='word_1_268' title='bbox 450 2461 541 2493; x_wconf 82' lang='lat' dir='ltr'><strong>idem</strong></span> <span class='ocrx_word' id='word_1_269' title='bbox 568 2465 662 2503; x_wconf 90' lang='lat' dir='ltr'><strong>quod</strong></span> <span class='ocrx_word' id='word_1_270' title='bbox 687 2460 779 2495; x_wconf 78' lang='grc' dir='ltr'><em>νεύω</em></span> <span class='ocrx_word' id='word_1_271' title='bbox 814 2466 872 2497; x_wconf 88' lang='lat' dir='ltr'><strong>vel</strong></span> <span class='ocrx_word' id='word_1_272' title='bbox 897 2466 921 2497; x_wconf 91' lang='lat' dir='ltr'><strong>i.</strong></span> <span class='ocrx_word' id='word_1_273' title='bbox 943 2474 979 2506; x_wconf 86' lang='lat' dir='ltr'><strong>q.</strong></span> <span class='ocrx_word' id='word_1_274' title='bbox 1004 2461 1127 2496; x_wconf 82' lang='grc' dir='ltr'><em>νύσσω</em></span> <span class='ocrx_word' id='word_1_275' title='bbox 1153 2465 1378 2515; x_wconf 83' lang='lat' dir='ltr'><strong>declararet,</strong></span> <span class='ocrx_word' id='word_1_276' title='bbox 1413 2461 1563 2496; x_wconf 76' lang='lat' dir='ltr'><strong>Graecis</strong></span> 
     </span>
     <span class='ocr_line' id='line_1_32' title="bbox 96 2487 1562 2572; baseline 0.001 -35"><span class='ocrx_word' id='word_1_277' title='bbox 96 2507 257 2546; x_wconf 82' lang='lat' dir='ltr'><strong>ignotum</strong></span> <span class='ocrx_word' id='word_1_278' title='bbox 281 2505 659 2572; x_wconf 55' lang='lat' dir='ltr'><strong>fuit.lnc.11e5ychz&#39;o</strong></span> <span class='ocrx_word' id='word_1_279' title='bbox 690 2506 881 2551; x_wconf 76' lang='grc' dir='ltr'>νύσσαι,</span> <span class='ocrx_word' id='word_1_280' title='bbox 926 2509 966 2544; x_wconf 73' lang='grc' dir='ltr'><strong>ἐκ</strong></span> <span class='ocrx_word' id='word_1_281' title='bbox 993 2508 1118 2554; x_wconf 74' lang='grc' dir='ltr'>χειρός</span> <span class='ocrx_word' id='word_1_282' title='bbox 1147 2506 1262 2546; x_wconf 77' lang='grc' dir='ltr'>παιά</span> <span class='ocrx_word' id='word_1_283' title='bbox 1252 2510 1306 2540; x_wconf 61' lang='grc' dir='ltr'><strong>ξαι</strong></span> <span class='ocrx_word' id='word_1_284' title='bbox 1326 2487 1404 2552; x_wconf 86' lang='lat' dir='ltr'><strong>jam</strong></span> <span class='ocrx_word' id='word_1_285' title='bbox 1433 2508 1562 2541; x_wconf 87' lang='lat' dir='ltr'><strong>dudum</strong></span> 
     </span>
     <span class='ocr_line' id='line_1_33' title="bbox 91 2547 1561 2599; baseline 0.001 -16"><span class='ocrx_word' id='word_1_286' title='bbox 91 2555 299 2585; x_wconf 85' lang='lat' dir='ltr'><strong>correctum</strong></span> <span class='ocrx_word' id='word_1_287' title='bbox 325 2555 381 2584; x_wconf 86' lang='lat' dir='ltr'><strong>est</strong></span> <span class='ocrx_word' id='word_1_288' title='bbox 405 2547 482 2589; x_wconf 83' lang='grc' dir='ltr'><strong>νύξ</strong></span> <span class='ocrx_word' id='word_1_289' title='bbox 492 2564 557 2595; x_wconf 81' lang='grc' dir='ltr'>αι,</span> <span class='ocrx_word' id='word_1_290' title='bbox 591 2553 688 2597; x_wconf 75' lang='grc' dir='ltr'>ἐκχ.</span> <span class='ocrx_word' id='word_1_291' title='bbox 712 2552 885 2594; x_wconf 73' lang='grc' dir='ltr'><strong>πατάξαι.</strong></span> <span class='ocrx_word' id='word_1_292' title='bbox 931 2559 988 2592; x_wconf 80' lang='lat' dir='ltr'><strong>cr.</strong></span> <span class='ocrx_word' id='word_1_293' title='bbox 1015 2557 1170 2596; x_wconf 78' lang='lat' dir='ltr'><strong>Hesych.</strong></span> <span class='ocrx_word' id='word_1_294' title='bbox 1197 2552 1352 2599; x_wconf 80' lang='grc' dir='ltr'><em>νύξεν,</em></span> <span class='ocrx_word' id='word_1_295' title='bbox 1380 2553 1420 2587; x_wconf 72' lang='grc' dir='ltr'><strong>ἐκ</strong></span> <span class='ocrx_word' id='word_1_296' title='bbox 1436 2549 1561 2597; x_wconf 82' lang='grc' dir='ltr'>χειρὸς</span> 
     </span>
     <span class='ocr_line' id='line_1_34' title="bbox 92 2595 1560 2639; baseline 0.001 -10"><span class='ocrx_word' id='word_1_297' title='bbox 92 2595 251 2639; x_wconf 74' lang='grc' dir='ltr'><em>ἔτρωσεν</em></span> <span class='ocrx_word' id='word_1_298' title='bbox 283 2601 318 2631; x_wconf 87' lang='lat' dir='ltr'><strong>et</strong></span> <span class='ocrx_word' id='word_1_299' title='bbox 350 2600 509 2631; x_wconf 65' lang='lat' dir='ltr'><strong>suidam</strong></span> <span class='ocrx_word' id='word_1_300' title='bbox 540 2610 640 2633; x_wconf 81' lang='lat' dir='ltr'><strong>s.1.</strong></span> <span class='ocrx_word' id='word_1_301' title='bbox 679 2598 781 2639; x_wconf 79' lang='grc' dir='ltr'>ιιξαι</span> <span class='ocrx_word' id='word_1_302' title='bbox 806 2619 850 2626; x_wconf 82' lang='lat'>—</span> <span class='ocrx_word' id='word_1_303' title='bbox 875 2620 921 2626; x_wconf 94' lang='lat'>—</span> <span class='ocrx_word' id='word_1_304' title='bbox 963 2597 1118 2636; x_wconf 76' lang='grc' dir='ltr'>οῧτάσαι</span> <span class='ocrx_word' id='word_1_305' title='bbox 1151 2600 1190 2634; x_wconf 75' lang='grc' dir='ltr'><strong>δὲ</strong></span> <span class='ocrx_word' id='word_1_306' title='bbox 1231 2601 1292 2634; x_wconf 82' lang='grc' dir='ltr'><strong>καὶ</strong></span> <span class='ocrx_word' id='word_1_307' title='bbox 1330 2596 1463 2637; x_wconf 77' lang='grc' dir='ltr'>νύξιιι</span> <span class='ocrx_word' id='word_1_308' title='bbox 1498 2598 1560 2631; x_wconf 86' lang='grc' dir='ltr'><strong>καὶ</strong></span> 
     </span>
     <span class='ocr_line' id='line_1_35' title="bbox 91 2641 1558 2693; baseline 0.002 -19"><span class='ocrx_word' id='word_1_309' title='bbox 91 2641 208 2684; x_wconf 74' lang='grc' dir='ltr'>τύψαι</span> <span class='ocrx_word' id='word_1_310' title='bbox 232 2641 282 2677; x_wconf 79' lang='grc' dir='ltr'><strong>τό</strong></span> <span class='ocrx_word' id='word_1_311' title='bbox 307 2642 355 2677; x_wconf 77' lang='grc' dir='ltr'><strong>ἐκ</strong></span> <span class='ocrx_word' id='word_1_312' title='bbox 374 2641 538 2693; x_wconf 75' lang='grc' dir='ltr'>γειρός</span> <span class='ocrx_word' id='word_1_313' title='bbox 561 2645 746 2687; x_wconf 78' lang='grc' dir='ltr'>τρῶσαι.</span> <span class='ocrx_word' id='word_1_314' title='bbox 795 2645 920 2689; x_wconf 82' lang='grc' dir='ltr'><em>Νύζω,</em></span> <span class='ocrx_word' id='word_1_315' title='bbox 961 2650 993 2680; x_wconf 87' lang='lat' dir='ltr'><strong>si</strong></span> <span class='ocrx_word' id='word_1_316' title='bbox 1019 2649 1170 2682; x_wconf 85' lang='lat' dir='ltr'><strong>Graecis</strong></span> <span class='ocrx_word' id='word_1_317' title='bbox 1198 2650 1318 2680; x_wconf 89' lang='lat' dir='ltr'><strong>notum</strong></span> <span class='ocrx_word' id='word_1_318' title='bbox 1342 2646 1491 2686; x_wconf 79' lang='lat' dir='ltr'><strong>suisset,</strong></span> <span class='ocrx_word' id='word_1_319' title='bbox 1513 2654 1558 2678; x_wconf 86' lang='lat' dir='ltr'><strong>ex</strong></span> 
     </span>
     <span class='ocr_line' id='line_1_36' title="bbox 89 2685 1559 2746; baseline 0.001 -25"><span class='ocrx_word' id='word_1_320' title='bbox 89 2699 129 2721; x_wconf 78' lang='lat' dir='ltr'><strong>se</strong></span> <span class='ocrx_word' id='word_1_321' title='bbox 162 2691 329 2723; x_wconf 80' lang='lat' dir='ltr'><strong>funderet</strong></span> <span class='ocrx_word' id='word_1_322' title='bbox 362 2685 467 2721; x_wconf 83' lang='grc' dir='ltr'>νὺσιν</span> <span class='ocrx_word' id='word_1_323' title='bbox 500 2691 564 2729; x_wconf 83' lang='lat' dir='ltr'><strong>(cf.</strong></span> <span class='ocrx_word' id='word_1_324' title='bbox 598 2692 733 2735; x_wconf 86' lang='grc' dir='ltr'><em>νομίζω</em></span> <span class='ocrx_word' id='word_1_325' title='bbox 768 2691 934 2746; x_wconf 87' lang='grc' dir='ltr'>νόμισις,</span> <span class='ocrx_word' id='word_1_326' title='bbox 976 2694 1106 2737; x_wconf 77' lang='grc' dir='ltr'><em>θερίζω</em></span> <span class='ocrx_word' id='word_1_327' title='bbox 1134 2693 1291 2745; x_wconf 54' lang='grc' dir='ltr'>θίρισις)</span> <span class='ocrx_word' id='word_1_328' title='bbox 1323 2694 1384 2726; x_wconf 85' lang='lat' dir='ltr'><strong>vel</strong></span> <span class='ocrx_word' id='word_1_329' title='bbox 1415 2687 1559 2732; x_wconf 83' lang='grc' dir='ltr'><em>νυσμόν</em></span> 
     </span>
     <span class='ocr_line' id='line_1_37' title="bbox 88 2732 1553 2795; baseline 0.001 -28"><span class='ocrx_word' id='word_1_330' title='bbox 88 2737 156 2773; x_wconf 77' lang='lat' dir='ltr'><strong>(cf.</strong></span> <span class='ocrx_word' id='word_1_331' title='bbox 181 2737 309 2778; x_wconf 72' lang='grc' dir='ltr'><em>θερίζω</em></span> <span class='ocrx_word' id='word_1_332' title='bbox 334 2732 532 2778; x_wconf 72' lang='grc' dir='ltr'>θερισμός,</span> <span class='ocrx_word' id='word_1_333' title='bbox 563 2739 667 2779; x_wconf 76' lang='grc' dir='ltr'><strong><em>τρίζω</em></strong></span> <span class='ocrx_word' id='word_1_334' title='bbox 695 2737 864 2784; x_wconf 76' lang='grc' dir='ltr'>τρισμός,</span> <span class='ocrx_word' id='word_1_335' title='bbox 899 2741 1050 2778; x_wconf 79' lang='grc' dir='ltr'><strong><em>λακτίζω</em></strong></span> <span class='ocrx_word' id='word_1_336' title='bbox 1075 2735 1310 2795; x_wconf 74' lang='grc' dir='ltr'>λακτισμός),</span> <span class='ocrx_word' id='word_1_337' title='bbox 1342 2747 1413 2772; x_wconf 87' lang='lat' dir='ltr'><strong>nou</strong></span> <span class='ocrx_word' id='word_1_338' title='bbox 1439 2733 1553 2775; x_wconf 82' lang='grc' dir='ltr'>νυξιν</span> 
     </span>
     <span class='ocr_line' id='line_1_38' title="bbox 90 2770 1553 2828; baseline 0.003 -16"><span class='ocrx_word' id='word_1_339' title='bbox 90 2782 231 2814; x_wconf 85' lang='lat' dir='ltr'><strong>Verum</strong></span> <span class='ocrx_word' id='word_1_340' title='bbox 261 2781 355 2814; x_wconf 84' lang='lat' dir='ltr'><strong>enim</strong></span> <span class='ocrx_word' id='word_1_341' title='bbox 389 2791 481 2814; x_wconf 83' lang='lat' dir='ltr'><strong>vero</strong></span> <span class='ocrx_word' id='word_1_342' title='bbox 514 2770 625 2819; x_wconf 70' lang='grc' dir='ltr'>νίζᾶι.</span> <span class='ocrx_word' id='word_1_343' title='bbox 671 2788 761 2825; x_wconf 86' lang='lat' dir='ltr'><strong>quod</strong></span> <span class='ocrx_word' id='word_1_344' title='bbox 797 2788 949 2819; x_wconf 86' lang='lat' dir='ltr'><strong>eandem</strong></span> <span class='ocrx_word' id='word_1_345' title='bbox 980 2795 1087 2828; x_wconf 85' lang='lat' dir='ltr'><strong>quam</strong></span> <span class='ocrx_word' id='word_1_346' title='bbox 1119 2782 1242 2819; x_wconf 78' lang='grc' dir='ltr'><em>νύσσω</em></span> <span class='ocrx_word' id='word_1_347' title='bbox 1268 2785 1342 2817; x_wconf 86' lang='lat' dir='ltr'><strong>vim</strong></span> <span class='ocrx_word' id='word_1_348' title='bbox 1373 2785 1553 2824; x_wconf 84' lang='lat' dir='ltr'><strong>habuerit,</strong></span> 
     </span>
     <span class='ocr_line' id='line_1_39' title="bbox 87 2828 1552 2873; baseline 0.003 -15"><span class='ocrx_word' id='word_1_349' title='bbox 87 2829 229 2859; x_wconf 75' lang='lat' dir='ltr'><strong>frustra</strong></span> <span class='ocrx_word' id='word_1_350' title='bbox 258 2829 293 2859; x_wconf 87' lang='lat' dir='ltr'><strong>in</strong></span> <span class='ocrx_word' id='word_1_351' title='bbox 328 2828 473 2868; x_wconf 85' lang='lat' dir='ltr'><strong>graecis</strong></span> <span class='ocrx_word' id='word_1_352' title='bbox 504 2830 744 2870; x_wconf 81' lang='lat' dir='ltr'><strong>scriptoribus</strong></span> <span class='ocrx_word' id='word_1_353' title='bbox 778 2841 957 2873; x_wconf 81' lang='lat' dir='ltr'><strong>quaeras.</strong></span> <span class='ocrx_word' id='word_1_354' title='bbox 986 2829 1077 2869; x_wconf 86' lang='grc' dir='ltr'><strong>νὺζω</strong></span> <span class='ocrx_word' id='word_1_355' title='bbox 1111 2834 1251 2873; x_wconf 84' lang='lat' dir='ltr'><strong>autem,</strong></span> <span class='ocrx_word' id='word_1_356' title='bbox 1284 2832 1376 2872; x_wconf 89' lang='lat' dir='ltr'><strong>quod</strong></span> <span class='ocrx_word' id='word_1_357' title='bbox 1400 2834 1552 2864; x_wconf 80' lang='lat' dir='ltr'><strong>noctuae</strong></span> 
     </span>
     <span class='ocr_line' id='line_1_40' title="bbox 88 2874 1548 2922; baseline 0.003 -18"><span class='ocrx_word' id='word_1_358' title='bbox 88 2877 233 2907; x_wconf 75' lang='lat' dir='ltr'><strong>cautum</strong></span> <span class='ocrx_word' id='word_1_359' title='bbox 258 2874 501 2916; x_wconf 77' lang='lat' dir='ltr'><strong>expresserit,</strong></span> <span class='ocrx_word' id='word_1_360' title='bbox 533 2877 581 2907; x_wconf 83' lang='lat' dir='ltr'><strong>ad</strong></span> <span class='ocrx_word' id='word_1_361' title='bbox 604 2877 695 2908; x_wconf 73' lang='lat' dir='ltr'><strong>lianc</strong></span> <span class='ocrx_word' id='word_1_362' title='bbox 721 2878 1005 2919; x_wconf 80' lang='lat' dir='ltr'><strong>disputationem</strong></span> <span class='ocrx_word' id='word_1_363' title='bbox 1028 2878 1113 2913; x_wconf 82' lang='lat' dir='ltr'><strong>nihil</strong></span> <span class='ocrx_word' id='word_1_364' title='bbox 1136 2877 1312 2922; x_wconf 74' lang='lat' dir='ltr'><strong>pertinet,</strong></span> <span class='ocrx_word' id='word_1_365' title='bbox 1333 2885 1548 2920; x_wconf 81' lang='lat' dir='ltr'><strong>quamquam</strong></span> 
     </span>
    </p>
   </div>
  </div>
 </body>
</html>
