1715 3115
597 156 762 204 CAP.
794 156 855 202 X.
905 155 1127 202 Vs.21..
1519 152 1608 196 ⁴29

132 267 275 328 joi-em
300 265 463 308 sensim
489 265 741 322 sensimque
763 264 941 306 verbum
961 261 1175 318 ἀντιλέγω
1196 259 1407 304 ambitum
1434 263 1609 302 nactum

139 324 390 380 generalem
412 325 678 378 repuymmdi
697 323 917 364 notionem
942 321 1219 378 complexum
1247 324 1333 362 est.
1389 316 1611 360 Similiter

139 395 220 423 nos
245 380 453 423 Germani
477 381 743 435 ΞΒίῠετῙρωά)
765 380 915 431 “beben
934 391 1019 419 non
1042 378 1183 420 solum
1204 376 1281 434 qui
1300 374 1614 432 obloquuntur,

139 451 290 481 verum
314 437 445 480 etiam
471 437 547 493 qui
569 437 685 479 iacto
704 436 959 477 renituntur
985 433 1188 479 dicimus.

743 766 1004 805 CAP.XL.

585 864 1168 909 ARGUMENTUM

235 993 384 1038 Objicio
405 993 512 1039 igitur
539 992 656 1035 (nixus
681 1006 746 1038 eo,
781 993 877 1038 quod
896 993 995 1028 Deus
1024 993 1059 1027 iu
1082 991 1128 1028 V.
1148 990 1191 1026 T.
1217 989 1321 1026 simul
1349 989 1496 1036 paganis
1524 998 1616 1022 mea·

143 1041 280 1076 ‚ianam
300 1040 450 1074 salutem
470 1040 655 1084 promisit,
688 1041 794 1074 simui
816 1043 858 1075 de
882 1040 1048 1074 israelitis
1073 1045 1292 1083 conquestus
1321 1047 1394 1078 est,
1429 1034 1525 1080 quod
1555 1045 1617 1068 eos

142 1088 276 1121 frustra
303 1097 445 1131 semper
471 1084 513 1119 ad
542 1085 637 1120 iliam
667 1085 848 1120 invitasset
878 1087 1004 1129 10,19.
1028 1107 1071 1112 —-
1092 1086 1189 1127 21.):
1222 1097 1313 1116 uum
1335 1083 1475 1126 depulit
1503 1079 1550 1112 ab
1575 1090 1617 1113 se

141 1134 251 1168 Deus
268 1135 444 1174 populum
463 1143 574 1165 suum
595 1144 754 1175 eumque
770 1134 984 1166 abdicavit?
1007 1132 1160 1165 Minime
1178 1143 1274 1163 vero.
1325 1129 1415 1162 Natu
1438 1140 1503 1173 ego
1527 1137 1616 1178 quo·

142 1191 213 1225 que
237 1178 392 1212 israelita
415 1191 515 1219 sum,
547 1177 744 1212 Abrahami
767 1190 899 1223 nepos,
925 1176 1164 1222 Benjaminita
1184 1182 1233 1217 (v.
1256 1178 1315 1217 1.).
1365 1174 1446 1208 Non
1469 1171 1616 1207 abdica-

142 1225 195 1259 vit
222 1223 321 1257 Dens
351 1226 525 1269 populum
552 1236 678 1267 suum,
726 1225 782 1258 cui
811 1232 893 1258 ante
919 1225 1044 1258 mundi
1080 1222 1277 1269 primordia
1315 1221 1474 1256 favisset.
1537 1219 1617 1251 imo

142 1270 446 1317 quemadmodum
470 1269 566 1303 Eliae
594 1269 813 1314 temporibus
832 1274 926 1305 Deus
951 1269 1097 1316 aliquod
1125 1271 1267 1316 piorum
1287 1267 1526 1302 israelitarum
1555 1276 1616 1297 se-

143 1315 340 1350 minarium
366 1315 430 1349 sibi
459 1314 642 1360 relliquit‚
676 1317 721 1349 ita
747 1328 845 1350 nune
871 1329 1015 1360 quoque
1041 1316 1181 1361 aliquos
1209 1316 1351 1360 piorum
1373 1311 1615 1346 israelitarum

141 1363 297 1403 benigne
315 1360 536 1395 delectorum
558 1361 738 1407 relliquias
754 1373 829 1395 esse
850 1362 964 1395 voluit
987 1362 1186 1402 (taz—5.
1206 1360 1251 1394 cs.
1273 1362 1288 1394 1
1314 1360 1400 1402 lteg.
1423 1357 1537 1397 19,10.
1558 1355 1614 1390 14.

145 1408 232 1451 ¹8.).
276 1405 315 1439 Si
338 1414 475 1447 autem,
502 1413 539 1439 ut
557 1407 667 1440 modo
687 1406 849 1441 dicebam
876 1409 927 1449 (v.
948 1408 1016 1452 5.),
1046 1418 1117 1449 per
1135 1406 1209 1440 Dei
1231 1407 1496 1447 benignitatem
1523 1412 1614 1446 pro·

143 1454 276 1488 borum
293 1452 516 1486 ,ludaeorum
535 1451 721 1498 relliquiae
741 1452 968 1492 exstiterunt,
993 1455 1061 1497 jam
1084 1465 1156 1487 non
1173 1464 1243 1495 per
1262 1451 1494 1494 benefacta,
1520 1459 1617 1491 quae

136 1499 286 1541 justam
306 1501 513 1532 mercedem
531 1511 556 1531 a
574 1499 657 1532 Deo
671 1505 838 1541 poscunt,
858 1499 1091 1533 exstiterunt:
1118 1497 1280 1539 alioquin
1302 1497 1424 1530 divina
1444 1494 1616 1539 benigni-

143 1552 218 1589 tas,
243 1557 333 1592 quae
354 1546 431 1588 pios
451 1544 624 1578 israelitas
644 1550 775 1578 restare
793 1544 913 1589 jussit,
937 1544 1186 1591 benignitatis,
1205 1556 1311 1590 quam
1330 1541 1519 1588 gratuitam
1539 1552 1616 1574 esse

144 1603 253 1625 nemo
272 1590 434 1636 ignorat,
469 1597 636 1624 naturam
665 1590 895 1635 perdidisset:
931 1590 985 1624 sin
1018 1598 1142 1625 contra
1169 1589 1282 1634 (quod
1315 1588 1473 1633 judaicae
1497 1585 1616 1630 stirpis

147 1636 356 1671 Christianis
378 1638 517 1680 plaeere
536 1636 641 1679 solet)
661 1639 752 1669 bene
762 1636 962 1680 factorum
982 1638 1019 1670 vi
1035 1650 1078 1670 ac
1099 1637 1235 1670 mer-ilo
1252 1635 1397 1680 piorum
1425 1633 1486 1678 qui
1508 1631 1616 1666 Chri-

143 1690 200 1718 sto
225 1682 333 1716 fidem
361 1682 533 1716 haberent
563 1681 801 1716 israelitarum
832 1683 1006 1728 relliquae
1033 1683 1262 1720 exstiterunt,
1306 1682 1414 1713 nulla
1429 1679 1516 1720 jam
1541 1678 1616 1712 Det

145 1729 352 1770 benignitas
370 1734 422 1762 est
442 1728 556 1774 (quod
576 1727 634 1763 vel
655 1729 812 1774 cogitare
832 1729 946 1763 scelus
970 1729 1034 1763 tibi
1053 1735 1149 1763 recte
1170 1728 1381 1770 videatui·!):
1404 1737 1484 1759 nam
1506 1723 1534 1758 si
1548 1723 1617 1758 Dei

146 1773 355 1817 benignitati
377 1774 475 1807 iocus
495 1775 560 1814 sit,
587 1773 712 1818 pulcre
742 1774 831 1808 facta
862 1777 984 1819 pulcre
1009 1774 1212 1819 sactorum,
1244 1785 1332 1818 quae
1355 1771 1420 1806 Dei
1450 1769 1616 1804 favorem

146 1827 313 1863 tanquam
335 1819 465 1862 justum
486 1819 686 1862 praemium
707 1827 928 1867 expugnant,
954 1820 1022 1854 vim
1044 1819 1229 1854 amiserint
1249 1830 1393 1852 neccsse
1411 1823 1462 1850 est
1481 1816 1531 1859 (v.
1550 1817 1616 1853 6.).

148 1864 249 1909 Quid
276 1865 384 1909 igitur
412 1868 537 1908 (quum
559 1865 657 1898 Deus
683 1867 825 1908 arquos
852 1865 1048 1911 israelitas,
1080 1865 1140 1911 qui
1167 1865 1273 1898 iidem
1296 1863 1437 1898 Chi-isto
1466 1862 1523 1907 pie
1549 1861 1617 1897 ba-

147 1912 253 1945 beant
275 1917 306 1943 et
327 1920 388 1953 per
407 1910 574 1953 pietatem
597 1911 766 1947 beentur.
791 1911 944 1955 benigne
966 1912 1128 1945 deiectos
1158 1918 1289 1945 restare
1307 1908 1447 1954 jusserit
1467 1921 1499 1941 v-
1517 1908 1550 1942 2.
1570 1927 1617 1935 —

146 1958 195 1998 6.)
214 1956 400 2001 sequitur?
429 1956 563 1999 Nempe
587 1956 674 1990 boc:
712 1969 818 2000 quam
846 1957 1082 2002 integritatem
1109 1957 1434 2001 sempiternamque
1460 1952 1616 1988 felicita-

147 2010 219 2037 tem
247 2002 378 2047 appetit
410 2002 670 2035 Isi-asli'tarum
698 2004 878 2045 populus,
919 2017 994 2037 eam
1024 2015 1096 2036 non
1126 2009 1369 2045 consequutus
1397 2006 1448 2035 est
1482 2005 1616 2045 (neque

146 2051 241 2084 enim
261 2059 389 2081 ornnes
413 2047 586 2081 israelitas
606 2048 755 2091 benigne
776 2048 874 2081 Deus
895 2048 1036 2094 delegit,
1059 2048 1119 2082 sed
1137 2049 1330 2082 admodum
1352 2059 1484 2093 paucos
1506 2059 1536 2080 v,
1555 2047 1617 2091 5.),

147 2096 206 2130 sed
226 2096 408 2127 delecti
424 2093 625 2126 israelitae
643 2094 761 2138 adepti
783 2102 884 2127 suntz
917 2095 1025 2128 ceteri
1047 2103 1164 2128 autem
1191 2096 1334 2139 (quippe
1363 2094 1398 2126 in
1427 2093 1566 2126 deiectu
1595 2105 1617 2127 a

146 2143 228 2176 Deo
249 2139 442 2185 praeteriti)
463 2146 693 2174 contumaces
714 2153 731 2172 a
751 2140 829 2173 Deo
858 2141 989 2174 redditi
1018 2147 1101 2174 sunt
1127 2145 1173 2181 (v.
1192 2140 1238 2182 7.)
1253 2165 1261 2181 ,
1295 2147 1330 2173 ut
1361 2145 1478 2174 vetera
1499 2137 1616 2173 Mosia

149 2190 274 2233 {Deut-
294 2187 427 2229 29,4.],
453 2193 484 2217 et
504 2184 651 2219 Davidis
668 2185 741 2227 [Ps.
766 2185 823 2227 69,
834 2186 891 2220 ⁶23.
914 2189 988 2229 2¹4]
1010 2186 1153 2220 oracula
1173 2187 1431 2219 denuntiarunt
1454 2189 1499 2226 (v.
1519 2183 1551 2218 8.
1569 2205 1617 2212 ·--

150 2234 243 2277 10.).
290 2232 384 2266 Dico
406 2232 514 2276 igitur
535 2235 661 2277 (quum
687 2231 862 2266 israelitas
880 2232 916 2265 in
936 2233 1076 2266 deiectu
1106 2231 1288 2277 neglectos
1313 2232 1429 2264 Deum
1458 2229 1616 2264 obstina-

149 2287 204 2314 tos
222 2278 416 2313 reddidisse
435 2276 639 2322 scripserim
661 2290 693 2312 v.
713 2278 783 2320 7·):
809 2291 895 2311 num
917 2279 1093 2312 israelitas
1114 2277 1149 2310 in
1172 2277 1310 2311 deiectu
1333 2277 1544 2321 praeteritos
1571 2287 1615 2310 eo

149 2326 249 2360 Deus
271 2324 424 2360 consilio
444 2323 511 2356 tide
532 2322 676 2358 Christo
693 2322 818 2368 negata}
845 2336 993 2367 peccare
1020 2324 1138 2367 jussit.
1174 2329 1212 2356 ut
1239 2336 1298 2357 eos
1329 2323 1492 2357 beatitate
1521 2334 1616 2356 mes-

150 2371 248 2407 siane
271 2371 430 2416 privaret
448 2375 482 2402 et
503 2369 652 2403 miseros
678 2370 870 2404 redderet?
906 2371 1071 2404 Minime.
1119 2369 1188 2404 Sed
1215 2382 1339 2403 eorum
1366 2375 1513 2413 peccato
1532 2368 1614 2402 Deo

152 2417 360 2451 moderante
380 2415 551 2449 messiana
572 2413 664 2449 salus
692 2416 834 2460 paganis
861 2416 1009 2461 obtigit,
1043 2422 1081 2449 ut
1104 2416 1202 2460 (rem
1231 2428 1294 2460 per
1314 2416 1440 2449 Mosen
1467 2415 1616 2448 denun-

150 2463 270 2497 tiatam
290 2462 514 2508 perfecturus
539 2460 668 2503 to,19.)
693 2473 815 2495 curam
839 2462 878 2495 iis
897 2470 1076 2506 moveret,
1107 2463 1179 2507 qua
1200 2461 1241 2494 ad
1265 2461 1474 2493 imitandam
1502 2472 1613 2506 paga-

148 2521 280 2543 norum
305 2508 434 2550 fidem,
472 2520 515 2539 ne
533 2506 700 2541 felicitate
724 2507 902 2541 messianA
930 2507 1151 2544 exciderent.
1186 2506 1422 2540 incitarentur
1448 2510 1496 2548 (v.
1527 2508 1617 2548 11.).

153 2554 189 2589 Si
207 2561 324 2588 autem
344 2554 563 2588 ,ludaeorum
578 2578 586 2594 ,
619 2553 677 2597 qui
699 2551 766 2586 Dei
787 2553 883 2597 jussu
903 2553 1172 2592 obduruerunt,
1205 2559 1389 2596 peccatum
1417 2550 1616 2586 felicitatis-

152 2611 221 2643 que
240 2600 434 2634 messianae
454 2599 588 2643 jactura
609 2600 652 2632 ab
674 2598 715 2632 iis
736 2599 825 2633 sacta
845 2600 994 2645 gentiles
1015 2599 1148 2642 ditavit,
1164 2605 1299 2644 quanto
1320 2597 1431 2641 magis
1450 2603 1616 2640 (summa

152 2652 206 2679 est
233 2647 328 2678 em'm
353 2647 482 2688 populi
500 2644 581 2684 jud.
610 2647 815 2690 majestas)
845 2643 1052 2690 recuperata
1080 2643 1149 2679 Dei
1178 2643 1295 2689 gratia
1321 2655 1446 2678 eorum
1475 2642 1617 2678 divitiae

151 2690 301 2737 gentiles
321 2692 502 2726 ditabunt!
529 2703 579 2732 tv.
599 2691 686 2732 12).
736 2689 807 2725 Vos
828 2690 946 2731 enim,
971 2704 1015 2725 ne
1032 2691 1124 2726 banc
1139 2691 1350 2724 sententiam
1379 2689 1463 2722 mibi
1493 2689 1614 2732 gemi-

151 2740 245 2770 lium
267 2740 435 2778 apostolo
453 2750 576 2784 parum
599 2736 765 2771 decoram
784 2749 859 2771 esse
878 2737 1007 2783 putetis
1020 2762 1029 2780 ,
1064 2736 1151 2771 haec
1170 2736 1416 2779 considerate,
1452 2732 1616 2781 gentiles.

153 2783 339 2826 Quatenus
359 2796 438 2818 sum
459 2784 653 2826 gentilium
674 2785 864 2825 apostolus
887 2795 1018 2817 munus
1047 2782 1084 2817 in
1110 2794 1169 2816 me
1193 2781 1366 2816 collatum
1395 2792 1437 2814 eo
1465 2779 1614 2825 conspi-

151 2841 260 2864 cuum
282 2828 392 2862 reddo
408 2830 504 2875 quod
526 2827 707 2875 experior,
737 2827 765 2863 si
795 2827 889 2863 sorte
908 2829 1050 2864 Judaeis
1077 2840 1201 2864 curam
1224 2827 1383 2871 injiciam
1408 2837 1614 2872 eorumque
