1715 3115
596 150 687 195 CA
703 148 754 194 Ρ.
786 147 885 195 lx.
946 148 1039 194 Vs.
1065 149 1157 196 21..
1537 144 1625 188 333

148 254 224 300 sed
247 253 301 297 de
320 252 593 296 conditorum
614 251 835 293 hominum
859 251 1083 294 voluntate
1105 251 1266 294 idcirco
1291 265 1316 294 a
1335 251 1435 294 Deo
1468 252 1629 312 depra-

148 312 271 364 vata,
312 318 359 353 ut
389 308 753 368 pessumdentur,
794 309 837 351 h.
865 309 896 351 1.
929 316 1087 363 agatur
1112 311 1174 363 (v.
1197 310 1305 361 17.).
1363 307 1547 363 natue,
1580 315 1630 353 ut

147 377 310 412 temere
339 383 413 409 vas
436 367 631 417 liglinum
656 365 791 420 figulo
818 365 959 409 dicat:
988 381 1065 407 cur
1094 366 1154 408 ita
1179 380 1246 408 me
1271 366 1463 411 tinxisti‘.
1511 374 1630 409 recte

145 434 289 468 tamen
314 424 426 467 idem
451 424 582 477 ligulo
604 422 820 464 dicturum
843 437 965 465 esse:
1004 429 1236 480 postquam
1260 424 1360 464 huic
1383 439 1473 478 me,
1512 424 1631 481 quod

146 497 276 536 gero,
307 481 482 535 negotio
507 479 782 537 praefecisti,
815 480 926 520 male
951 481 1055 522 mihi
1087 495 1196 522 nunc
1218 480 1526 536 impedimenta
1552 481 1631 523 ob-

140 539 271 597 jicis,
312 554 397 594 quo
432 539 573 578 minus
603 537 822 591 negotium
855 537 958 577 mihi
993 552 1016 578 a
1047 542 1088 579 te
1117 537 1370 594 impositum
1403 539 1630 595 perliciam

147 611 197 638 ac
223 602 387 638 temere
419 599 538 636 tuum
570 594 664 650 ipse
695 608 804 650 opus
834 592 1076 637 disturbas.
1145 594 1389 650 Quamnam
1420 595 1473 640 P.
1495 610 1535 639 v.
1561 597 1632 640 17.

146 654 408 696 sententiam
443 650 706 702 allegoricae
740 650 1122 707 interpretationis
1142 650 1393 708 adjumento
1414 667 1465 694 ex
1491 652 1633 695 Exod.

145 711 188 763 9,
210 712 276 753 16.
314 709 629 764 exsculpserit‚
667 707 735 748 illi
767 706 873 751 VV.
895 707 1001 751 Di).
1032 723 1116 750 non
1158 710 1268 750 satis
1297 708 1633 753 intellexerunt.

150 766 323 809 Deinde
356 765 484 807 Pauli
515 779 636 806 meus
669 764 771 805 haec
806 771 896 818 est,
950 766 1088 807 Deum
1129 765 1385 822 priusquam
1433 766 1633 808 homines

149 830 460 873 nascerentur,
499 822 619 862 certa
650 822 867 863 sententia
899 822 1186 863 constituisse
1216 828 1260 864 et
1288 837 1396 878 quos
1424 824 1634 865 beaturus

149 886 193 923 et
215 895 324 937 quos
344 887 621 920 contumaces
643 877 898 919 redditurus
921 884 1040 919 esset
1059 883 1120 934 (v,
1147 879 1213 922 18.
1233 880 1288 923 cf.
1313 894 1351 922 ν.
1373 883 1440 922 11.
1455 881 1635 934 -13.).

151 938 227 980 Ad
260 937 302 978 id
335 937 469 989 figulo
506 950 589 976 non
625 935 764 976 solum
799 936 903 976 licet
929 951 950 976 c
974 937 1066 977 luto
1087 937 1231 977 facere
1254 950 1364 992 quae
1388 937 1492 978 velit
1514 951 1636 989 vasa,

152 993 229 1036 sed
269 995 399 1035 etiam
440 994 551 1033 sacta
590 992 809 1046 relingere
855 991 1341 1047 (‹·t.lteicle.).Gl1rys.,
1392 993 1635 1048 Tlaeopliyl„

154 1052 301 1102 Grot.‚
341 1050 487 1104 Wolf„
518 1048 686 1102 Kopp„
716 1049 931 1091 Noesselt.
973 1064 1016 1105 p.
1049 1051 1146 1092 173.
1174 1051 1257 1103 al„
1307 1055 1355 1091 nt
1387 1052 1634 1092 sententiae

151 1108 207 1148 ab
227 1107 319 1164 Ap.
349 1107 490 1148 dictae
525 1105 712 1147 tristitia
741 1106 998 1157 tolleretur,
1038 1107 1200 1148 stolide
1229 1111 1405 1149 acturos
1435 1108 1634 1149 homines

152 1179 277 1216 esse,
318 1165 354 1205 si
389 1177 561 1214 corum,
602 1176 714 1218 quae
745 1162 871 1204 Deus
900 1163 1032 1204 faciat
1064 1178 1269 1205 censores
1301 1178 1398 1205 esse
1425 1165 1561 1206 velint
1592 1169 1638 1206 et

145 1220 343 1279 judices,
375 1235 472 1261 esse
493 1219 639 1276 potius
661 1219 716 1260 iis
740 1219 833 1260 Deo
854 1219 925 1275 pie
947 1219 1231 1262 obediendum
1247 1253 1258 1272 ‚
1291 1219 1473 1263 Paulum
1501 1237 1540 1263 v.
1561 1222 1636 1265 20.

152 1279 225 1321 21.
244 1276 400 1318 docere
423 1276 628 1317 arbitrati
655 1281 773 1319 sunt.
835 1275 1150 1333 Praeterquam
1183 1278 1300 1333 quod
1329 1280 1391 1319 sic
1410 1281 1500 1334 Ap.
1519 1278 1638 1319 diffi-

152 1335 361 1376 cultatem
400 1347 440 1376 τ’.
478 1335 544 1376 19.
587 1338 746 1374 motam
787 1333 898 1374 satis
938 1333 1092 1390 jejune
1135 1335 1346 1375 amoverit
1390 1337 1636 1391 nodumque

152 1405 308 1432 nexum
326 1389 532 1446 expedire
557 1404 607 1429 ne
627 1393 808 1431 conatus
829 1388 1002 1446 quidem
1035 1391 1190 1441 fuerit,
1232 1391 1340 1432 hane
1371 1392 1638 1449 interpreta-

153 1448 315 1489 tionem
347 1461 385 1489 ν.
409 1448 480 1488 21.
510 1447 565 1487 cl.
596 1460 634 1488 ν.
656 1445 728 1488 22.
751 1446 822 1489 23.
856 1447 984 1502 plane
1007 1461 1089 1488 nou
1111 1448 1322 1491 admittit.
1386 1449 1635 1491 Thalna-ciem

151 1505 284 1546 talem
315 1518 406 1545 rem
436 1503 673 1545 confinxit:
711 1500 924 1554 Paulum,
966 1518 1096 1559 quum
1130 1506 1309 1561 superbi
1334 1503 1492 1548 Judaei
1522 1506 1638 1561 (tet.

154 1567 247 1605 not.
268 1560 323 1602 ad
346 1575 385 1603 v.
411 1561 502 1614 19.)
526 1559 812 1616 objectionem
835 1574 874 1603 v.
902 1560 968 1604 10.
993 1561 1142 1602 allatis
1169 1576 1191 1602 e
1214 1561 1269 1603 V.
1294 1561 1350 1603 Τ.
1376 1563 1482 1603 locis
1505 1577 1544 1606 v.
1567 1562 1638 1605 15.

154 1620 251 1671 17.,
283 1631 394 1674 quos
415 1616 609 1674 improbe
630 1616 706 1657 ille
732 1617 1021 1672 pervertisset
1040 1617 1108 1672 (Ξ),
1142 1618 1222 1658 niti
1242 1618 1556 1671 intellexisset,
1587 1633 1640 1660 ea

157 1675 383 1719 v.20.21.
414 1673 603 1725 dixisse,
653 1673 768 1714 unde
809 1688 931 1715 suam
970 1675 1248 1716 insolentiam
1289 1690 1311 1716 a
1355 1675 1402 1718 Ρ.
1446 1675 1643 1733 perspici

158 1731 378 1786 superbus
400 1729 684 1772 adversarius
706 1737 1015 1784 cognosceret,
1055 1746 1192 1787 eoque
1218 1732 1331 1787 quod
1358 1733 1398 1773 id
1420 1733 1641 1789 superbus

156 1786 353 1831 Iudaeus
374 1786 887 1828 vidissetduhitationem
903 1789 1021 1831 ⁸219.
1036 1797 1191 1829 motam
1212 1790 1426 1830 sublatam
1449 1805 1545 1831 esse
1559 1789 1641 1844 (H).

158 1842 249 1886 Sed
279 1843 483 1898 quoniam
517 1857 752 1899 perversus
780 1842 977 1886 Judaeus
1008 1841 1142 1900 σκεύη
1173 1846 1304 1901 τιμῆς
1340 1845 1640 1888 tantummodo

157 1915 180 1942 e
197 1901 451 1941 Juriaenrnm
471 1902 617 1939 nest-cst?
639 1914 663 1940 a
685 1899 780 1939 Deo
807 1901 908 1952 tingi
929 1901 1013 1941 sibi
1038 1903 1356 1957 persuasisset,
1389 1903 1484 1944 ideo
1508 1904 1640 1944 licere

159 1957 257 1998 Deo
288 1971 310 1997 e
340 1969 697 2011 quorumcunque
728 1955 947 1997 hominum
979 1959 1120 1999 massa
1150 1954 1284 2014 σκεύη
1315 1958 1379 2008 εἰς
1399 1960 1530 2016 τιμήν
1550 1959 1640 2001 sor-

160 2027 280 2055 mare
319 2011 503 2053 Paulum
543 2026 583 2054 v.
609 2013 682 2054 21.
720 2011 947 2068 disputare
982 2013 1087 2069 (ἔέ).
1147 2013 1334 2055 Temere
1372 2016 1642 2058 Gloecltlerus

162 2084 334 2113 versum
357 2070 427 2111 20.
452 2076 494 2109 et
513 2070 583 2110 21.
603 2070 1026 2120 argumentationem
1051 2086 1076 2111 α
1096 2070 1257 2112 minore
1279 2072 1336 2113 ad
1358 2071 1505 2128 majus
1525 2087 1643 2114 com-

160 2127 295 2185 plecti
317 2126 511 2182 putavit:
541 2138 621 2166 non
639 2126 750 2166 dicet
773 2140 847 2166 ras
866 2126 1060 2180 fiqlinum
1082 2126 1211 2181 fiqulo
1229 2133 1311 2171 etc.
1343 2143 1381 2168 m
1399 2131 1514 2171 ulto
1543 2130 1643 2172 mi-

159 2198 257 2226 nus
285 2182 433 2224 homo
462 2183 572 2224 Deo
601 2185 661 2236 (v.
686 2181 802 2237 20.):
841 2182 951 2224 hunc
978 2181 1136 2236 fiqulus
1160 2182 1288 2225 habet
1312 2190 1569 2239 potestatem
1594 2187 1642 2227 in

161 2240 363 2295 arqe‘llam
390 2245 472 2281 etc.
503 2243 702 2295 qecanto
731 2240 943 2281 rectius
972 2241 1154 2281 eadem
1187 2241 1292 2282 Deo
1323 2241 1376 2282 in
1406 2242 1641 2285 homines

160 2297 440 2339 tribuetur
470 2298 531 2349 (ν.
552 2296 662 2347 21.).
721 2293 834 2336 Nam
857 2295 908 2336 de
932 2311 1032 2337 vase
1052 2301 1096 2337 et
1117 2295 1249 2348 figulo
1272 2297 1384 2338 dicta
1407 2313 1447 2340 v.
1468 2299 1541 2342 20.
1564 2300 1637 2342 21.

161 2353 293 2395 multo
313 2353 450 2407 maye‘s
469 2353 520 2393 de
544 2351 717 2393 homine
738 2359 781 2392 et
802 2352 899 2394 Deo
922 2355 1066 2393 valere
1089 2354 1209 2394 nulla
1230 2351 1282 2396 Ρ.
1298 2369 1396 2395 voce
1417 2355 1643 2400 iudicavit.

86 2454 89 2457 ,
162 2408 422 2465 Etcmtferri
444 2409 585 2450 Deum
608 2423 701 2449 cum
730 2409 878 2461 figulo,
912 2410 1109 2451 homines
1123 2424 1217 2451 cum
1232 2411 1362 2453 vasis.
1397 2427 1478 2453 non
1501 2413 1642 2454 solum

165 2479 239 2508 res
254 2465 350 2522 ipsa
371 2471 415 2506 et
437 2480 475 2510 v.
496 2467 565 2508 20.
585 2466 654 2506 21.
678 2466 929 2516 ostendunt,
960 2467 1034 2509 scd
1055 2466 1185 2508 etiam
1210 2481 1249 2510 v,
1271 2469 1340 2509 22.
1353 2469 1423 2511 23.
1441 2469 1614 2514 docent.

285 2521 340 2565 V.
362 2523 433 2565 22.
452 2523 585 2563 —2‹;.
646 2522 884 2564 Difficilem
919 2522 1029 2564 hunc
1061 2524 1091 2565 l.
1122 2537 1245 2575 esse,
1275 2523 1352 2565 sed
1372 2540 1453 2566 non
1477 2527 1535 2567 ita
1559 2526 1645 2568 dif-

166 2578 367 2632 ficilem„
390 2585 437 2620 ut
467 2578 731 2635 interpretes
764 2584 828 2620 tot
868 2580 1086 2620 absurdas
1116 2580 1431 2636 explicationes
1468 2583 1644 2624 commi-

166 2635 279 2677 nisci
297 2635 552 2688 debuerint,
584 2642 700 2676 recte
720 2634 830 2677 dixit
859 2637 910 2677 de
942 2636 1137 2679 n'ettius.
1199 2635 1378 2679 Scilicet
1403 2641 1525 2680 nullo
1549 2640 1642 2681 vul-

167 2697 266 2745 gata
290 2691 509 2748 scriptura
536 2691 690 2734 mendo
715 2692 869 2735 aflecta
894 2700 957 2734 est
980 2693 1041 2746 ἢ.
1109 2692 1390 2737 Constructio
1412 2696 1519 2737 nihil
1543 2710 1642 2753 per-

211 2786 247 2828 *2
272 2784 318 2820 Εἰ
338 2786 377 2821 δὲ
393 2800 424 2821 v.
441 2787 497 2822 22.
521 2800 611 2820 unus
632 2799 691 2820 om
712 2785 816 2822 67**.
865 2787 1010 2822 Etiamsi
1030 2789 1121 2823 idem
1143 2789 1299 2824 facerent
1316 2791 1386 2833 alii,
1417 2792 1546 2825 mirum
1568 2805 1640 2825 non

257 2837 368 2876 esset,
399 2846 510 2879 quum
539 2834 609 2877 jam
634 2832 829 2879 antiquitus
851 2834 1006 2878 saeuiunt,
1041 2836 1102 2882 qui
1121 2835 1207 2871 εἰδὲ
1226 2849 1299 2872 non
1318 2837 1578 2883 intelligerent,
1605 2845 1642 2871 ut
