1715 3115
167 211 253 254 506
445 208 822 253 EPISTOLA
858 209 960 253 AD
990 209 1360 254 ROMANOS

169 314 290 358 Prol.
315 318 356 370 §.
374 315 498 369 882.‚
539 315 718 368 Rueck,
757 313 975 369 Meyerns.
1002 316 1009 371 Ι
1034 312 1138 358 οὐδὲ
1166 318 1247 359 σοῦ’
1276 315 1502 373 φείσηται
1521 317 1626 371 (sic)

165 372 219 416 B.
239 373 311 416 42.
338 375 343 426 Ι
377 372 510 414 Aeth.
534 371 638 413 haec
657 386 698 414 v.
718 372 959 428 expressit:
986 370 1045 426 μὴ
1069 371 1149 415 σοῦ
1172 371 1397 427 φείσεται,·
1451 372 1625 415 Lectio-

164 444 266 470 num
295 427 458 484 μήπως
489 426 592 470 οὐδὲ
621 429 703 469 σοῦ
731 427 960 484 φείσηται
987 434 1031 470 et
1060 429 1220 484 μήπως
1244 426 1349 472 οὐδὲ
1370 430 1453 471 σοῦ
1475 427 1625 485 φείσε-

161 501 237 527 ται
267 485 549 542 perexiguum
585 489 654 525 est
685 483 740 525 ad
771 486 1031 527 sententiam
1066 485 1314 529 discrimen.
1391 484 1476 527 llla
1511 486 1627 527 valet

164 556 310 584 vereor
327 542 600 597 (φοβοῦμαι)
619 555 670 583 ne
688 540 805 597 forte
821 541 900 583 tibi
920 557 1077 599 qnoque
1107 557 1200 584 non
1228 547 1422 594 parcat
1450 542 1499 599 (2
1519 543 1623 585 Cor.

165 600 315 650 12‚20.
352 598 467 649 11‚3.
509 598 616 641 Act.
640 598 789 650 13,40.
819 599 975 651 2229,
1019 601 1041 640 1
1062 597 1164 642 Cor.
1182 598 1223 650 8,
1238 600 1281 641 9.
1323 596 1479 641 Matth.
1498 599 1623 651 25,9.

161 654 303 697 Hebr.
329 656 396 706 12,
415 653 483 696 25.
521 653 672 698 LXX.
713 654 874 698 Genes.
895 655 967 708 24,
985 655 1101 708 39.)‚
1142 656 1245 696 haec
1269 653 1463 696 declarat
1483 669 1625 697 vereor

194 713 453 767 φοβοῦμαι)
483 725 534 752 ne
563 710 642 752 tibi
670 724 827 767 quoque
864 726 959 754 non
993 713 1315 768 parciturus
1350 711 1425 753 sit
1459 710 1623 766 (Hebr.

191 801 202 820 ,
223 769 331 819 12.).
407 767 476 810 Cf.
506 781 701 808 summus
729 767 1004 810 Hermanmcs
1031 768 1085 809 a'd
1119 767 1256 824 Soph.
1290 766 1358 811 El.
1377 767 1476 810 992.
1505 772 1550 809 et
1579 767 1623 808 in

158 823 518 866 adnotationibus
546 823 600 864 ad
631 822 828 866 Medeam
857 825 912 865 ah
943 824 1154 881 Elmslejo
1184 824 1344 865 editam
1369 838 1414 881 p.
1432 823 1532 868 357.
1554 822 1624 868 ed.

159 881 304 935 Lips..
366 879 434 922 Ne
455 881 568 935 μηὸὲ
585 881 812 936 requiras,
841 895 986 922 vocem
1008 879 1111 925 οὐδὲ
1132 896 1258 923 unam
1279 895 1374 922 cum
1396 881 1527 923 verbo
1547 893 1623 922 no-

159 938 323 979 tionem
344 937 518 979 ellicere
541 943 754 979 memento
776 937 806 979 i.
821 951 862 992 q.
883 935 1045 992 μήπως
1063 939 1136 979 καὶ
1156 937 1238 979 σοῦ
1268 935 1328 978 οὗ
1358 936 1625 992 φείσηται

158 991 429 1050 (φείσεται),
482 994 525 1037 b.
552 1008 590 1037 e.
620 991 781 1048 μήπως
809 996 882 1035 καὶ
921 994 970 1035 σὲ
1012 991 1250 1051 ἐκκλείσῃ
1288 989 1622 1048 (ἐκκλάσει).

157 1051 421 1094 Artificiosa
443 1049 614 1104 ΆΙεμενὶ
634 1050 894 1107 explicatio:
933 1051 1201 1092 metuendum
1227 1055 1314 1092 est:
1350 1064 1408 1091 an
1429 1049 1508 1091 tibi
1525 1055 1624 1106 qno-

158 1122 238 1164 que
272 1122 372 1149 non
398 1108 723 1161 parciturus
753 1102 868 1149 est?
916 1108 1012 1159 („so
1039 1108 1128 1160 steht
1155 1119 1201 1162 311
1230 1106 1420 1160 fixrcbten:
1461 1119 1499 1149 et
1526 1105 1623 1149 mitb

159 1166 247 1214 bod)
271 1164 367 1221 nicht
387 1171 483 1206 etma
504 1165 594 1215 aud)
614 1163 735 1207 beinet
757 1163 854 1214 nicbt
873 1164 1164 1218 υετῖώοηεηὲᾚ
1200 1163 1362 1204 nemini
1386 1167 1506 1204 recte
1527 1162 1624 1217 pla-

156 1228 268 1264 ceat.
330 1220 503 1261 Nititur
524 1220 635 1261 mira
655 1220 892 1274 Ilartmzyii
910 1220 941 1262 l.
961 1233 996 1260 c.
1018 1217 1085 1272 ll,
1107 1234 1146 1276 p.
1166 1219 1263 1262 137.
1285 1234 1354 1275 sq.
1375 1217 1624 1275 disciplina,

156 1273 218 1331 μή
260 1282 360 1333 post
401 1277 531 1323 verba
569 1275 753 1318 timendi
792 1275 1033 1317 indirectae
1065 1275 1406 1328 percontationis
1437 1275 1624 1326 indicem

157 1348 273 1375 esse.
332 1333 488 1388 Neque
509 1346 589 1386 ego
608 1347 693 1373 non
715 1332 882 1384 erravi,
912 1346 1041 1387 quum
1062 1331 1259 1390 Conject.
1284 1330 1320 1383 l,
1344 1345 1390 1388 p.
1411 1331 1485 1375 49.
1507 1329 1624 1373 Pau-

156 1391 246 1432 lum
286 1388 395 1430 duas
429 1388 639 1444 loquendi
672 1389 837 1430 formas
866 1388 1194 1440 conglutinasse
1225 1391 1448 1445 putarem,
1493 1401 1622 1429 unam

155 1447 318 1500 μήπως
335 1445 418 1486 σοῦ
442 1445 670 1497 φείσεται,·
708 1447 889 1485 alteram
913 1442 1015 1486 οὐδὲ
1036 1445 1116 1486 σοῦ
1138 1444 1355 1499 φείσεται.
1387 1457 1487 1485 mem
1507 1441 1622 1499 forte

158 1502 258 1554 (tibi
281 1508 430 1558 parcet
440 1500 482 1558 ⁶2)
509 1516 560 1542 ne
579 1501 657 1543 tibi
676 1502 842 1557 quidem
860 1505 1028 1551 parcet.
1094 1501 1163 1542 De
1183 1500 1385 1541 lectionis
1411 1499 1621 1541 varietate

157 1560 222 1600 sic
243 1558 410 1616 judico.
485 1557 632 1600 Nihili
662 1570 759 1599 esse
791 1556 893 1598 οῧὸὲ
922 1558 1004 1598 σοῦ
1029 1555 1256 1610 φείσηται
1288 1556 1393 1610 (sic)
1421 1561 1621 1611 apparet.

158 1615 239 1657 Est
266 1616 379 1655 enim
412 1629 434 1655 e
463 1614 633 1655 duabus
661 1613 923 1654 lectionibus
950 1611 1129 1666 (μήπως
1157 1611 1258 1652 οὐδὲ
1287 1617 1369 1653 σοῦ
1394 1611 1622 1666 φείσήται

157 1678 202 1713 et
241 1667 343 1713 m’rde'
385 1672 467 1712 σοῦ
509 1667 751 1724 φείσεται)
798 1674 962 1709 temere
1003 1668 1294 1708 commistum.
1380 1667 1621 1723 Aethiopis

157 1727 394 1770 translatio
423 1751 478 1757 ——
514 1739 615 1767 num
642 1726 721 1768 tibi
744 1720 926 1778 parcet?
966 1721 1045 1779 (μὴ
1078 1724 1160 1765 σοῦ
1188 1723 1437 1777 φείσεταις)
1466 1724 1620 1765 lectio·-

158 1785 228 1826 nis
257 1785 340 1826 vim
371 1798 452 1824 non
485 1781 638 1834 habet,
675 1781 751 1822 sed
774 1780 956 1822 liberior
975 1794 1132 1822 sensus
1153 1778 1392 1836 descriptio
1411 1784 1501 1831 est,
1566 1780 1620 1820 ua

159 1842 379 1896 interpres
400 1839 616 1893 vulgatam
638 1838 899 1894 scripturam
919 1836 1197 1892 exprimeret.
1242 1835 1401 1891 ltaque
1421 1840 1496 1877 aut
1517 1836 1620 1878 ουδὲ

158 1898 240 1939 σοῦ
272 1895 516 1952 ([κείσεται,
557 1899 634 1935 aut
661 1891 820 1948 μήπως
849 1890 951 1934 οῦδὲ
977 1893 1057 1933 σοῦ
1080 1891 1306 1947 φείσήται
1327 1889 1574 1946 (φείσεται)
1594 1906 1620 1932 a

159 1953 212 1997 P.
244 1954 484 2009 proiectum
514 1955 598 1995 est.
655 1950 736 1993 Cui
766 1949 987 2007 posterior
1016 1949 1148 1990 lectio
1178 1948 1288 1990 haud
1319 1948 1449 1989 dubie
1478 1948 1621 1989 vindi-

155 2011 290 2053 canda
315 2015 400 2051 est.
458 2006 572 2049 Nam
608 2007 780 2049 Jrimum
804 2005 976 2062 quidem
997 2005 1171 2046 librarii
1199 2019 1250 2045 ex
1281 2003 1385 2046 οὐδὲ
1412 2004 1494 2045 σοῦ
1522 2001 1620 2059 φεί-

157 2082 283 2109 σεται
304 2080 387 2107 nou
408 2068 570 2105 temere
590 2022 775 2105 iecerint
803 2059 994 2117 μήπως
1029 2059 1132 2102 οῦδὲ
1160 2063 1240 2102 σοῦ
1269 2059 1478 2117 φείσηται
1499 2059 1619 2114 (φεί-

157 2126 325 2178 σεται);
356 2126 505 2162 contra
528 2134 579 2160 ex
608 2117 801 2174 μήπως
835 2116 936 2159 οὐδὲ
965 2119 1045 2158 σοῦ
1077 2116 1343 2172 φείσήται
1373 2115 1619 2169 (φείσεται)

156 2181 285 2222 facile
316 2177 433 2219 nasci
461 2176 607 2234 potuit
633 2172 736 2217 οὐδὲ
761 2176 842 2216 σοῦ
864 2171 1066 2228 φείσεται
1086 2178 1146 2226 (v.
1167 2174 1317 2226 infra).
1373 2171 1545 2214 Deinde
1564 2170 1618 2215 P.

156 2236 335 2290 gentilis
366 2235 570 2275 ferociam
607 2236 938 2288 oppugnaturus
972 2229 1134 2285 majore
1163 2230 1315 2285 lepore
1346 2233 1389 2270 et
1422 2228 1613 2277 efficaci-‘⁴1

156 2308 202 2335 se
227 2291 386 2345 vereri,
425 2305 477 2332 nc
496 2289 620 2330 Deus
647 2288 807 2341 gentili
838 2299 1010 2341 quoque
1032 2300 1116 2328 non
1139 2292 1290 2342 parcat
1317 2286 1493 2341 (μήπως
1515 2281 1617 2326 οὐδὲ

158 2351 238 2390 σοῦ
273 2345 505 2402 (ρείσήται)
543 2345 728 2395 dixerit,
779 2357 905 2399 quam
945 2342 1089 2382 Deum
1130 2342 1284 2395 gentili
1323 2355 1496 2397 quoque
1533 2354 1617 2380 non

157 2406 425 2456 parciturum
452 2417 540 2443 esse
568 2400 829 2456 simpliciter
858 2399 1083 2451 negaverit
1114 2395 1238 2449 (οὐδὲ
1266 2399 1347 2439 σοῦ
1377 2394 1614 2452 φείσεται).

160 2461 334 2512 Clerys.:
379 2459 453 2499 καὶ
479 2455 557 2499 οὔκ
586 2453 708 2498 εἶπεν
739 2455 867 2498 οὐδὲ
906 2456 1002 2494 σοῦ
1041 2452 1328 2509 φείσεται,
1376 2449 1487 2493 ἀλλὰ
1516 2450 1613 2506 μή-

160 2531 271 2563 πως
311 2513 438 2556 οὐδὲ
478 2513 575 2555 σοῦ
614 2510 877 2568 φείσεται
917 2509 1102 2566 (Illontf.
1132 2508 1419 2564 φείσηται)
1456 2503 1615 2548 ὑποτε-

157 2573 367 2623 μνόμενος
406 2569 486 2611 τοῦ
524 2565 656 2623 λόγου
685 2567 737 2609 τὸ
768 2565 979 2623 φορτικὸν
1009 2569 1082 2606 καὶ
1111 2564 1254 2606 ποιῶν
1283 2564 1512 2617 ἐναγώνιον
1540 2562 1617 2604 τὸν

159 2625 320 2670 πιστὸν
348 2620 473 2667 εἶναι.
542 2625 739 2667 occentu:
776 2621 934 2679 μήπως
957 2617 1058 2662 οὐδὲ
1079 2623 1159 2662 σοῦ
1179 2620 1408 2676 φείσηται]
1441 2633 1615 2671 περιαι-

159 2687 226 2737 ρεῖ
256 2684 334 2724 τοῦ
362 2680 496 2735 λόγου
523 2679 573 2721 τὸ
605 2679 815 2735 φορτικὸν
843 2679 896 2733 τῇ
923 2675 1185 2733 ἀμφιβολίᾳ.
1253 2675 1358 2717 Viri
1379 2675 1439 2718 D.
1463 2675 1616 2717 lectio-

160 2755 236 2780 nes
265 2737 367 2780 οὐδὲ
395 2738 476 2778 σοῦ
506 2734 725 2790 φείσεται
753 2741 797 2778 et
824 2733 984 2788 μήπως
1005 2730 1108 2774 οὐδὲ
1127 2733 1208 2774 σοῦ
1227 2730 1454 2787 φείσήται
1474 2744 1496 2770 a
1524 2744 1614 2773 cor-

158 2795 391 2837 rectoribus
425 2793 619 2834 invectas
655 2806 752 2833 esse
788 2790 987 2833 credunt.
1061 2787 1174 2830 Nam
1204 2788 1279 2855 qui
1311 2787 1426 2829 unde
1454 2783 1615 2841 μήπως

157 2865 416 2907 suspensum
435 2853 554 2890 esset
575 2848 864 2891 nescivissent
883 2844 1028 2888 deleta
1047 2859 1146 2889 voce
1165 2858 1326 2899 μήπως
1346 2842 1492 2887 verbis
1512 2840 1614 2885 οὐδὲ

1691 2881 1697 2910 ‚¹
