1715 3115
165 197 252 241 550
376 163 378 167 ’
448 192 828 238 EPISTOLA
860 193 962 237 An
992 193 1353 238 ROMANos

164 301 341 345 numine
370 299 566 342 immissa
593 313 692 342 esse
718 313 861 344 secum
890 300 1205 357 reputaverint.
1243 316 1246 320 ·
1272 299 1483 351 Accedit,
1513 298 1629 356 quod

165 361 261 415 Ap.
288 357 420 399 etiam
448 357 579 398 aliam
608 356 664 398 ob
689 370 863 398 causam
891 357 1115 412 sapienter
1142 357 1220 398 hoc
1246 362 1501 412 argumento
1522 370 1631 398 usus

165 422 252 457 est.
308 414 477 470 Aptum
495 413 610 455 enim
632 418 750 463 erat,
780 412 894 469 quod
917 413 1084 454 erroris
1101 411 1292 470 judaici,
1323 414 1399 469 qui
1419 427 1629 455 summam

164 471 420 513 felicitatem
449 469 793 521 Abrahamidis‚
843 469 945 525 quia
976 469 1224 511 Abrahami
1255 475 1433 527 nepotes
1466 473 1631 521 essent,

166 542 189 569 a
214 527 312 569 Deo
333 527 482 568 deberi
503 531 740 578 statueret,
770 526 1034 578 scintillam,
1074 527 1111 567 si
1140 540 1224 582 qua
1254 526 1297 567 in
1319 525 1521 584 judaicae
1542 526 1630 568 ori-

165 584 282 639 ginis
303 583 514 626 Romanis
535 583 705 625 rellicta
729 588 870 635 esset,
897 583 1214 637 exstingueret.
1272 581 1424 626 lnanis
1441 581 1631 626 Iudaeo-

165 655 260 683 rum
282 639 336 682 de
357 640 613 683 Abrahamo
634 653 796 696 proavo
817 640 1100 694 gloriantium
1122 639 1327 696 superbia
1347 644 1439 692 est,
1467 639 1505 680 si
1525 653 1629 682 non-

164 697 326 750 nullis,
357 711 441 739 non
463 697 687 749 omnibus,
718 696 1039 741 Abrahamidis
1058 697 1244 738 salutem
1264 696 1389 738 Deus
1412 710 1492 753 pro
1513 695 1632 737 arbi-

163 755 253 797 trio
286 754 547 806 destinavit,
593 754 755 796 ceteris
786 768 865 811 per
895 753 1077 795 inditam
1109 753 1422 796 contumaciam
1452 753 1631 795 exitium

163 812 355 871 paravit.
414 811 617 855 Ceterum
648 811 692 852 in
718 816 905 867 quantas
933 811 1132 853 salebras
1159 811 1214 851 ab
1240 812 1319 853 illo
1340 809 1466 852 initio
1485 811 1632 867 profe-

164 879 263 912 ctus
292 867 546 921 incidisset,
582 869 676 924 ipse
704 868 843 910 sensit
869 882 962 924 ap.;
1003 869 1150 923 itaque
1173 881 1221 909 se
1244 882 1297 909 ex
1322 867 1378 909 iis
1400 867 1633 924 expedivit,

164 932 214 968 ut
240 926 385 983 potuit
406 928 448 978 9,
470 926 539 969 14.
559 940 623 982 sq.
655 926 723 968 19.
744 939 829 981 sq..
888 924 1061 966 Deinde
1090 923 1339 966 incredulos
1363 923 1555 967 Judaeos
1586 924 1629 965 in

162 985 331 1026 foveam
354 982 586 1034 incidisse,
618 996 746 1038 quam
767 981 853 1023 sihi
875 982 960 1038 ipsi
982 981 1220 1034 fodissent,
1256 980 1308 1024 P.
1332 982 1520 1024 monuit:
1557 994 1630 1022 no-

165 1041 293 1082 luisse
312 1040 424 1081 enim
447 1054 523 1081 eos
543 1039 638 1080 Deo
657 1039 843 1094 obsequi
863 1046 908 1080 et
929 1038 1109 1081 Christo
1136 1038 1261 1081 tidem
1286 1038 1469 1091 habere,
1499 1052 1629 1094 quum

164 1096 210 1139 id
239 1097 381 1138 facere
409 1096 642 1151 potuissent
669 1097 731 1150 (9,
749 1098 893 1138 30.—
912 1097 978 1148 10,
997 1096 1106 1150 21.).
1173 1095 1269 1137 Hoc
1299 1109 1472 1151 quoque
1500 1109 1630 1149 argu-

165 1158 355 1195 mentum
378 1153 568 1195 lectores
590 1153 868 1195 vehementer
891 1167 1062 1194 movere
1084 1151 1285 1196 debebat.
1346 1152 1494 1194 Minus
1515 1152 1631 1194 enim

163 1225 313 1253 corum
337 1210 579 1252 infortunio
601 1210 816 1265 angimur,
845 1210 920 1266 qui
938 1209 1183 1251 temeritate
1203 1215 1278 1251 aut
1297 1209 1521 1266 impietate
1544 1208 1632 1266 ipsi

164 1268 251 1310 sibi
279 1271 445 1325 pestem
476 1266 711 1308 machinati
739 1266 926 1317 fuerint,
967 1281 1092 1322 quam
1114 1281 1262 1308 eorum
1289 1267 1490 1319 miseriti,
1521 1279 1632 1322 quos

164 1331 316 1366 cautos
337 1329 380 1365 et
399 1323 651 1365 innocentes
670 1337 826 1365 coecus
846 1337 975 1365 casus
994 1329 1038 1365 et
1057 1324 1259 1365 fortunae
1282 1323 1536 1365 volubilitas
1554 1337 1631 1380 op-

163 1381 395 1438 presserit.
470 1380 675 1436 Denique
703 1379 758 1420 ad
787 1385 959 1436 tempus
990 1380 1132 1422 Deum
1163 1379 1356 1424 Judaeos
1385 1379 1632 1431 indurasse,

164 1452 250 1480 non
282 1444 331 1480 ut
360 1437 548 1479 nobilem
577 1442 749 1490 gentem
781 1435 1106 1493 pessumdaret,
1147 1436 1224 1478 sed
1253 1442 1302 1478 ut
1326 1442 1463 1478 totum
1493 1450 1631 1492 genus

165 1496 400 1536 humanum
431 1493 668 1549 aliquando
700 1493 847 1535 favore
878 1495 1218 1550 amplecteretur
1239 1495 1332 1550 Ap.
1360 1492 1631 1536 demonstra-

165 1551 229 1594 vit
255 1553 346 1605 (11,
368 1551 582 1606 1.—-32.).
652 1549 772 1591 Haec
802 1564 905 1592 vero
935 1551 1050 1591 ratio
1078 1555 1122 1591 et
1142 1550 1345 1606 judaicae
1365 1550 1521 1606 stirpis
1543 1549 1631 1591 Ro-

164 1608 305 1649 manis
333 1621 500 1649 omnem
529 1607 722 1648 dolorem
750 1605 1004 1659 abstergere
1028 1611 1071 1647 et
1093 1620 1240 1648 omnes
1262 1607 1450 1647 lectores
1469 1605 1518 1647 ea
1542 1607 1631 1647 lae-

165 1664 267 1705 titia
298 1674 341 1705 ct
373 1663 661 1704 admiratione
693 1663 869 1703 afficere
899 1663 1109 1714 debehat,
1159 1662 1242 1717 qua
1283 1662 1472 1718 scriptor
1507 1662 1629 1715 gravi

165 1719 387 1762 sententia
412 1733 464 1760 ex
498 1720 612 1760 osita
631 1718 811 1760 affectus
831 1725 899 1760 est
919 1721 1010 1773 (ll,
1028 1719 1284 1771 33.—36.).
1354 1718 1633 1760 Emultemus

163 1775 341 1832 yaude‘o!
398 1734 533 1819 salisa
561 1780 624 1817 est
652 1775 766 1816 em'm
793 1775 912 1817 metio
932 1774 1140 1830 judaica,
1168 1775 1329 1817 salvum
1350 1779 1484 1817 totum
1501 1789 1633 1830 yemes

165 1831 415 1875 humanum!
476 1831 511 1874 0
532 1832 744 1886 copiosum
763 1831 851 1872 Dei
868 1829 1149 1884 opulentiam!
1188 1844 1211 1871 ο
1231 1831 1425 1872 abditam
1443 1830 1541 1886 ejus
1560 1846 1632 1873 sa-

165 1887 400 1944 pientiam!
446 1888 624 1942 Semper
641 1888 760 1929 Deus
777 1888 844 1940 pie
863 1886 1117 1929 celebretur!
1168 1889 1234 1929 At
1256 1901 1452 1941 magnam
1472 1892 1633 1940 tamen,

164 1946 209 1987 in
247 1945 366 1997 uies,
414 1958 561 1986 rerum
601 1944 934 2000 repugnantiam
965 1944 1044 1985 sua
1075 1942 1374 2000 disputatione
1404 1946 1633 2000 apostolus

164 1959 361 2054 induxit,
398 2001 467 2043 vir
485 2004 633 2042 tantus
653 2006 829 2056 tamque
852 2000 1048 2042 subtilis.
1107 1999 1441 2042 Concedendum
1469 2001 1547 2042 hoc
1576 2001 1634 2042 iis

165 2063 259 2110 est,
289 2058 365 2114 qui
385 2057 558 2111 integro
578 2071 627 2098 ac
646 2057 788 2098 libero
808 2056 952 2098 animo
965 2056 1165 2115 judicare
1185 2057 1403 2098 voluerint
1420 2057 1537 2111 (lege
1557 2071 1634 2099 no-

165 2120 302 2156 stram
326 2114 464 2155 totius
485 2116 518 2157 l.
538 2113 942 2170 interpretationem
971 2145 981 2157 .
1041 2112 1129 2155 Sed
1149 2114 1228 2154 hae
1246 2117 1389 2154 tamen
1403 2114 1637 2156 Paullinae

167 2171 490 2213 inconstantiae
523 2170 824 2211 excusationes
847 2183 931 2226 apu
988 2183 1153 2226 aequos
1186 2169 1384 2211 homines
1414 2170 1635 2222 valebunt,

168 2228 302 2269 ardor
330 2227 490 2280 animi,
539 2225 854 2282 disputationis
884 2229 1129 2279 contentio,
1177 2225 1411 2282 disciplina
1438 2226 1633 2285 judaica.

168 2284 326 2327 Multis
353 2297 486 2341 saepe
516 2282 696 2334 accidit,
737 2287 785 2324 ut
813 2283 995 2324 amicum
1024 2283 1226 2324 fortunae
1251 2283 1432 2324 fulmine
1455 2297 1633 2340 percus-

170 2356 265 2383 sum
295 2339 488 2381 erecturi
517 2339 664 2381 studio
691 2339 948 2380 consolandi
974 2339 1246 2394 argumentis
1274 2339 1431 2396 cupide
1460 2344 1634 2380 uteren-

171 2403 245 2439 tur
266 2410 407 2452 neque
428 2396 483 2437 ab
503 2395 620 2437 omni
640 2400 765 2452 parte
785 2396 924 2437 firmis
944 2401 989 2438 et
1011 2409 1194 2452 quorum
1217 2409 1347 2437 unum
1372 2410 1466 2436 cum
1492 2396 1634 2436 altero

170 2467 324 2511 parum
341 2453 622 2496 consisteret.
691 2450 749 2492 Et
769 2453 926 2493 melius
946 2453 1031 2494 sibi
1054 2451 1218 2493 Paulus
1237 2452 1555 2504 consensisset,
1595 2451 1633 2492 si

171 2509 463 2561 Aristotelis,
520 2523 603 2549 non
645 2508 906 2550 Gamalielis
947 2510 1149 2550 alumnus
1188 2508 1363 2550 fuisset.
1449 2507 1635 2550 Constat

172 2566 311 2618 enim,
358 2566 499 2606 locum
539 2564 592 2606 de
632 2564 778 2605 divina
814 2567 1076 2607 necessitate
1106 2570 1150 2607 et
1179 2564 1397 2605 hominum
1427 2564 1634 2605 libertate

175 2623 219 2665 in
241 2622 302 2665 V.
322 2620 380 2665 T.
395 2654 406 2673 ,
437 2620 552 2662 unde
574 2619 626 2663 P.
646 2624 766 2662 totus
786 2621 1017 2678 pependit,
1049 2621 1257 2677 pinguius
1278 2633 1404 2676 quam
1424 2620 1633 2662 subtilius

174 2681 406 2721 tractatum
429 2691 528 2718 csse
548 2677 625 2731 (cf.
648 2690 687 2720 v.
707 2691 745 2719 c.
767 2678 1011 2733 Hitziyium
1030 2677 1082 2718 ad
1105 2677 1199 2721 Jes.
1219 2677 1288 2728 65,
1306 2676 1387 2727 2.).

287 2733 413 2789 Quae
445 2732 495 2775 P.
526 2732 802 2777 v.25.—32.
840 2733 1084 2790 disputavit
1113 2733 1153 2775 ei
1185 2745 1376 2774 summae
1407 2731 1495 2773 Dei
1526 2745 1634 2788 opu-

176 2790 337 2834 lentiae
367 2795 411 2832 et
438 2789 684 2846 sapientiae
714 2790 963 2831 memoriam
994 2790 1269 2832 vehementer
1294 2792 1634 2830 commoverunt.

178 2846 338 2903 Itaque
365 2860 497 2905 quum
526 2849 796 2903 quantopere
824 2846 948 2889 Deus
977 2846 1134 2904 opibus
1161 2844 1427 2898 abundaret,
1464 2843 1540 2900 qui
1569 2846 1637 2885 tot
