1715 3115
517 145 606 188 CA
628 144 678 186 Ρ.
712 143 773 187 λ.
825 144 912 187 Vs.
951 145 1025 188 14.
1051 170 1101 175 —
1127 145 1220 187 16..
1523 144 1608 184 ⁴07

133 264 206 307 ap.
235 249 362 300 Oea,
402 248 746 300 Anebrose'aster‚
795 248 1086 300 It‘ee’elearclus,
1138 250 1254 292 (nstv.
1281 249 1363 301 al.)
1396 249 1604 303 supplent

130 304 256 362 παρὰ
275 306 357 347 τοῦ
376 306 600 359 λ’(ιισιοῦ,
642 307 842 362 plerique
871 305 994 359 smper
1026 306 1101 347 ιυῖ·
1127 305 1261 354 θεοῦ,
1298 320 1409 361 quae
1430 306 1600 346 disson-

128 362 198 404 sio
227 376 268 406 v.
288 363 358 407 17.
389 362 619 403 lectionem
652 363 725 403 διὰ
757 360 954 419 ῥήματος,-
986 364 1158 416 Χρισι
1178 363 1240 403 οὔ
1270 362 1435 415 genuit.
1505 362 1596 403 Ho-

127 432 225 460 rum
256 432 358 460 vera
387 420 607 460 sententia
640 425 723 462 est.
792 419 907 460 Sane
929 419 1134 461 Clu-istus
1157 420 1404 474 Apostolos
1425 421 1598 470 legasse

124 480 171 516 et
198 476 483 517 constituisse
518 475 733 516 interdum
762 474 925 516 dicitur
958 478 1063 519 Aet.
1091 477 1160 526 20,
1191 477 1256 518 17.
1305 475 1417 530 Epln.
1443 476 1486 526 4,
1515 478 1596 520 11..

124 531 214 574 Sed
235 532 314 573 hoc
333 532 540 575 Christus
563 533 688 582 lecit,
727 537 772 573 ut
796 533 905 583 Dei,
937 532 978 572 in
1003 548 1088 588 quo
1112 533 1262 572 ultima
1291 532 1501 573 humanae
1526 549 1595 573 sa-

122 588 233 631 lutis
259 603 388 630 causa
418 597 511 641 est,
549 590 767 645 interpres
795 597 838 631 et
868 589 1074 632 vicarius.
1133 588 1249 630 Hinc
1275 588 1323 632 Ρ.
1349 591 1593 645 Apostolo-

121 659 218 687 rum
241 644 542 687 invitationem
567 655 606 687 et
631 646 738 687 ‹lona
764 646 819 687 iis·
841 645 939 686 data
965 647 1240 702 frequentius
1262 661 1284 687 a
1311 646 1430 698 Deo,
1463 662 1591 701 quam

120 717 144 743 a
175 701 355 746 Christo
385 704 564 760 repetiit
598 704 658 751 15,
690 703 756 746 15.
784 718 852 759 sq.
901 704 928 743 2
954 702 1055 745 Cor.
1085 704 1126 751 3,
1147 704 1189 745 5.
1210 718 1278 759 sq.
1334 705 1434 745 (ial.
1465 706 1500 754 1,
1524 705 1590 747 15.

119 758 235 816 Eph.
255 760 297 812 3,
315 760 358 801 2.
379 761 438 802 7..
486 764 523 801 Λ
535 761 662 818 djice‚
693 761 807 816 quod
832 775 869 802 v.
892 761 961 803 17.
985 758 1058 800 διὰ
1082 755 1279 815 ῥ’],ιιατος
1309 760 1447 801 (Ι-εοῦ
1477 760 1591 802 haud

118 815 252 858 dubie
279 817 515 871 genuinum
544 824 612 858 est
637 823 680 857 et
709 831 747 859 v.
774 818 986 860 19.—21.
1008 817 1194 872 loquens
1216 817 1437 857 inducitur
1463 819 1588 858 nens:

123 873 332 924 Quomodo
359 879 500 915 autem
533 873 722 915 homines
749 873 975 923 docebunt,
1016 874 1099 914 nisi
1127 877 1170 926 (a
1198 874 1315 927 Deo)
1340 875 1470 927 leyuti
1492 873 1587 928 sne-

117 925 241 972 rint?
279 930 311 973 i.
332 945 372 973 e.
402 944 524 972 nemo
555 939 697 971 autem
728 930 883 971 docere
910 932 1074 987 poterit
1100 933 1196 987 (np.
1219 931 1305 982 ita,
1336 938 1387 971 ut
1406 931 1589 972 idoneus

117 985 180 1027 sit
207 986 418 1041 magister
445 988 473 1027 2
493 987 595 1030 Cor.
612 988 654 1038 3,
673 987 716 1029 4.
733 986 943 1043 justaque
965 988 1159 1029 doctoris
1182 988 1445 1028 auctoritate
1471 989 1588 1028 frua-

117 1043 235 1096 tur),
279 1044 365 1085 nisi
395 1058 419 1084 a
451 1043 551 1086 Deo
582 1045 744 1085 missus
773 1045 923 1087 suerit.
1001 1044 1115 1086 Nam
1151 1045 1225 1100 qui
1257 1060 1304 1085 se
1339 1046 1590 1100 Apostolos

113 1099 144 1140 2
163 1098 266 1143 Cor.
288 1102 356 1152 11,
377 1101 470 1152 13.,
512 1101 748 1158 prophetas
778 1100 944 1144 Jerom.
972 1102 1043 1153 23,
1066 1103 1138 1144 21.
1188 1101 1346 1144 Matth.
1376 1104 1417 1151 7,
1442 1103 1510 1145 15.
1543 1109 1589 1143 et

114 1157 352 1210 magistros
381 1159 408 1198 2
430 1155 549 1200 Petr.
570 1163 611 1208 2,
635 1160 673 1199 1.
707 1158 957 1200 hominibus
986 1159 1276 1200 obtruserunt
1301 1164 1420 1199 recte
1444 1159 1587 1214 spreti

112 1219 234 1257 sunt.
304 1213 483 1256 Scilicet
515 1230 625 1271 quos
660 1214 780 1255 Dens
812 1230 961 1257 verum
992 1229 1075 1257 nou
1105 1213 1378 1267 edocuisset,
1417 1215 1449 1256 ii
1475 1231 1586 1258 vana

111 1283 193 1311 sua
223 1277 462 1312 commenta
496 1271 555 1312 ibi
588 1277 870 1327 sparserunt,
921 1271 1034 1313 unde
1068 1272 1277 1314 lucellum
1311 1278 1585 1329 sperassent.

110 1325 316 1369 Ceterum
339 1328 486 1369 verbis
510 1330 606 1377 πῶς
629 1323 704 1369 οὖν
727 1327 1069 1371 ἐπικαλέσοιται
1087 1353 1409 1361 —————
1428 1327 1502 1371 ἐὰν
1522 1328 1583 1385 μ’)

109 1381 427 1435 ἅποσταλῶσις
458 1384 621 1427 sorites
642 1384 783 1438 inest,
812 1399 898 1441 quo
918 1386 1010 1442 Ap.
1030 1400 1052 1425 a
1075 1399 1122 1426 re
1143 1383 1298 1427 effecta
1321 1384 1374 1427 ad
1396 1386 1460 1427 rei
1482 1401 1584 1428 cau-

110 1454 186 1482 sas
214 1440 492 1496 regreditur,
531 1441 670 1483 donec
699 1440 753 1482 ad
779 1456 872 1483 eam
902 1442 1175 1498 pervenerit,
1214 1457 1325 1498 quae
1357 1443 1398 1484 ei
1429 1444 1583 1484 ultima

109 1495 156 1541 h.
175 1497 207 1540 l.
228 1497 429 1555 ponenda
451 1503 562 1541 erat.
621 1498 791 1555 Nempe
822 1504 870 1539 ut
898 1513 983 1540 non
1012 1513 1144 1556 posse
1165 1503 1209 1539 te
1234 1514 1493 1555 quemquam
1516 1500 1583 1541 in-

107 1567 287 1606 vocare,
318 1555 406 1596 nisi
427 1555 638 1597 divinitus
660 1556 809 1596 missis
827 1556 1015 1609 legatis,
1051 1556 1127 1612 qui
1149 1555 1270 1613 ejus,
1308 1571 1432 1612 quem
1460 1557 1582 1598 imo-

105 1624 209 1653 care
231 1611 414 1662 debeas,
453 1612 712 1667 dignitatem
736 1612 817 1653 tibi
839 1612 1157 1668 explicuerint,
1186 1614 1279 1669 Ap.
1300 1613 1474 1664 doceat,
1516 1615 1582 1655 in-

106 1668 376 1710 vocationem
400 1667 483 1711 lide
505 1669 651 1724 gigni,
689 1668 817 1710 lidem
841 1669 996 1711 notitia
1019 1669 1159 1721 effici,
1201 1670 1401 1711 notitiam
1423 1670 1582 1712 afferre

105 1723 338 1777 doctores,
367 1724 571 1768 doctores
592 1732 735 1767 autem
756 1726 900 1767 facere
920 1724 1111 1767 divinam
1131 1727 1396 1779 legationem
1421 1734 1579 1770 monet.

107 1781 178 1823 De
206 1780 383 1823 Weuius
402 1782 598 1837 putidam
622 1782 874 1835 Rueclcerti‚
913 1796 1024 1839 quae
1049 1783 1242 1824 scholam
1266 1784 1436 1838 sapiat,
1476 1784 1580 1825 dili-

106 1837 300 1904 gentiam
323 1839 557 1894 vituperat,
590 1840 672 1894 qua
697 1839 773 1880 ille
798 1854 837 1882 v.
858 1853 897 1882 ν.
921 1839 988 1882 15.
1010 1839 1106 1888 πῶς
1128 1839 1176 1880 δὲ
1196 1839 1473 1894 κιρκξουσιν,
1502 1839 1578 1881 ἐὰν

211 1891 224 1907 2

104 1908 166 1948 μη
197 1895 516 1945 αποσταλῶσις
565 1909 661 1935 cum
691 1908 807 1937 voce.
841 1910 881 1938 v.
905 1896 971 1936 14.
1003 1899 1101 1944 πῶς
1131 1889 1208 1935 οὖν
1237 1894 1577 1938 ἐπικαλέσωνται

105 1947 171 1999 εἰς
197 1943 248 1991 ὃν
276 1946 356 1991 οὐκ
381 1948 671 2001 ἐπίσιευσαι’;
712 1951 999 1992 connexuerit
1022 1952 1052 1992 i.
1072 1965 1110 1994 e.
1133 1948 1320 1992 Paulum
1341 1967 1392 1993 eo
1414 1952 1530 2008 quod
1552 1967 1578 1995 a

103 2007 250 2049 causis
278 2007 561 2064 propioribus
590 2006 644 2047 ad
672 2021 828 2048 causas
856 2007 1143 2058 remotioreS,
1186 2007 1322 2049 donec
1352 2007 1404 2049 ad
1433 2014 1578 2050 extre-

105 2078 216 2105 mam
277 2065 541 2116 ervenisset,
581 2078 814 2115 regressus
844 2069 964 2105 esset
993 2064 1074 2105 hoc
1103 2064 1328 2108 docuisse:
1376 2066 1473 2116 πῶς
1502 2061 1578 2107 οὖν

104 2079 440 2162 ἐπικαῗέσονιαι
457 2153 468 2172 ,
499 2118 575 2162 ἐὰν
595 2119 653 2175 μὴ
679 2118 973 2175 κηρύσσηντες
991 2118 1309 2172 mansamuz,-
1338 2123 1576 2166 censuerit.

104 2175 199 2219 lmo
229 2178 519 2218 necessariam
547 2178 685 2219 tuisse
711 2178 1030 2234 Apostolorum
1058 2177 1365 2219 institutionem
1389 2177 1575 2220 Paulum

105 2239 154 2276 ut
179 2248 226 2276 se
256 2233 536 2285 abſtrahatis,
575 2250 596 2273 a
628 2233 788 2290 quilius
814 2248 944 2290 saepe
973 2233 1230 2288 repudiatus
1254 2239 1396 2286 esset,
1425 2234 1574 2276 ‹lesen-

103 2290 250 2343 deret,
277 2306 316 2333 v.
343 2292 410 2334 14.
434 2291 500 2333 15.
523 2290 658 2332 obiter
679 2291 940 2335 observasse
964 2290 1061 2332 (ΗΓ.
1084 2296 1298 2334 autumat.
1358 2294 1455 2333 Aut
1473 2292 1575 2334 (ΗΓ.

104 2347 260 2390 soritis
290 2354 489 2389 naturam
522 2347 763 2401 ignoravit,
811 2354 887 2388 aut
916 2362 1008 2388 eam
1043 2346 1179 2388 l'aulo
1211 2348 1401 2399 ignotam
1436 2349 1574 2389 fuisse

64 2435 67 2437 -
104 2404 298 2460 putavit,
338 2406 412 2461 qui
442 2420 520 2460 pro
549 2405 627 2444 susi
658 2403 905 2445 subtilitate
931 2418 1103 2445 versum
1130 2404 1195 2446 15.
1219 2418 1302 2445 non
1326 2404 1576 2462 adjecisset,

104 2460 183 2502 sed
204 2462 349 2503 verbis
371 2463 468 2511 πῶς
492 2462 539 2502 δέ
565 2456 806 2501 ἀκούσουσι
833 2461 1000 2514 χωρὶς
1031 2457 1435 2515 κηρύσσοντος;
1475 2477 1574 2518 per·

102 2517 305 2559 contandi
335 2519 465 2559 linem
495 2517 695 2567 fecisset,
732 2516 769 2557 si
794 2517 981 2572 quotide
1007 2515 1160 2557 Wettio
1181 2516 1222 2557 in
1246 2522 1429 2559 mentem
1457 2519 1576 2561 venit

103 2575 259 2616 docere
281 2575 510 2617 voluisset.
540 2598 596 2603 —
656 2572 803 2614 Fulcit
827 2572 878 2616 P.
903 2587 940 2616 V.
971 2574 1066 2620 πῶς
1097 2574 1145 2614 δὲ
1174 2571 1457 2628 κηρύξουσωι,
1500 2574 1576 2616 ἐὰν

101 2628 165 2685 μ’)
206 2627 520 2680 &nomast-(Uoc,-
574 2628 749 2687 Jesajae
790 2644 890 2671 vore
928 2629 999 2679 52,
1023 2631 1089 2680 7.,
1137 2644 1264 2684 quam
1298 2631 1393 2687 ipse
1428 2632 1576 2682 vertit,

103 2702 235 2743 quum
257 2702 349 2728 eam
370 2687 519 2729 LXX.
542 2701 692 2743 parum
715 2694 829 2728 recte
854 2686 1189 2727 transtulissent
1211 2691 1270 2741 (v.
1295 2688 1444 2738 infra).
1509 2686 1575 2728 lbi

101 2752 224 2785 vates
253 2752 394 2786 mente
419 2745 504 2785 sibi
531 2750 868 2799 repraesentans
890 2743 1088 2782 numium
1113 2741 1153 2782 in
1179 2745 1397 2784 montibus
1424 2746 1574 2799 procul

102 2801 267 2852 visum,
305 2801 377 2855 qui
400 2801 490 2859 jam
518 2802 663 2842 redire
686 2799 878 2844 =ludaeos
902 2799 1007 2841 duce
1030 2799 1193 2842 sehon-a
1215 2815 1265 2841 ox
1289 2801 1446 2842 exsilio
1466 2802 1575 2843 alla-
