1715 3115
513 151 672 198 CAP.
705 151 766 196 X.
798 150 893 196 Vs.
922 152 966 197 6.
998 177 1049 184 -
1077 151 1138 196 8..
1475 152 1562 195 395

63 254 66 260 ’
95 263 177 306 h‘oc
194 259 407 313 efficitur,
437 258 554 315 quod
574 264 706 315 quum
725 257 846 300 aliud
864 257 925 300 sit
951 257 1172 315 faciendo,
1208 255 1330 298 aliud
1358 255 1565 299 credendo

94 318 390 374 iutegritatem
412 317 648 373 consequi,
679 316 828 358 Moses
850 315 947 372 ipse
967 316 1266 368 integritatem
1287 311 1375 368 fide
1394 308 1566 370 varari-

95 374 194 418 dam
232 375 277 416 in
314 374 587 427 integritatis
618 372 817 415 faciendo
844 372 1137 429 acquirendae
1163 372 1305 413 locum
1338 383 1566 412 cessuram

94 445 196 474 esse
215 431 480 474 vaticinatus
498 431 557 472 sit
575 435 637 486 (v,
658 430 830 486 supra).
889 429 1152 472 Rueck-erius
1179 442 1353 485 quoque
1385 441 1429 483 p.
1459 426 1566 470 474.

91 488 226 546 facile
246 488 433 530 salutem
454 487 536 529 fide
561 487 807 544 comparari
826 484 1012 528 Paulum
1031 486 1075 530 h.
1095 485 1127 528 l.
1149 498 1365 542 exponere
1388 483 1568 541 judica·-

98 546 183 597 νὴ,
233 551 424 587 ceterum
455 543 862 601 interpretationem
895 557 1048 600 parum
1080 541 1249 584 felicem
1288 556 1332 598 p.
1360 542 1464 584 472.
1495 553 1568 596 ες.

96 602 353 659 proposuit:
390 602 482 643 noli
509 607 649 643 tecum
679 601 899 655 cogitare:
939 600 1104 642 utinam
1130 598 1297 656 aliquis
1323 599 1368 640 in
1395 598 1568 640 coelum

96 657 326 700 ascendat!
374 659 456 700 hoc
495 665 565 700 est
593 658 817 700 Christum
849 658 893 699 in
923 658 1072 698 orbem
1105 661 1323 698 terrarum
1351 654 1570 697 deducere

97 715 151 771 (i.
184 730 228 771 q.
257 713 502 772 cujusmodi
531 722 676 756 votum
711 714 935 758 Christum
967 713 1195 772 objurgat,
1235 711 1350 770 quod
1380 711 1572 754 homini-

99 773 182 814 bus
203 776 392 814 nondum
413 772 606 828 expiatis
628 785 766 827 neque
787 771 949 812 divinis
977 768 1203 812 mandatis'
1226 771 1342 812 inter
1370 769 1571 812 homiues

98 829 310 871 confectis
327 828 532 871 sublimis
552 829 596 870 in
619 830 784 871 coelum
807 828 992 880 abierit,
1021 837 1066 869 et
1084 828 1310 870 Christum
1343 826 1486 868 denuo
1512 824 1571 868 ad

101 885 300 928 homiues
329 886 458 943 quasi
487 885 710 941 devocat),
748 892 844 928 aut:
878 886 1045 928 utinam
1075 885 1241 941 aliquis
1268 884 1313 926 in
1343 897 1490 926 orcum
1522 897 1572 924 se

102 942 320 985 conterat!
350 943 402 998 (ἰ.
423 957 466 999 q.
496 942 661 984 utinam
692 943 855 999 aliquis
884 956 1022 997 genus
1052 942 1284 984 humanum
1313 942 1574 998 expiaturus

102 1007 285 1041 mortem
306 999 527 1056 oppetatl)
559 999 602 1043 h.
621 1014 661 1043 e.
682 999 906 1042 Christum
928 1013 983 1041 ex
1011 999 1167 1040 inferis
1196 997 1252 1040 ad
1279 1012 1466 1055 superos
1493 997 1576 1039 du-

103 1069 205 1103 cere
224 1057 274 1107 (i.
296 1071 339 1112 q.
362 1056 605 1098 cuiusmodi
627 1063 771 1099 votum
792 1057 934 1098 facere
956 1057 1069 1097 nihil
1099 1056 1220 1098 aliud
1249 1060 1343 1108 est,
1381 1055 1468 1097 nisi
1496 1068 1575 1111 po-

104 1114 298 1166 stulare,
329 1120 375 1154 ut
395 1113 625 1166 Christus,
661 1114 867 1170 quoniam
891 1119 1030 1155 morte
1057 1114 1136 1155 susi
1170 1113 1369 1154 homines
1396 1112 1575 1155 minime

105 1170 376 1226 expiaverit,
415 1184 596 1223 rursus,
639 1178 687 1212 nt
715 1171 794 1213 hoc
819 1170 1043 1227 perficiat,
1088 1175 1270 1212 mortem
1299 1168 1455 1221 adeat,
1498 1172 1578 1211 aut

104 1240 204 1268 eum
219 1229 399 1268 ηυηιίαηι
420 1227 473 1268 ad
493 1227 658 1269 inferos
679 1242 726 1269 se
746 1229 986 1269 contulisse
1008 1228 1258 1269 homiuibus
1279 1241 1382 1268 nece
1402 1227 1481 1269 sua
1502 1239 1578 1268 ex-

105 1283 242 1341 piatis
262 1284 539 1338 affirmare).
603 1283 663 1326 Ut
683 1285 826 1326 omnia
838 1284 1072 1327 Rueckcrto
1089 1284 1377 1337 concesseris,
1407 1284 1489 1326 hae
1509 1287 1578 1324 ta-

107 1354 206 1382 men
224 1340 494 1382 sententiae:
519 1355 627 1397 (socae
644 1356 667 1383 e
682 1341 767 1395 fide
786 1342 924 1384 oritur
948 1341 1178 1394 inteqritas
1200 1341 1265 1383 ita
1291 1341 1481 1397 cogitare
1507 1353 1578 1382 ve-

107 1401 199 1440 tat:
231 1397 393 1439 utinam
415 1398 569 1454 aliquis
588 1398 628 1439 in
647 1398 806 1440 coelum
826 1398 1030 1440 ascendat
1048 1403 1123 1439 aut
1152 1399 1195 1439 in
1222 1412 1367 1440 orcum
1398 1398 1578 1439 descen-

108 1454 210 1497 dat!
238 1455 436 1509 quonium
454 1454 559 1496 haec
578 1459 728 1508 optata
759 1455 938 1496 hominis
962 1459 1061 1496 sunt
1082 1454 1295 1497 Christum
1322 1455 1577 1510 prinsquam

107 1512 316 1566 neqotium
335 1525 457 1552 smcm
477 1510 728 1553 absolvisset
748 1511 790 1552 in
809 1511 968 1553 coelum
995 1525 1040 1552 sc
1067 1511 1276 1565 recepisse
1307 1509 1580 1568 affirmantis

108 1581 284 1622 eumque
303 1567 494 1609 homines
513 1572 647 1609 morte
665 1571 744 1608 sul?
764 1567 964 1621 expiasse
982 1569 1203 1622 neyanit's;
1240 1568 1323 1610 imo
1341 1569 1386 1610 in
1403 1570 1580 1623 promtu

109 1623 190 1666 tibi
224 1637 316 1665 esse
353 1628 630 1679 praeceptum
669 1624 720 1666 de
755 1622 841 1678 lide
867 1623 1034 1666 Christo
1063 1624 1283 1677 habenda,
1321 1638 1399 1682 qno
1429 1623 1581 1674 beeris,

99 1679 284 1733 -ideoque
301 1679 477 1735 facilem
495 1681 705 1736 aequisita
724 1682 909 1723 salutem
938 1695 1028 1722 esse
1055 1681 1283 1736 inteqritas
1312 1696 1422 1738 quae
1443 1696 1468 1722 e
1492 1680 1581 1733 fide

113 1736 253 1778 oritur
272 1742 409 1778 monet
433 1750 572 1792 neque
594 1737 710 1778 inter
730 1751 777 1779 se
797 1737 907 1779 satis
925 1737 1160 1778 cohaerent
1183 1752 1324 1794 neque
1347 1750 1583 1794 argumen-

113 1797 207 1833 tum
229 1793 472 1844 continent,
503 1807 589 1847 quo
611 1793 829 1835 sententia
859 1808 900 1837 ν.
928 1795 972 1837 4.
1003 1795 1290 1836 confirmetur
1319 1797 1380 1849 (ν.
1409 1796 1584 1850 supra).

117 1847 207 1890 Sed
231 1850 309 1904 qui
333 1849 410 1889 hoc
433 1855 556 1890 voto:
588 1851 751 1891 utinum
772 1850 925 1904 aliquis
945 1851 986 1892 in
1009 1851 1166 1892 coelum
1194 1851 1420 1894 ascendat!
1451 1850 1584 1896 Chri-

115 1913 213 1947 stus
245 1906 470 1961 culpetur,
507 1905 622 1961 quod
655 1908 907 1961 priusquam
940 1907 1022 1947 Dei
1054 1907 1254 1948 mandata
1285 1913 1586 1965 persequutus

115 1967 235 2003 esset
254 1963 456 2003 sublimis
481 1962 521 2002 in
539 1962 704 2002 coelum
727 1964 894 2002 abisset
916 1963 1106 2014 intelligi
1126 1965 1255 2019 plane
1275 1980 1326 2006 ne
1363 1966 1450 2017 uit3
1481 1979 1586 2021 pos-

117 2027 187 2060 set
207 2019 549 2075 quodammodo,
589 2018 626 2059 si
648 2020 741 2075 Ap.
769 2015 884 2060 τοῦτ’
905 2016 1001 2061 ἔστι
1021 2019 1222 2074 Χριστὸν
1249 1980 1417 2064 aaziae
1444 2037 1586 2063 κατα-

118 2080 263 2132 γαγεῖν
291 2075 562 2131 scripsisset.
623 2074 773 2117 Minus
804 2075 936 2117 etiam
966 2090 990 2118 e
1016 2076 1164 2117 verbis
1193 2075 1260 2127 τίς
1286 2076 1586 2136 καταβήσεται

121 2127 185 2182 εἷς
213 2129 290 2186 τὴν
321 2125 537 2185 ἔβυσσον;
578 2131 685 2173 haec
716 2133 931 2174 sententia
961 2134 1169 2175 extricari
1202 2141 1372 2191 potest:
1420 2136 1588 2178 utinam

120 2190 276 2245 aliquis
295 2188 483 2231 homines
509 2190 764 2243 expiaturus
795 2190 1019 2233 moriatur.
1082 2190 1266 2233 Adeunt
1293 2207 1441 2234 orcum
1471 2205 1586 2234 mor-

119 2245 186 2288 tui
203 2245 314 2290 Luc.
334 2247 501 2297 lfi,23..
562 2245 648 2287 sed
669 2247 756 2287 alia
776 2246 1004 2300 moriendi,
1035 2249 1120 2288 alia
1140 2262 1281 2290 orcum
1303 2251 1488 2292 adeundi
1509 2263 1587 2291 no-

121 2303 185 2344 tio
207 2309 292 2345 est.
347 2303 404 2344 Et
424 2305 500 2359 qui
519 2303 693 2344 tandem
715 2301 995 2354 καταβαίνειν
1013 2302 1078 2351 εἰς
1093 2303 1171 2356 τὴν
1191 2299 1386 2357 ἄβυσσον
1416 2307 1588 2361 signifi·

121 2373 222 2401 care
250 2364 398 2431 potest
422 2360 554 2410 mori,
602 2365 646 2401 ut
671 2359 903 2401 homines
929 2359 1154 2415 expies?
1204 2361 1436 2406 Postremo
1467 2377 1588 2406 vocc.

106 2413 236 2464 ,τοῦτ’
257 2417 354 2460 ἐστι
373 2414 573 2469 Χριστὸν
595 2414 641 2458 ἑκ
668 2416 829 2472 νεκρῶν
859 2414 1087 2471 ἀναγαγεῖν
1113 2420 1178 2471 (h.
1211 2434 1253 2462 e.
1273 2420 1502 2463 Christum
1530 2435 1590 2463 ex

123 2472 278 2527 inferis
295 2474 353 2515 ad
371 2487 543 2527 superos
560 2472 733 2523 (lucere)
753 2472 978 2514 declarare
1005 2482 1250 2531 nequeunt:
1289 2476 1404 2534 quod
1435 2484 1591 2536 optare

124 2529 236 2571 nihil
256 2529 377 2571 aliud
396 2536 488 2581 est,
519 2529 603 2570 nisi
626 2528 848 2572 Christum
880 2531 1101 2573 nondum
1136 2534 1193 2575 ud
1220 2533 1381 2589 inferos
1406 2536 1588 2577 descen-

124 2585 237 2628 disse
255 2585 538 2628 contendere!
578 2585 729 2641 Wolf„
759 2586 981 2638 Rosenm„
1012 2589 1132 2642 Jasp.
1153 2590 1212 2633 al.
1233 2603 1273 2634 ν.
1293 2592 1337 2633 6.
1358 2616 1412 2623 ——
1430 2592 1476 2636 8.
1509 2592 1589 2634 hoc

125 2641 214 2684 dici
242 2648 419 2700 putant:
457 2642 627 2686 Christi
657 2644 899 2685 doctrinam
925 2644 1007 2698 (ita
1034 2647 1146 2688 enim
1174 2647 1376 2702 Χριστόν
1404 2662 1445 2693 v.
1473 2650 1517 2691 6.
1546 2651 1589 2692 7.

127 2698 451 2756 explicuerunt)
471 2701 567 2742 sine
587 2701 739 2751 magua
763 2715 908 2742 rerum
931 2702 1156 2744 molitione
1173 2702 1283 2746 disci
1305 2719 1462 2762 posse:
1492 2720 1592 2747 nam

128 2769 224 2798 cam
245 2769 384 2813 neque
414 2771 438 2799 e
466 2757 589 2800 coelo
621 2771 759 2813 neque
787 2772 838 2798 ex
866 2773 967 2800 orco
998 2760 1230 2817 petendam
1261 2776 1361 2804 esse
1387 2776 1428 2806 v·
1455 2764 1500 2806 6.
1532 2764 1593 2815 7.,

130 2811 272 2856 sedin
292 2819 473 2871 promtu
504 2827 626 2868 esse,
666 2814 832 2872 suscipi
863 2822 1006 2860 mente
1035 2817 1270 2877 verbisque
1297 2819 1513 2864 celebrari
1537 2821 1593 2862 ab
