1715 3115
442 214 601 262 CAP.
634 214 802 261 vill.
837 216 927 261 Vs.
957 216 1037 262 29.
1068 220 1111 258 et
1140 214 1228 260 30..
1491 213 1577 256 203

108 324 168 365 el.
188 320 266 378 τὴν
285 319 434 364 εἰκόνα
461 324 540 365 τοῦ
565 324 780 378 Χριστοῦ,
813 338 939 379 quam
972 323 1013 364 in
1044 321 1169 364 nobis
1189 321 1313 362 Deus
1334 318 1579 375 exprimere

109 380 402 432 constituerit,
430 385 688 422 constantem
709 382 915 423 atrocium
936 381 1142 422 malorum
1156 377 1429 421 tolerantiam
1440 379 1580 416 aeter-

108 440 166 478 m?
185 436 396 493 felicitate
416 437 772 478 remunerandam
792 439 854 492 (ν.
882 439 997 489 17.),
1037 436 1159 487 θρα,
1199 435 1395 483 Tum-et„
1422 432 1579 474 Henm.

110 492 169 535 al.
201 492 357 535 Christe·
383 493 658 534 sanctitatem
687 493 804 534 nobis
832 493 1087 535 ime'tccndam
1121 494 1142 534 1
1168 489 1288 532 Petr.
1309 490 1351 541 2,
1379 489 1450 531 21.
1491 487 1582 528 dici

109 553 337 605 putarunt.
406 548 518 590 Nam
550 550 627 590 has
655 549 956 606 expositiones
987 564 1126 606 neque
1164 562 1280 590 voce.
1327 540 1582 598 συμμόρ-

111 619 248 659 φους
279 607 380 660 τῆς
411 603 628 656 εἰκόνος
660 621 697 647 τ.
731 602 826 647 υἱοῦ
857 600 992 648 atim&
1022 605 1240 662 recipiunt
1271 602 1440 659 (inepte
1465 601 1582 641 enim

110 660 204 703 (ΗΓ.
233 659 311 716 τὴν
333 661 513 717 μορφήν
534 663 574 705 11.
597 664 628 706 1.
651 669 693 704 et
716 661 815 704 Phil
835 663 876 716 2,
890 666 931 706 (5.
954 664 1252 713 conditionem,
1290 659 1421 701 vitam
1443 656 1584 709 signi-

111 718 244 759 ficare
269 719 440 775 jecitl),
479 733 616 776 neque
649 720 679 761 1.
703 721 726 761 l
749 719 850 762 Cor.
878 719 945 769 15,
964 720 1035 762 49.
1068 723 1093 760 2
1116 718 1216 761 Cor.
1238 718 1279 769 3,
1302 716 1369 758 18.
1402 713 1522 757 Phil.
1542 714 1586 765 3,

111 775 186 818 21.
215 774 467 825 admittunt,
499 791 638 832 neque
666 775 714 819 P.
734 774 975 833 disputatio
994 777 1127 833 capit.
1180 773 1359 817 Scilicet
1385 785 1586 813 necessa-

113 832 227 873 rium
251 837 342 884 est,
374 839 419 873 ut
439 833 584 874 vorbis
608 828 835 887 προώρισε
857 848 989 885 συμμ.
1012 848 1049 874 τ.
1073 830 1154 874 ein.
1171 847 1208 873 τ.
1232 827 1330 872 υἱοῦ
1350 843 1420 871 res
1441 827 1587 869 decla-

115 894 252 940 retur‚
283 889 327 929 in
350 889 431 944 quzi
454 885 476 944 ἦ
501 889 608 940 δόξα
629 896 848 933 cernatur.
916 889 1029 932 Nam
1052 903 1178 945 quam
1196 902 1285 930 rem
1302 886 1426 927 Deus
1450 883 1588 925 homi·

116 945 245 987 nibus
273 950 399 986 antea
430 946 688 999 destinarit,
727 950 779 988 et?
808 951 853 989 ut
883 946 1070 988 homines
1088 945 1329 999 potirentur
1349 941 1491 983 Deum
1514 955 1589 981 cu-

115 1002 284 1044 ravisse
315 1004 492 1059 exponit
519 1018 558 1046 v.
587 1004 677 1046 30..
755 1003 971 1059 Quocirca
1010 1017 1049 1046 v.
1077 999 1279 1057 προέγνω
1299 997 1591 1053 συμμόρφους

116 1057 208 1099 κτλ.
249 1073 374 1100 sensu
410 1060 541 1101 verbo
579 1057 762 1110 ὲδόξασε
800 1059 1068 1118 respondere
1098 1057 1274 1100 debent.
1305 1052 1369 1104 εἰς
1396 1054 1447 1095 τὸ
1478 1055 1590 1095 εἰναι

118 1112 250 1156 aecem
277 1130 352 1172 πρ.
389 1114 422 1157 ἑ.
458 1132 505 1159 π.
534 1114 595 1172 εἰ]
668 1116 762 1168 Qut)
796 1123 934 1160 mente
963 1116 1210 1172 (Meyerus)
1242 1113 1364 1154 Deus
1401 1111 1485 1152 filii
1521 1108 1593 1151 sui

116 1171 302 1213 formam
333 1173 457 1214 nobis
479 1178 605 1214 antea
626 1172 896 1226 decreverit,
935 1175 1027 1231 Ap.
1056 1170 1274 1229 adjungit.
1332 1167 1457 1210 Fecit
1480 1164 1594 1208 illud

118 1242 165 1269 eo
190 1229 376 1281 consilio,
404 1235 448 1271 ut
469 1230 658 1272 ctu-istus
674 1231 982 1286 primoqenitns
999 1233 1107 1271 esset
1126 1229 1238 1269 inter
1257 1225 1411 1267 multos
1429 1222 1596 1280 fratres

119 1283 282 1339 (Hebr.
302 1286 344 1337 2,
368 1287 470 1335 11.).
530 1287 648 1340 Ergo
679 1302 761 1329 non
793 1294 841 1330 ut
868 1302 972 1338 1105,
1011 1284 1088 1328 sed
1108 1290 1154 1325 ut
1173 1283 1383 1326 Christum
1402 1284 1597 1332 ornaret,

120 1346 288 1384 tantum
322 1342 367 1383 in
399 1356 477 1384 nos
506 1342 637 1386 decus
667 1345 864 1386 conferre
892 1344 1018 1386 Deus
1052 1341 1223 1383 statuit.
1292 1336 1470 1380 Nititur
1491 1337 1597 1378 haec

121 1397 364 1456 disputatio
393 1401 610 1442 sententia
640 1415 663 1442 a
691 1401 778 1468 piis
811 1399 1080 1445 Christianis
1109 1394 1406 1439 concedenda:
1455 1394 1598 1436 Deum

122 1456 349 1497 omnium
380 1471 521 1498 rerum
559 1458 850 1513 principatum
881 1458 1048 1501 Christo
1082 1453 1284 1496 detulisse
1319 1450 1416 1495 Col.
1440 1452 1480 1503 l,
1511 1451 1598 1494 18..

122 1511 211 1553 Fac
250 1512 390 1555 Deum
426 1513 702 1570 adoptionem
743 1515 783 1556 in
827 1515 944 1556 lilios
985 1510 1160 1555 nemini
1187 1508 1451 1552 destinasse.
1527 1505 1598 1548 lta

123 1567 330 1610 Christus
350 1566 372 1610 ὃ
391 1570 626 1625 μονογενὴς
646 1569 739 1620 υἱὸς
760 1569 839 1614 τοῦ
861 1570 973 1612 θεοῦ
994 1573 1112 1611 esset
1132 1571 1175 1608 et
1198 1565 1273 1622 qui
1294 1566 1448 1607 unicus
1469 1568 1599 1605 natu-

122 1626 172 1667 ra
195 1633 313 1668 esset
336 1626 423 1668 Dei
452 1627 571 1669 lilius
604 1642 689 1669 non
717 1627 902 1686 primum
933 1628 1072 1668 locum
1105 1625 1222 1666 inter
1262 1636 1337 1664 eos
1367 1621 1602 1672 obtineret,

123 1682 286 1738 quibus
308 1682 420 1725 idem
443 1684 566 1726 Deus
585 1691 883 1727 ornamentum
914 1684 1124 1726 dedisset.
1191 1678 1321 1722 Nulli
1341 1678 1454 1720 enim
1474 1691 1602 1733 repe-

125 1739 338 1784 rirentur.
396 1739 553 1797 ltaque
577 1741 724 1794 Deus,
762 1746 811 1783 ut
833 1741 1011 1785 Christo
1035 1739 1166 1780 etiam
1198 1741 1244 1778 ut
1269 1734 1460 1788 Deifilz‘o
1480 1733 1603 1790 prin-

127 1795 300 1851 cipatus
320 1801 439 1838 esset
457 1798 805 1840 multoslmmines
821 1800 862 1840 ἰη
879 1796 990 1852 filios
1011 1794 1246 1847 adoptavit.
1307 1791 1381 1833 Sic
1393 1789 1602 1834 Christus

131 1845 150 1891 ἶ
184 1850 468 1905 πρωτότοκος
499 1853 662 1903 (Hebr.
696 1857 735 1907 1,
763 1855 824 1910 6.)
852 1853 895 1896 ἐν
924 1853 1109 1899 πολλοῖς
1140 1847 1352 1904 ἀδελφοῖς
1379 1846 1539 1901 (Hebr.
1560 1847 1604 1898 2,

131 1907 202 1951 10.
228 1910 313 1959 11.)
337 1908 366 1951 i.
387 1922 426 1951 e.
450 1915 553 1950 natu
572 1911 783 1953 maximus
813 1925 951 1966 eoque
973 1906 1275 1950 nobilissimus
1304 1903 1403 1957 (Ps.
1422 1904 1494 1952 89,
1511 1903 1606 1956 28.)

131 1964 219 2005 Dei
251 1965 368 2005 lilius
401 1966 572 2007 exstitit
597 1973 638 2008 ct
669 1981 924 2009 numerosae
954 1964 1148 2006 familiae
1178 1961 1265 2003 dux
1287 1967 1330 2002 et
1352 1961 1606 2014 antesigna-

133 2035 233 2064 nus,
292 2019 343 2061 ln
369 2021 576 2063 vocabulo
597 2020 883 2076 πρωτότοκος
903 2029 993 2064 tum
1016 2020 1133 2061 notio
1152 2019 1337 2072 primum
1356 2017 1451 2058 nati
1475 2016 1606 2071 (mul-

131 2081 177 2118 to
198 2077 310 2118 enim
331 2078 454 2133 prins
476 2077 681 2120 Christus
702 2079 855 2120 nanu-:⁴1
885 2079 967 2120 Dei
989 2077 1108 2118 lilius
1129 2075 1227 2126 suit,
1258 2087 1385 2129 quam
1409 2073 1607 2114 homines

134 2134 179 2176 in
202 2134 288 2175 Dei
310 2135 425 2176 lilios
455 2133 649 2192 adoptati
673 2141 774 2177 sunt
797 2135 894 2179 Col.
917 2137 956 2185 1,
981 2134 1049 2175 15.
1074 2133 1189 2183 17.),
1225 2135 1317 2171 tum
1336 2129 1545 2184 principis
1563 2133 1608 2170 et

133 2190 252 2232 ducis
289 2191 496 2242 cogitatio
532 2198 593 2243 (v.
637 2193 771 2235 Deut.
801 2193 870 2239 21,
905 2193 974 2234 17.
1015 2189 1112 2232 col.
1144 2190 1184 2239 1,
1215 2189 1282 2230 18.
1323 2188 1469 2242 Apoc.
1505 2187 1544 2238 l,
1564 2184 1609 2230 5.

136 2246 215 2290 Ps.
233 2248 407 2298 39‚29.)
429 2249 609 2290 tenenda
633 2255 715 2299 est,
746 2262 1004 2304 quamquam
1030 2247 1132 2287 llaec
1156 2245 1198 2286 11.
1218 2244 1249 2286 l.
1271 2241 1609 2299 praeponderat.

137 2305 239 2346 Non
262 2312 551 2361 perceperunt
583 2304 632 2349 P.
654 2313 864 2354 mentem,
902 2311 991 2345 tum
1015 2303 1090 2358 qui
1110 2315 1148 2344 v,
1171 2298 1235 2349 εἷς
1258 2299 1306 2340 ’τὸ
1334 2293 1446 2340 εἶναι
1468 2314 1510 2340 α.
1532 2313 1609 2354 πρ.

140 2359 173 2403 ἑ.
198 2375 244 2401 π.
269 2359 310 2402 (Ξ.
337 2362 674 2416 parenthetieam
696 2369 739 2404 et
757 2362 891 2403 obiter
910 2360 1125 2416 adjectum
1144 2355 1400 2398 sententiam
1420 2355 1611 2413 comple-

138 2418 197 2458 cti
217 2417 533 2473 perhibuerunt
553 2420 728 2468 (Ileum.
754 2418 952 2469 lineola),
992 2422 1081 2456 tum
1114 2412 1190 2469 qui
1210 2415 1302 2469 Ap.
1322 2425 1477 2465 parum
1497 2416 1613 2454 recte

139 2471 204 2523 εἷς
222 2472 272 2514 τὸ
297 2468 403 2516 εἶναι
427 2473 561 2516 αι”ῐὸν
581 2473 864 2528 πρωτότοκον
883 2471 928 2515 ἑν
949 2472 1132 2518 πολλοῖς
1148 2467 1360 2523 ἀδελφοῖς
1379 2482 1458 2524 pro
1479 2465 1543 2518 εἰς
1558 2465 1609 2509 τὸ

137 2524 248 2572 εἶναι
261 2529 374 2586 ἡμᾶς
384 2527 608 2585 ἀδελφοὺς
618 2530 765 2577 αὐτοῦ,
781 2527 965 2571 αι”ῑὸνὸἐ
980 2524 1262 2581 πρωτότοκον
1273 2525 1508 2581 scripsisse
1520 2524 1613 2565 cul-

140 2594 301 2643 parunt
329 2591 389 2642 (ν.
412 2588 567 2631 Rueck.
581 2588 636 2631 cl.
652 2587 869 2629 Tholuccio
882 2590 925 2628 et
941 2587 968 2627 d
979 2585 1076 2639 ΠΖ).
1137 2582 1258 2623 Haec
1279 2596 1302 2622 ο
1340 2581 1427 2622 inio
1448 2582 1515 2622 vel
1536 2593 1615 2637 per

142 2658 189 2684 se
226 2643 413 2685 absurda
458 2650 523 2685 est
573 2658 712 2700 neque
752 2642 988 2699 quidquam
1029 2639 1208 2682 subtilis
1249 2638 1289 2680 vi
1324 2637 1453 2679 elicet
1484 2637 1616 2688 ratio,

146 2699 230 2756 quii
249 2701 554 2745 communitur.
585 2700 626 2742 h.
647 2701 676 2744 Ι.
696 2715 774 2741 mm
796 2700 846 2740 de
861 2698 1086 2753 praecipuo
1106 2696 1287 2753 quodam
1309 2694 1518 2737 Christi
1543 2694 1615 2735 de-

145 2771 261 2806 core,
306 2757 380 2798 sed
416 2758 466 2798 de
505 2757 661 2798 (flu-isti
697 2756 976 2798 similitudine
1024 2751 1364 2795 Christianis
1413 2749 1617 2792 divinitus

144 2813 361 2855 destinate?
401 2814 663 2867 potissimum
703 2812 858 2866 exponi
901 2809 1105 2866 (Rueck,
1143 2809 1169 2850 11
1179 2807 1265 2861 W.)
1313 2807 1490 2862 probat,
1531 2805 1618 2846 nisi

145 2869 247 2911 illos
268 2868 532 2926 interpretes
555 2868 832 2912 dormitasse.
894 2867 951 2914 V.
978 2867 1048 2912 30.
1069 2865 1246 2909 Naxus:
1275 2864 1454 2906 Minime
1471 2867 1616 2905 autem
