<?xml version="1.0" encoding="UTF-8"?>
<!DOCTYPE html PUBLIC "-//W3C//DTD XHTML 1.0 Transitional//EN"
    "http://www.w3.org/TR/xhtml1/DTD/xhtml1-transitional.dtd">
<html xmlns="http://www.w3.org/1999/xhtml" xml:lang="en" lang="en">
 <head>
  <title>
</title>
<meta http-equiv="Content-Type" content="text/html;charset=utf-8" />
  <meta name='ocr-system' content='tesseract 3.04.00' />
  <meta name='ocr-capabilities' content='ocr_page ocr_carea ocr_par ocr_line ocrx_word'/>
</head>
<body>
  <div class='ocr_page' id='page_1' title='image "./pauliadromanosep02frituoft/pauliadromanosep02frituoft_0089.png"; bbox 0 0 1715 3115; ppageno 0'>
   <div class='ocr_carea' id='block_1_1' title="bbox 529 173 1566 224">
    <p class='ocr_par' dir='ltr' id='par_1_1' title="bbox 529 173 1566 224">
     <span class='ocr_line' id='line_1_1' title="bbox 529 173 1566 224; baseline -0.002 -3"><span class='ocrx_word' id='word_1_1' title='bbox 529 173 687 222; x_wconf 83' lang='lat' dir='ltr'><strong>cAP.</strong></span> <span class='ocrx_word' id='word_1_2' title='bbox 728 174 860 222; x_wconf 85' lang='lat' dir='ltr'><strong>Vll.</strong></span> <span class='ocrx_word' id='word_1_3' title='bbox 900 175 993 223; x_wconf 75' lang='lat' dir='ltr'><strong>Vs.</strong></span> <span class='ocrx_word' id='word_1_4' title='bbox 1021 176 1120 224; x_wconf 79' lang='lat'><strong>25..</strong></span> <span class='ocrx_word' id='word_1_5' title='bbox 1510 177 1566 219; x_wconf 79' lang='lat'><strong>⁷7</strong></span> 
     </span>
    </p>
   </div>
   <div class='ocr_carea' id='block_1_2' title="bbox 94 281 1568 1470">
    <p class='ocr_par' dir='ltr' id='par_1_2' title="bbox 94 281 1568 1470">
     <span class='ocr_line' id='line_1_2' title="bbox 94 281 1566 340; baseline -0.001 -14"><span class='ocrx_word' id='word_1_6' title='bbox 94 284 237 327; x_wconf 80' lang='lat' dir='ltr'><strong>locata</strong></span> <span class='ocrx_word' id='word_1_7' title='bbox 268 285 371 325; x_wconf 81' lang='lat' dir='ltr'><strong>sunt</strong></span> <span class='ocrx_word' id='word_1_8' title='bbox 410 281 496 325; x_wconf 79' lang='lat' dir='ltr'><strong>nisi</strong></span> <span class='ocrx_word' id='word_1_9' title='bbox 525 281 779 340; x_wconf 81' lang='lat' dir='ltr'><strong>Subjecturn</strong></span> <span class='ocrx_word' id='word_1_10' title='bbox 810 282 1033 326; x_wconf 83' lang='lat' dir='ltr'><strong>continere</strong></span> <span class='ocrx_word' id='word_1_11' title='bbox 1062 285 1315 340; x_wconf 78' lang='lat' dir='ltr'><strong>nequeunt,</strong></span> <span class='ocrx_word' id='word_1_12' title='bbox 1355 286 1400 324; x_wconf 84' lang='lat' dir='ltr'><strong>et</strong></span> <span class='ocrx_word' id='word_1_13' title='bbox 1427 282 1566 325; x_wconf 88' lang='lat' dir='ltr'><strong>multo</strong></span> 
     </span>
     <span class='ocr_line' id='line_1_3' title="bbox 95 333 1567 396; baseline -0.001 -14"><span class='ocrx_word' id='word_1_14' title='bbox 95 341 230 383; x_wconf 77' lang='lat' dir='ltr'><strong>aliter</strong></span> <span class='ocrx_word' id='word_1_15' title='bbox 258 340 341 381; x_wconf 84' lang='lat' dir='ltr'><strong>ista</strong></span> <span class='ocrx_word' id='word_1_16' title='bbox 375 339 591 380; x_wconf 79' lang='lat' dir='ltr'><strong>sententia</strong></span> <span class='ocrx_word' id='word_1_17' title='bbox 622 339 902 396; x_wconf 82' lang='lat' dir='ltr'><strong>concipienda</strong></span> <span class='ocrx_word' id='word_1_18' title='bbox 934 345 1053 393; x_wconf 79' lang='lat' dir='ltr'><strong>erat,</strong></span> <span class='ocrx_word' id='word_1_19' title='bbox 1091 353 1132 384; x_wconf 77' lang='grc' dir='ltr'><strong>ν.</strong></span> <span class='ocrx_word' id='word_1_20' title='bbox 1163 353 1205 383; x_wconf 83' lang='lat' dir='ltr'><strong>c.</strong></span> <span class='ocrx_word' id='word_1_21' title='bbox 1242 339 1331 382; x_wconf 79' lang='lat' dir='ltr'><strong>sie:</strong></span> <span class='ocrx_word' id='word_1_22' title='bbox 1371 333 1459 394; x_wconf 72' lang='grc' dir='ltr'><strong>ὅρα</strong></span> <span class='ocrx_word' id='word_1_23' title='bbox 1489 334 1567 381; x_wconf 74' lang='grc' dir='ltr'><strong>οὖν</strong></span> 
     </span>
     <span class='ocr_line' id='line_1_4' title="bbox 94 391 1564 453; baseline -0.001 -15"><span class='ocrx_word' id='word_1_24' title='bbox 94 398 209 439; x_wconf 73' lang='grc' dir='ltr'><em>θεοῦ</em></span> <span class='ocrx_word' id='word_1_25' title='bbox 229 412 276 438; x_wconf 86' lang='grc' dir='ltr'><strong>τε</strong></span> <span class='ocrx_word' id='word_1_26' title='bbox 297 392 429 445; x_wconf 72' lang='grc' dir='ltr'><em>αὐτὸς</em></span> <span class='ocrx_word' id='word_1_27' title='bbox 447 396 519 437; x_wconf 82' lang='grc' dir='ltr'><strong>καὶ</strong></span> <span class='ocrx_word' id='word_1_28' title='bbox 540 391 762 453; x_wconf 78' lang='grc' dir='ltr'><strong><em>ἁμαρτίας</em></strong></span> <span class='ocrx_word' id='word_1_29' title='bbox 784 395 945 446; x_wconf 78' lang='grc' dir='ltr'><strong><em>δοῦλός</em></strong></span> <span class='ocrx_word' id='word_1_30' title='bbox 971 395 1079 450; x_wconf 82' lang='grc' dir='ltr'><strong><em>εἰμι.</em></strong></span> <span class='ocrx_word' id='word_1_31' title='bbox 1137 395 1231 439; x_wconf 75' lang='lat' dir='ltr'><strong>Sed</strong></span> <span class='ocrx_word' id='word_1_32' title='bbox 1261 396 1303 438; x_wconf 90' lang='lat' dir='ltr'><strong>ei</strong></span> <span class='ocrx_word' id='word_1_33' title='bbox 1329 395 1482 450; x_wconf 78' lang='lat' dir='ltr'><strong>generi</strong></span> <span class='ocrx_word' id='word_1_34' title='bbox 1508 394 1564 437; x_wconf 85' lang='lat' dir='ltr'><strong>de</strong></span> 
     </span>
     <span class='ocr_line' id='line_1_5' title="bbox 96 451 1565 510; baseline 0.001 -14"><span class='ocrx_word' id='word_1_35' title='bbox 96 467 183 510; x_wconf 87' lang='lat' dir='ltr'><strong>quo</strong></span> <span class='ocrx_word' id='word_1_36' title='bbox 204 454 479 496; x_wconf 71' lang='lat' dir='ltr'><strong>Hermannus</strong></span> <span class='ocrx_word' id='word_1_37' title='bbox 500 453 532 494; x_wconf 90' lang='lat' dir='ltr'><strong>l.</strong></span> <span class='ocrx_word' id='word_1_38' title='bbox 550 466 589 495; x_wconf 90' lang='lat' dir='ltr'><strong>c.</strong></span> <span class='ocrx_word' id='word_1_39' title='bbox 610 452 785 507; x_wconf 78' lang='lat' dir='ltr'><strong>egregie</strong></span> <span class='ocrx_word' id='word_1_40' title='bbox 803 451 1045 509; x_wconf 81' lang='lat' dir='ltr'><strong>disputavit</strong></span> <span class='ocrx_word' id='word_1_41' title='bbox 1061 453 1408 495; x_wconf 85' lang='lat' dir='ltr'><strong>contribuendus</strong></span> <span class='ocrx_word' id='word_1_42' title='bbox 1435 458 1505 494; x_wconf 84' lang='lat' dir='ltr'><strong>est</strong></span> <span class='ocrx_word' id='word_1_43' title='bbox 1529 452 1565 497; x_wconf 89' lang='lat' dir='ltr'><strong>l.</strong></span> 
     </span>
     <span class='ocr_line' id='line_1_6' title="bbox 94 503 1566 566; baseline -0.002 -14"><span class='ocrx_word' id='word_1_44' title='bbox 94 509 265 566; x_wconf 77' lang='lat' dir='ltr'><strong>Eph.4‚</strong></span> <span class='ocrx_word' id='word_1_45' title='bbox 283 511 350 551; x_wconf 88' lang='lat'><strong>10.</strong></span> <span class='ocrx_word' id='word_1_46' title='bbox 371 503 394 548; x_wconf 78' lang='grc' dir='ltr'><em>ὂ</em></span> <span class='ocrx_word' id='word_1_47' title='bbox 412 507 606 560; x_wconf 73' lang='grc' dir='ltr'><strong><em>καταβὰς</em></strong></span> <span class='ocrx_word' id='word_1_48' title='bbox 625 505 758 557; x_wconf 76' lang='grc' dir='ltr'><em>αὐτός</em></span> <span class='ocrx_word' id='word_1_49' title='bbox 776 508 869 550; x_wconf 82' lang='grc' dir='ltr'><em>ἐστι</em></span> <span class='ocrx_word' id='word_1_50' title='bbox 894 511 965 551; x_wconf 80' lang='grc' dir='ltr'><strong>καὶ</strong></span> <span class='ocrx_word' id='word_1_51' title='bbox 989 509 1012 551; x_wconf 87' lang='grc' dir='ltr'><strong>ὁ</strong></span> <span class='ocrx_word' id='word_1_52' title='bbox 1034 506 1202 562; x_wconf 64' lang='grc' dir='ltr'>ἀναβὰς</span> <span class='ocrx_word' id='word_1_53' title='bbox 1219 505 1426 564; x_wconf 77' lang='grc' dir='ltr'><em>ὑπεράνω</em></span> <span class='ocrx_word' id='word_1_54' title='bbox 1445 507 1566 550; x_wconf 67' lang='grc' dir='ltr'><em>πάν-</em></span> 
     </span>
     <span class='ocr_line' id='line_1_7' title="bbox 95 562 1565 622; baseline -0.001 -15"><span class='ocrx_word' id='word_1_55' title='bbox 95 581 183 607; x_wconf 81' lang='grc' dir='ltr'><strong>των</strong></span> <span class='ocrx_word' id='word_1_56' title='bbox 199 568 286 607; x_wconf 80' lang='grc' dir='ltr'><strong>τῶν</strong></span> <span class='ocrx_word' id='word_1_57' title='bbox 307 562 503 620; x_wconf 73' lang='grc' dir='ltr'><em>οὗρανῶν</em></span> <span class='ocrx_word' id='word_1_58' title='bbox 522 589 590 608; x_wconf 81' lang='lat'><strong>—.</strong></span> <span class='ocrx_word' id='word_1_59' title='bbox 623 565 697 617; x_wconf 81' lang='lat' dir='ltr'><strong>qui</strong></span> <span class='ocrx_word' id='word_1_60' title='bbox 719 565 945 607; x_wconf 80' lang='lat' dir='ltr'><strong>descendit</strong></span> <span class='ocrx_word' id='word_1_61' title='bbox 962 566 1052 618; x_wconf 73' lang='lat' dir='ltr'><strong>ipse</strong></span> <span class='ocrx_word' id='word_1_62' title='bbox 1070 571 1137 608; x_wconf 87' lang='lat' dir='ltr'><strong>est</strong></span> <span class='ocrx_word' id='word_1_63' title='bbox 1157 566 1290 608; x_wconf 75' lang='lat' dir='ltr'><strong>etiarn</strong></span> <span class='ocrx_word' id='word_1_64' title='bbox 1315 565 1389 622; x_wconf 92' lang='lat' dir='ltr'><strong>qui</strong></span> <span class='ocrx_word' id='word_1_65' title='bbox 1412 579 1565 607; x_wconf 79' lang='lat' dir='ltr'><strong>aseen-</strong></span> 
     </span>
     <span class='ocr_line' id='line_1_8' title="bbox 98 620 1566 679; baseline -0.001 -15"><span class='ocrx_word' id='word_1_66' title='bbox 98 621 166 664; x_wconf 86' lang='lat' dir='ltr'><strong>dit</strong></span> <span class='ocrx_word' id='word_1_67' title='bbox 183 647 256 666; x_wconf 78' lang='lat'><strong>-.</strong></span> <span class='ocrx_word' id='word_1_68' title='bbox 313 620 564 673; x_wconf 60' lang='lat' dir='ltr'><strong>Rueckedi,</strong></span> <span class='ocrx_word' id='word_1_69' title='bbox 609 620 767 665; x_wconf 72' lang='lat' dir='ltr'><strong>Waneri</strong></span> <span class='ocrx_word' id='word_1_70' title='bbox 795 635 861 676; x_wconf 85' lang='lat' dir='ltr'><strong>gr.</strong></span> <span class='ocrx_word' id='word_1_71' title='bbox 894 636 938 676; x_wconf 82' lang='lat' dir='ltr'><strong>p.</strong></span> <span class='ocrx_word' id='word_1_72' title='bbox 968 622 1067 666; x_wconf 88' lang='lat'>112.</span> <span class='ocrx_word' id='word_1_73' title='bbox 1094 623 1154 667; x_wconf 82' lang='lat' dir='ltr'><strong>al.</strong></span> <span class='ocrx_word' id='word_1_74' title='bbox 1187 621 1496 679; x_wconf 73' lang='lat' dir='ltr'><strong>interpretatio</strong></span> <span class='ocrx_word' id='word_1_75' title='bbox 1525 621 1566 663; x_wconf 75' lang='lat' dir='ltr'><strong>is</strong></span> 
     </span>
     <span class='ocr_line' id='line_1_9' title="bbox 98 677 1564 736; baseline 0.001 -17"><span class='ocrx_word' id='word_1_76' title='bbox 98 683 167 720; x_wconf 77' lang='lat' dir='ltr'><strong>est</strong></span> <span class='ocrx_word' id='word_1_77' title='bbox 186 678 342 730; x_wconf 84' lang='lat' dir='ltr'><strong>etiam,</strong></span> <span class='ocrx_word' id='word_1_78' title='bbox 372 678 447 734; x_wconf 89' lang='lat' dir='ltr'><strong>qui</strong></span> <span class='ocrx_word' id='word_1_79' title='bbox 468 703 519 709; x_wconf 46' lang='grc' dir='ltr'><strong>ψ-</strong></span> <span class='ocrx_word' id='word_1_80' title='bbox 540 680 602 732; x_wconf 79' lang='lat' dir='ltr'><strong>(v.</strong></span> <span class='ocrx_word' id='word_1_81' title='bbox 624 684 714 722; x_wconf 86' lang='lat' dir='ltr'><strong>not.</strong></span> <span class='ocrx_word' id='word_1_82' title='bbox 735 677 788 720; x_wconf 82' lang='lat' dir='ltr'><strong>ad</strong></span> <span class='ocrx_word' id='word_1_83' title='bbox 808 692 850 722; x_wconf 75' lang='lat' dir='ltr'><strong>v,</strong></span> <span class='ocrx_word' id='word_1_84' title='bbox 875 679 967 731; x_wconf 90' lang='grc'><strong>10.)</strong></span> <span class='ocrx_word' id='word_1_85' title='bbox 993 692 1076 720; x_wconf 91' lang='lat' dir='ltr'><strong>non</strong></span> <span class='ocrx_word' id='word_1_86' title='bbox 1105 679 1254 736; x_wconf 79' lang='lat' dir='ltr'><strong>explet</strong></span> <span class='ocrx_word' id='word_1_87' title='bbox 1284 678 1564 724; x_wconf 80' lang='lat' dir='ltr'><strong>sententiam.</strong></span> 
     </span>
     <span class='ocr_line' id='line_1_10' title="bbox 98 733 1563 791; baseline 0 -14"><span class='ocrx_word' id='word_1_88' title='bbox 98 734 194 778; x_wconf 83' lang='lat' dir='ltr'><strong>Hoc</strong></span> <span class='ocrx_word' id='word_1_89' title='bbox 213 735 327 776; x_wconf 69' lang='lat' dir='ltr'><strong>enirn</strong></span> <span class='ocrx_word' id='word_1_90' title='bbox 352 733 492 777; x_wconf 76' lang='lat' dir='ltr'><strong>Paulo</strong></span> <span class='ocrx_word' id='word_1_91' title='bbox 511 733 737 776; x_wconf 87' lang='lat' dir='ltr'><strong>dicendum</strong></span> <span class='ocrx_word' id='word_1_92' title='bbox 759 742 848 778; x_wconf 89' lang='lat' dir='ltr'><strong>est:</strong></span> <span class='ocrx_word' id='word_1_93' title='bbox 879 735 955 790; x_wconf 86' lang='lat' dir='ltr'><strong>qui</strong></span> <span class='ocrx_word' id='word_1_94' title='bbox 975 735 1250 777; x_wconf 85' lang='lat' dir='ltr'><strong>descenderit</strong></span> <span class='ocrx_word' id='word_1_95' title='bbox 1265 736 1403 791; x_wconf 75' lang='lat' dir='ltr'><strong>ipsum</strong></span> <span class='ocrx_word' id='word_1_96' title='bbox 1430 735 1563 777; x_wconf 82' lang='lat' dir='ltr'><strong>etiam</strong></span> 
     </span>
     <span class='ocr_line' id='line_1_11' title="bbox 97 790 1566 848; baseline 0 -16"><span class='ocrx_word' id='word_1_97' title='bbox 97 805 194 834; x_wconf 89' lang='lat' dir='ltr'><strong>eum</strong></span> <span class='ocrx_word' id='word_1_98' title='bbox 214 806 328 844; x_wconf 87' lang='lat' dir='ltr'><strong>esse,</strong></span> <span class='ocrx_word' id='word_1_99' title='bbox 351 791 425 848; x_wconf 87' lang='lat' dir='ltr'><strong>qui</strong></span> <span class='ocrx_word' id='word_1_100' title='bbox 448 790 693 832; x_wconf 76' lang='lat' dir='ltr'><strong>ascenderit</strong></span> <span class='ocrx_word' id='word_1_101' title='bbox 713 792 757 836; x_wconf 87' lang='lat' dir='ltr'><strong>h.</strong></span> <span class='ocrx_word' id='word_1_102' title='bbox 777 806 818 835; x_wconf 90' lang='lat' dir='ltr'><strong>e.</strong></span> <span class='ocrx_word' id='word_1_103' title='bbox 842 791 917 847; x_wconf 84' lang='lat' dir='ltr'><strong>qui</strong></span> <span class='ocrx_word' id='word_1_104' title='bbox 935 791 1211 834; x_wconf 86' lang='lat' dir='ltr'><strong>descenderit</strong></span> <span class='ocrx_word' id='word_1_105' title='bbox 1227 791 1408 834; x_wconf 90' lang='lat' dir='ltr'><strong>eundem</strong></span> <span class='ocrx_word' id='word_1_106' title='bbox 1427 792 1566 833; x_wconf 78' lang='lat' dir='ltr'><strong>etiam</strong></span> 
     </span>
     <span class='ocr_line' id='line_1_12' title="bbox 96 844 1566 906; baseline 0.001 -17"><span class='ocrx_word' id='word_1_107' title='bbox 96 847 366 892; x_wconf 76' lang='lat' dir='ltr'><strong>ascendisse.</strong></span> <span class='ocrx_word' id='word_1_108' title='bbox 424 846 710 905; x_wconf 78' lang='lat' dir='ltr'><strong>conjecturae</strong></span> <span class='ocrx_word' id='word_1_109' title='bbox 730 854 873 890; x_wconf 74' lang='lat' dir='ltr'><strong>nutem</strong></span> <span class='ocrx_word' id='word_1_110' title='bbox 904 846 1061 890; x_wconf 76' lang='lat' dir='ltr'><strong>Wmeri</strong></span> <span class='ocrx_word' id='word_1_111' title='bbox 1079 844 1225 899; x_wconf 71' lang='grc' dir='ltr'><strong><em>αῧτὸς</em></strong></span> <span class='ocrx_word' id='word_1_112' title='bbox 1253 848 1338 891; x_wconf 90' lang='lat' dir='ltr'><strong>nisi</strong></span> <span class='ocrx_word' id='word_1_113' title='bbox 1368 848 1459 891; x_wconf 65' lang='lat' dir='ltr'><strong>tota</strong></span> <span class='ocrx_word' id='word_1_114' title='bbox 1487 861 1566 906; x_wconf 86' lang='lat' dir='ltr'><strong>pe-</strong></span> 
     </span>
     <span class='ocr_line' id='line_1_13' title="bbox 96 903 1565 961; baseline -0.001 -14"><span class='ocrx_word' id='word_1_115' title='bbox 96 905 223 947; x_wconf 84' lang='lat' dir='ltr'><strong>riodo</strong></span> <span class='ocrx_word' id='word_1_116' title='bbox 245 905 375 946; x_wconf 81' lang='lat' dir='ltr'><strong>aliter</strong></span> <span class='ocrx_word' id='word_1_117' title='bbox 391 905 661 946; x_wconf 62' lang='lat' dir='ltr'><strong>conformata</strong></span> <span class='ocrx_word' id='word_1_118' title='bbox 681 905 830 946; x_wconf 88' lang='lat' dir='ltr'><strong>nullus</strong></span> <span class='ocrx_word' id='word_1_119' title='bbox 850 905 972 946; x_wconf 83' lang='lat' dir='ltr'><strong>locus</strong></span> <span class='ocrx_word' id='word_1_120' title='bbox 1000 910 1084 947; x_wconf 85' lang='lat' dir='ltr'><strong>est.</strong></span> <span class='ocrx_word' id='word_1_121' title='bbox 1142 904 1277 947; x_wconf 84' lang='lat' dir='ltr'><strong>Recte</strong></span> <span class='ocrx_word' id='word_1_122' title='bbox 1311 905 1385 961; x_wconf 89' lang='lat' dir='ltr'><strong>qui</strong></span> <span class='ocrx_word' id='word_1_123' title='bbox 1415 903 1565 961; x_wconf 88' lang='lat' dir='ltr'><strong>loqui-</strong></span> 
     </span>
     <span class='ocr_line' id='line_1_14' title="bbox 97 961 1568 1005; baseline 0 -2"><span class='ocrx_word' id='word_1_124' title='bbox 97 968 171 1003; x_wconf 84' lang='lat' dir='ltr'><strong>tur</strong></span> <span class='ocrx_word' id='word_1_125' title='bbox 188 961 382 1005; x_wconf 70' lang='lat' dir='ltr'><strong>Iudaeus</strong></span> <span class='ocrx_word' id='word_1_126' title='bbox 405 975 527 1001; x_wconf 80' lang='lat' dir='ltr'><strong>sunm</strong></span> <span class='ocrx_word' id='word_1_127' title='bbox 549 961 768 1002; x_wconf 81' lang='lat' dir='ltr'><strong>miseriam</strong></span> <span class='ocrx_word' id='word_1_128' title='bbox 800 962 843 1003; x_wconf 90' lang='lat' dir='ltr'><strong>in</strong></span> <span class='ocrx_word' id='word_1_129' title='bbox 877 962 984 1003; x_wconf 83' lang='lat' dir='ltr'><strong>hanc</strong></span> <span class='ocrx_word' id='word_1_130' title='bbox 1013 976 1221 1003; x_wconf 77' lang='lat' dir='ltr'><strong>summam</strong></span> <span class='ocrx_word' id='word_1_131' title='bbox 1254 963 1443 1005; x_wconf 75' lang='lat' dir='ltr'><strong>confert:</strong></span> <span class='ocrx_word' id='word_1_132' title='bbox 1483 962 1568 1004; x_wconf 82' lang='lat' dir='ltr'><strong>ita-</strong></span> 
     </span>
     <span class='ocr_line' id='line_1_15' title="bbox 98 1017 1568 1076; baseline 0.002 -17"><span class='ocrx_word' id='word_1_133' title='bbox 98 1033 183 1074; x_wconf 88' lang='lat' dir='ltr'><strong>que</strong></span> <span class='ocrx_word' id='word_1_134' title='bbox 201 1032 306 1072; x_wconf 83' lang='lat' dir='ltr'><strong>ergo</strong></span> <span class='ocrx_word' id='word_1_135' title='bbox 329 1024 470 1059; x_wconf 87' lang='lat' dir='ltr'><strong>mente</strong></span> <span class='ocrx_word' id='word_1_136' title='bbox 494 1017 578 1059; x_wconf 80' lang='lat' dir='ltr'><strong>Dei</strong></span> <span class='ocrx_word' id='word_1_137' title='bbox 609 1018 699 1072; x_wconf 85' lang='lat' dir='ltr'><strong>legi</strong></span> <span class='ocrx_word' id='word_1_138' title='bbox 727 1017 981 1072; x_wconf 81' lang='lat' dir='ltr'><strong>obtempero</strong></span> <span class='ocrx_word' id='word_1_139' title='bbox 1012 1032 1196 1076; x_wconf 86' lang='lat' dir='ltr'><strong>corpore</strong></span> <span class='ocrx_word' id='word_1_140' title='bbox 1225 1019 1311 1074; x_wconf 83' lang='lat' dir='ltr'><strong>legi</strong></span> <span class='ocrx_word' id='word_1_141' title='bbox 1340 1018 1568 1062; x_wconf 69' lang='lat' dir='ltr'><strong>Peccatum.</strong></span> 
     </span>
     <span class='ocr_line' id='line_1_16' title="bbox 96 1073 1568 1131; baseline -0.001 -13"><span class='ocrx_word' id='word_1_142' title='bbox 96 1074 213 1118; x_wconf 81' lang='lat' dir='ltr'><strong>Nam</strong></span> <span class='ocrx_word' id='word_1_143' title='bbox 253 1076 387 1116; x_wconf 84' lang='lat' dir='ltr'><strong>multo</strong></span> <span class='ocrx_word' id='word_1_144' title='bbox 422 1075 711 1130; x_wconf 84' lang='lat' dir='ltr'><strong>potentiorem</strong></span> <span class='ocrx_word' id='word_1_145' title='bbox 743 1089 843 1117; x_wconf 87' lang='lat' dir='ltr'><strong>csse</strong></span> <span class='ocrx_word' id='word_1_146' title='bbox 877 1074 1087 1117; x_wconf 80' lang='lat' dir='ltr'><strong>Peccatus</strong></span> <span class='ocrx_word' id='word_1_147' title='bbox 1117 1076 1281 1129; x_wconf 82' lang='lat' dir='ltr'><strong>legem,</strong></span> <span class='ocrx_word' id='word_1_148' title='bbox 1320 1089 1446 1131; x_wconf 80' lang='lat' dir='ltr'><strong>quam</strong></span> <span class='ocrx_word' id='word_1_149' title='bbox 1478 1073 1568 1117; x_wconf 88' lang='lat' dir='ltr'><strong>Dei</strong></span> 
     </span>
     <span class='ocr_line' id='line_1_17' title="bbox 97 1132 1566 1190; baseline 0.001 -18"><span class='ocrx_word' id='word_1_150' title='bbox 97 1137 356 1190; x_wconf 77' lang='lat' dir='ltr'><strong>praecepta,</strong></span> <span class='ocrx_word' id='word_1_151' title='bbox 398 1138 447 1172; x_wconf 91' lang='lat' dir='ltr'><strong>ut</strong></span> <span class='ocrx_word' id='word_1_152' title='bbox 467 1145 588 1173; x_wconf 76' lang='lat' dir='ltr'><strong>niens</strong></span> <span class='ocrx_word' id='word_1_153' title='bbox 616 1132 792 1187; x_wconf 84' lang='lat' dir='ltr'><strong>corpori</strong></span> <span class='ocrx_word' id='word_1_154' title='bbox 822 1132 1034 1183; x_wconf 79' lang='lat' dir='ltr'><strong>serviret,</strong></span> <span class='ocrx_word' id='word_1_155' title='bbox 1074 1132 1224 1174; x_wconf 76' lang='lat' dir='ltr'><strong>multis</strong></span> <span class='ocrx_word' id='word_1_156' title='bbox 1256 1132 1400 1173; x_wconf 79' lang='lat' dir='ltr'><strong>verbis</strong></span> <span class='ocrx_word' id='word_1_157' title='bbox 1430 1145 1566 1189; x_wconf 84' lang='lat' dir='ltr'><strong>supra</strong></span> 
     </span>
     <span class='ocr_line' id='line_1_18' title="bbox 99 1187 1565 1245; baseline 0 -16"><span class='ocrx_word' id='word_1_158' title='bbox 99 1189 276 1230; x_wconf 79' lang='lat' dir='ltr'><strong>dixerat</strong></span> <span class='ocrx_word' id='word_1_159' title='bbox 292 1202 334 1232; x_wconf 74' lang='lat' dir='ltr'><strong>v,</strong></span> <span class='ocrx_word' id='word_1_160' title='bbox 362 1189 415 1230; x_wconf 68' lang='lat'><strong>14</strong></span> <span class='ocrx_word' id='word_1_161' title='bbox 434 1213 485 1219; x_wconf 88' lang='lat'>-</span> <span class='ocrx_word' id='word_1_162' title='bbox 504 1188 602 1239; x_wconf 72' lang='lat'><strong>24.;</strong></span> <span class='ocrx_word' id='word_1_163' title='bbox 633 1195 682 1230; x_wconf 91' lang='lat' dir='ltr'><strong>ut</strong></span> <span class='ocrx_word' id='word_1_164' title='bbox 701 1187 812 1229; x_wconf 84' lang='lat' dir='ltr'><strong>idem</strong></span> <span class='ocrx_word' id='word_1_165' title='bbox 835 1189 1015 1231; x_wconf 77' lang='lat' dir='ltr'><strong>attentis</strong></span> <span class='ocrx_word' id='word_1_166' title='bbox 1034 1188 1295 1242; x_wconf 80' lang='lat' dir='ltr'><strong>lectoribus,</strong></span> <span class='ocrx_word' id='word_1_167' title='bbox 1334 1189 1407 1244; x_wconf 83' lang='lat' dir='ltr'><strong>qui</strong></span> <span class='ocrx_word' id='word_1_168' title='bbox 1439 1202 1565 1245; x_wconf 86' lang='lat' dir='ltr'><strong>prae-</strong></span> 
     </span>
     <span class='ocr_line' id='line_1_19' title="bbox 97 1241 1567 1303; baseline 0.001 -18"><span class='ocrx_word' id='word_1_169' title='bbox 97 1251 317 1303; x_wconf 83' lang='lat' dir='ltr'><strong>potentem</strong></span> <span class='ocrx_word' id='word_1_170' title='bbox 341 1246 422 1286; x_wconf 75' lang='grc' dir='ltr'><strong>τηῦ</strong></span> <span class='ocrx_word' id='word_1_171' title='bbox 443 1241 580 1296; x_wconf 76' lang='grc' dir='ltr'><em>νόμου</em></span> <span class='ocrx_word' id='word_1_172' title='bbox 607 1245 686 1300; x_wconf 73' lang='grc' dir='ltr'><strong>τῆς</strong></span> <span class='ocrx_word' id='word_1_173' title='bbox 716 1241 957 1299; x_wconf 78' lang='grc' dir='ltr'><strong><em>ἁμαρτίας,</em></strong></span> <span class='ocrx_word' id='word_1_174' title='bbox 995 1245 1047 1286; x_wconf 90' lang='lat' dir='ltr'><strong>de</strong></span> <span class='ocrx_word' id='word_1_175' title='bbox 1079 1247 1162 1302; x_wconf 65' lang='lat' dir='ltr'><strong>quft</strong></span> <span class='ocrx_word' id='word_1_176' title='bbox 1194 1246 1267 1286; x_wconf 70' lang='lat' dir='ltr'><strong>(liu</strong></span> <span class='ocrx_word' id='word_1_177' title='bbox 1296 1252 1567 1301; x_wconf 73' lang='lat' dir='ltr'><strong>conquestus</strong></span> 
     </span>
     <span class='ocr_line' id='line_1_20' title="bbox 98 1301 1566 1354; baseline 0.001 -13"><span class='ocrx_word' id='word_1_178' title='bbox 98 1308 244 1354; x_wconf 72' lang='lat' dir='ltr'><strong>osset,</strong></span> <span class='ocrx_word' id='word_1_179' title='bbox 285 1303 367 1343; x_wconf 76' lang='lat' dir='ltr'><strong>vim</strong></span> <span class='ocrx_word' id='word_1_180' title='bbox 395 1307 595 1350; x_wconf 79' lang='lat' dir='ltr'><strong>nossent,</strong></span> <span class='ocrx_word' id='word_1_181' title='bbox 637 1302 677 1341; x_wconf 90' lang='lat' dir='ltr'><strong>iu</strong></span> <span class='ocrx_word' id='word_1_182' title='bbox 705 1302 985 1343; x_wconf 84' lang='lat' dir='ltr'><strong>conclusione</strong></span> <span class='ocrx_word' id='word_1_183' title='bbox 1010 1301 1151 1344; x_wconf 87' lang='lat' dir='ltr'><strong>denuo</strong></span> <span class='ocrx_word' id='word_1_184' title='bbox 1180 1303 1420 1343; x_wconf 73' lang='lat' dir='ltr'><strong>inculcaret</strong></span> <span class='ocrx_word' id='word_1_185' title='bbox 1453 1301 1566 1343; x_wconf 87' lang='lat' dir='ltr'><strong>nihil</strong></span> 
     </span>
     <span class='ocr_line' id='line_1_21' title="bbox 99 1358 1565 1415; baseline 0 -15"><span class='ocrx_word' id='word_1_186' title='bbox 99 1374 210 1415; x_wconf 82' lang='lat' dir='ltr'><strong>opus</strong></span> <span class='ocrx_word' id='word_1_187' title='bbox 233 1365 345 1402; x_wconf 75' lang='lat' dir='ltr'><strong>erat.</strong></span> <span class='ocrx_word' id='word_1_188' title='bbox 402 1358 526 1413; x_wconf 77' lang='lat' dir='ltr'><strong>Quae</strong></span> <span class='ocrx_word' id='word_1_189' title='bbox 552 1358 780 1414; x_wconf 74' lang='lat' dir='ltr'><strong>perspicua</strong></span> <span class='ocrx_word' id='word_1_190' title='bbox 811 1372 905 1410; x_wconf 86' lang='lat' dir='ltr'><strong>res,</strong></span> <span class='ocrx_word' id='word_1_191' title='bbox 946 1373 1074 1414; x_wconf 74' lang='lat' dir='ltr'><strong>quatu</strong></span> <span class='ocrx_word' id='word_1_192' title='bbox 1113 1359 1296 1402; x_wconf 76' lang='lat' dir='ltr'><strong>Venema</strong></span> <span class='ocrx_word' id='word_1_193' title='bbox 1328 1358 1462 1412; x_wconf 68' lang='lat' dir='ltr'><strong>vidit,</strong></span> <span class='ocrx_word' id='word_1_194' title='bbox 1501 1358 1565 1400; x_wconf 73' lang='lat' dir='ltr'><strong>ef·</strong></span> 
     </span>
     <span class='ocr_line' id='line_1_22' title="bbox 100 1413 995 1470; baseline 0 -13"><span class='ocrx_word' id='word_1_195' title='bbox 100 1416 217 1470; x_wconf 68' lang='lat' dir='ltr'><strong>fugit</strong></span> <span class='ocrx_word' id='word_1_196' title='bbox 236 1415 474 1460; x_wconf 75' lang='lat' dir='ltr'><strong>Reiclzium.</strong></span> <span class='ocrx_word' id='word_1_197' title='bbox 535 1413 915 1470; x_wconf 71' lang='lat' dir='ltr'><strong>ltuquctricatur.</strong></span> <span class='ocrx_word' id='word_1_198' title='bbox 949 1416 995 1469; x_wconf 56' lang='grc' dir='ltr'><strong>’ἢ</strong></span> 
     </span>
    </p>
   </div>
   <div class='ocr_carea' id='block_1_3' title="bbox 146 1601 1574 2884">
    <p class='ocr_par' dir='ltr' id='par_1_3' title="bbox 146 1601 1574 2884">
     <span class='ocr_line' id='line_1_23' title="bbox 146 1601 1569 1654; baseline 0.001 -14"><span class='ocrx_word' id='word_1_199' title='bbox 146 1606 182 1650; x_wconf 82' lang='grc'><strong>*)</strong></span> <span class='ocrx_word' id='word_1_200' title='bbox 207 1606 243 1640; x_wconf 89' lang='lat' dir='ltr'><strong>Si</strong></span> <span class='ocrx_word' id='word_1_201' title='bbox 261 1619 350 1652; x_wconf 85' lang='lat' dir='ltr'><strong>quae</strong></span> <span class='ocrx_word' id='word_1_202' title='bbox 371 1606 518 1650; x_wconf 72' lang='lat' dir='ltr'><strong>figurate</strong></span> <span class='ocrx_word' id='word_1_203' title='bbox 538 1605 632 1640; x_wconf 80' lang='lat' dir='ltr'><strong>dicta</strong></span> <span class='ocrx_word' id='word_1_204' title='bbox 653 1612 754 1645; x_wconf 82' lang='lat' dir='ltr'><strong>sunt,</strong></span> <span class='ocrx_word' id='word_1_205' title='bbox 784 1617 894 1651; x_wconf 86' lang='lat' dir='ltr'><strong>quum</strong></span> <span class='ocrx_word' id='word_1_206' title='bbox 914 1601 1143 1654; x_wconf 67' lang='grc' dir='ltr'><strong><em>ἧἍμαρτία,</em></strong></span> <span class='ocrx_word' id='word_1_207' title='bbox 1175 1602 1196 1650; x_wconf 83' lang='grc' dir='ltr'><strong><em>ἦ</em></strong></span> <span class='ocrx_word' id='word_1_208' title='bbox 1216 1604 1363 1650; x_wconf 73' lang='grc' dir='ltr'><em>Ἑντολὴ</em></span> <span class='ocrx_word' id='word_1_209' title='bbox 1392 1613 1427 1641; x_wconf 87' lang='lat' dir='ltr'><strong>et</strong></span> <span class='ocrx_word' id='word_1_210' title='bbox 1451 1602 1471 1641; x_wconf 84' lang='grc' dir='ltr'><strong>ὅ</strong></span> <span class='ocrx_word' id='word_1_211' title='bbox 1488 1602 1569 1642; x_wconf 86' lang='lat' dir='ltr'><strong>No&#39;-</strong></span> 
     </span>
     <span class='ocr_line' id='line_1_24' title="bbox 191 1652 1569 1699; baseline 0.001 -14"><span class='ocrx_word' id='word_1_212' title='bbox 191 1665 261 1699; x_wconf 83' lang='grc' dir='ltr'><strong>μος</strong></span> <span class='ocrx_word' id='word_1_213' title='bbox 276 1664 463 1695; x_wconf 81' lang='lat' dir='ltr'><strong>personae</strong></span> <span class='ocrx_word' id='word_1_214' title='bbox 484 1652 722 1698; x_wconf 76' lang='lat' dir='ltr'><strong>fingerentur,</strong></span> <span class='ocrx_word' id='word_1_215' title='bbox 748 1653 786 1686; x_wconf 93' lang='lat' dir='ltr'><strong>in</strong></span> <span class='ocrx_word' id='word_1_216' title='bbox 805 1652 1002 1698; x_wconf 73' lang='lat' dir='ltr'><strong>simplicem</strong></span> <span class='ocrx_word' id='word_1_217' title='bbox 1023 1653 1222 1688; x_wconf 83' lang='lat' dir='ltr'><strong>orationem</strong></span> <span class='ocrx_word' id='word_1_218' title='bbox 1242 1653 1442 1694; x_wconf 82' lang='lat' dir='ltr'><strong>resolveris,</strong></span> <span class='ocrx_word' id='word_1_219' title='bbox 1465 1652 1569 1687; x_wconf 78' lang='lat' dir='ltr'><strong>Pauli</strong></span> 
     </span>
     <span class='ocr_line' id='line_1_25' title="bbox 191 1697 1567 1744; baseline 0.001 -12"><span class='ocrx_word' id='word_1_220' title='bbox 191 1698 386 1742; x_wconf 80' lang='lat' dir='ltr'><strong>disputatio</strong></span> <span class='ocrx_word' id='word_1_221' title='bbox 403 1712 434 1733; x_wconf 90' lang='lat' dir='ltr'><strong>c.</strong></span> <span class='ocrx_word' id='word_1_222' title='bbox 454 1699 485 1732; x_wconf 88' lang='lat'><strong>7.</strong></span> <span class='ocrx_word' id='word_1_223' title='bbox 506 1711 541 1733; x_wconf 84' lang='lat' dir='ltr'><strong>v.</strong></span> <span class='ocrx_word' id='word_1_224' title='bbox 558 1698 591 1732; x_wconf 91' lang='grc'><strong>7.</strong></span> <span class='ocrx_word' id='word_1_225' title='bbox 610 1710 664 1744; x_wconf 83' lang='lat' dir='ltr'><strong>sq.</strong></span> <span class='ocrx_word' id='word_1_226' title='bbox 685 1697 746 1733; x_wconf 82' lang='lat' dir='ltr'><strong>has</strong></span> <span class='ocrx_word' id='word_1_227' title='bbox 772 1698 964 1732; x_wconf 85' lang='lat' dir='ltr'><strong>sententias</strong></span> <span class='ocrx_word' id='word_1_228' title='bbox 993 1699 1266 1744; x_wconf 76' lang='lat' dir='ltr'><strong>complectitur:</strong></span> <span class='ocrx_word' id='word_1_229' title='bbox 1300 1698 1425 1744; x_wconf 88' lang='lat' dir='ltr'><strong>Quum</strong></span> <span class='ocrx_word' id='word_1_230' title='bbox 1450 1698 1567 1744; x_wconf 82' lang='lat' dir='ltr'><strong>legem</strong></span> 
     </span>
     <span class='ocr_line' id='line_1_26' title="bbox 191 1743 1570 1789; baseline 0.001 -12"><span class='ocrx_word' id='word_1_231' title='bbox 191 1756 280 1777; x_wconf 80' lang='lat' dir='ltr'><strong>mos.</strong></span> <span class='ocrx_word' id='word_1_232' title='bbox 299 1744 504 1778; x_wconf 86' lang='lat' dir='ltr'><strong>hominibus</strong></span> <span class='ocrx_word' id='word_1_233' title='bbox 524 1750 598 1778; x_wconf 90' lang='lat' dir='ltr'><strong>tum</strong></span> <span class='ocrx_word' id='word_1_234' title='bbox 623 1743 816 1789; x_wconf 82' lang='lat' dir='ltr'><strong>peccandi,</strong></span> <span class='ocrx_word' id='word_1_235' title='bbox 841 1749 916 1776; x_wconf 88' lang='lat' dir='ltr'><strong>tum</strong></span> <span class='ocrx_word' id='word_1_236' title='bbox 939 1744 1126 1787; x_wconf 48' lang='lat' dir='ltr'><strong>moriendi·</strong></span> <span class='ocrx_word' id='word_1_237' title='bbox 1141 1758 1282 1779; x_wconf 77' lang='lat' dir='ltr'><strong>causam</strong></span> <span class='ocrx_word' id='word_1_238' title='bbox 1304 1745 1472 1779; x_wconf 78' lang='lat' dir='ltr'><strong>exstitisse</strong></span> <span class='ocrx_word' id='word_1_239' title='bbox 1501 1744 1570 1778; x_wconf 88' lang='lat' dir='ltr'><strong>de-</strong></span> 
     </span>
     <span class='ocr_line' id='line_1_27' title="bbox 195 1789 1568 1834; baseline 0.001 -12"><span class='ocrx_word' id='word_1_240' title='bbox 195 1789 365 1823; x_wconf 79' lang='lat' dir='ltr'><strong>clararem</strong></span> <span class='ocrx_word' id='word_1_241' title='bbox 392 1793 441 1831; x_wconf 91' lang='lat' dir='ltr'><strong>(v.</strong></span> <span class='ocrx_word' id='word_1_242' title='bbox 464 1792 534 1833; x_wconf 88' lang='lat'><strong>5.),</strong></span> <span class='ocrx_word' id='word_1_243' title='bbox 557 1790 652 1823; x_wconf 89' lang='lat' dir='ltr'><strong>illam</strong></span> <span class='ocrx_word' id='word_1_244' title='bbox 671 1790 806 1832; x_wconf 82' lang='lat' dir='ltr'><strong>legem,</strong></span> <span class='ocrx_word' id='word_1_245' title='bbox 842 1801 930 1834; x_wconf 82' lang='lat' dir='ltr'><strong>quae</strong></span> <span class='ocrx_word' id='word_1_246' title='bbox 959 1789 1176 1824; x_wconf 85' lang='lat' dir='ltr'><strong>sanctissima</strong></span> <span class='ocrx_word' id='word_1_247' title='bbox 1208 1798 1277 1832; x_wconf 82' lang='lat' dir='ltr'><strong>est,</strong></span> <span class='ocrx_word' id='word_1_248' title='bbox 1312 1797 1470 1824; x_wconf 79' lang='lat' dir='ltr'><strong>sanctam</strong></span> <span class='ocrx_word' id='word_1_249' title='bbox 1492 1802 1568 1824; x_wconf 77' lang='lat' dir='ltr'><strong>esse</strong></span> 
     </span>
     <span class='ocr_line' id='line_1_28' title="bbox 194 1834 1567 1879; baseline 0.002 -13"><span class='ocrx_word' id='word_1_250' title='bbox 194 1834 342 1867; x_wconf 85' lang='lat' dir='ltr'><strong>minime</strong></span> <span class='ocrx_word' id='word_1_251' title='bbox 364 1835 484 1876; x_wconf 77' lang='lat' dir='ltr'><strong>negavi</strong></span> <span class='ocrx_word' id='word_1_252' title='bbox 505 1836 555 1879; x_wconf 84' lang='lat' dir='ltr'><strong>(v.</strong></span> <span class='ocrx_word' id='word_1_253' title='bbox 578 1835 659 1878; x_wconf 69' lang='lat'><strong>12).</strong></span> <span class='ocrx_word' id='word_1_254' title='bbox 710 1836 787 1869; x_wconf 83' lang='lat' dir='ltr'><strong>lino</strong></span> <span class='ocrx_word' id='word_1_255' title='bbox 811 1835 923 1869; x_wconf 85' lang='lat' dir='ltr'><strong>Mosis</strong></span> <span class='ocrx_word' id='word_1_256' title='bbox 944 1835 1134 1870; x_wconf 87' lang='lat' dir='ltr'><strong>interdicto</strong></span> <span class='ocrx_word' id='word_1_257' title='bbox 1155 1837 1236 1869; x_wconf 83' lang='lat' dir='ltr'><strong>noli</strong></span> <span class='ocrx_word' id='word_1_258' title='bbox 1258 1848 1375 1878; x_wconf 78' lang='lat' dir='ltr'><strong>prave</strong></span> <span class='ocrx_word' id='word_1_259' title='bbox 1396 1838 1567 1878; x_wconf 77' lang='lat' dir='ltr'><strong>concupi-</strong></span> 
     </span>
     <span class='ocr_line' id='line_1_29' title="bbox 194 1879 1569 1927; baseline 0.001 -14"><span class='ocrx_word' id='word_1_260' title='bbox 194 1891 295 1913; x_wconf 72' lang='lat' dir='ltr'><strong>scere</strong></span> <span class='ocrx_word' id='word_1_261' title='bbox 316 1879 502 1913; x_wconf 70' lang='lat' dir='ltr'><strong>huminum</strong></span> <span class='ocrx_word' id='word_1_262' title='bbox 524 1881 654 1914; x_wconf 83' lang='lat' dir='ltr'><strong>malitia</strong></span> <span class='ocrx_word' id='word_1_263' title='bbox 677 1879 984 1914; x_wconf 82' lang='lat' dir='ltr'><strong>vehementissime</strong></span> <span class='ocrx_word' id='word_1_264' title='bbox 1002 1881 1134 1914; x_wconf 81' lang='lat' dir='ltr'><strong>irritata</strong></span> <span class='ocrx_word' id='word_1_265' title='bbox 1156 1889 1225 1920; x_wconf 80' lang='lat' dir='ltr'><strong>est,</strong></span> <span class='ocrx_word' id='word_1_266' title='bbox 1251 1890 1286 1914; x_wconf 92' lang='lat' dir='ltr'><strong>ut</strong></span> <span class='ocrx_word' id='word_1_267' title='bbox 1307 1882 1433 1915; x_wconf 83' lang='lat' dir='ltr'><strong>Judaei</strong></span> <span class='ocrx_word' id='word_1_268' title='bbox 1456 1893 1569 1927; x_wconf 85' lang='lat' dir='ltr'><strong>quum</strong></span> 
     </span>
     <span class='ocr_line' id='line_1_30' title="bbox 198 1924 1570 1973; baseline 0.003 -16"><span class='ocrx_word' id='word_1_269' title='bbox 198 1932 314 1957; x_wconf 80' lang='lat' dir='ltr'><strong>mente</strong></span> <span class='ocrx_word' id='word_1_270' title='bbox 341 1924 408 1958; x_wconf 80' lang='lat' dir='ltr'><strong>Dei</strong></span> <span class='ocrx_word' id='word_1_271' title='bbox 441 1927 636 1970; x_wconf 77' lang='lat' dir='ltr'><strong>praeceptis</strong></span> <span class='ocrx_word' id='word_1_272' title='bbox 669 1926 929 1960; x_wconf 58' lang='lat' dir='ltr'><strong>delectarentur</strong></span> <span class='ocrx_word' id='word_1_273' title='bbox 963 1933 1081 1959; x_wconf 83' lang='lat' dir='ltr'><strong>tamen</strong></span> <span class='ocrx_word' id='word_1_274' title='bbox 1115 1927 1322 1960; x_wconf 76' lang='lat' dir='ltr'><strong>libidinibus</strong></span> <span class='ocrx_word' id='word_1_275' title='bbox 1356 1926 1570 1973; x_wconf 85' lang='lat' dir='ltr'><strong>emancipati</strong></span> 
     </span>
     <span class='ocr_line' id='line_1_31' title="bbox 196 1970 1569 2017; baseline 0.004 -16"><span class='ocrx_word' id='word_1_276' title='bbox 196 1977 384 2015; x_wconf 74' lang='lat' dir='ltr'><strong>peccarent</strong></span> <span class='ocrx_word' id='word_1_277' title='bbox 403 1977 435 2003; x_wconf 84' lang='lat' dir='ltr'><strong>et</strong></span> <span class='ocrx_word' id='word_1_278' title='bbox 456 1971 501 2004; x_wconf 84' lang='lat' dir='ltr'><strong>ita</strong></span> <span class='ocrx_word' id='word_1_279' title='bbox 519 1978 671 2004; x_wconf 88' lang='lat' dir='ltr'><strong>mortem</strong></span> <span class='ocrx_word' id='word_1_280' title='bbox 691 1970 754 2005; x_wconf 84' lang='lat' dir='ltr'><strong>sibi</strong></span> <span class='ocrx_word' id='word_1_281' title='bbox 776 1971 943 2004; x_wconf 83' lang='lat' dir='ltr'><strong>afferrent</strong></span> <span class='ocrx_word' id='word_1_282' title='bbox 966 1976 1012 2013; x_wconf 90' lang='lat' dir='ltr'><strong>(v.</strong></span> <span class='ocrx_word' id='word_1_283' title='bbox 1034 1972 1056 2004; x_wconf 87' lang='lat'>7</span> <span class='ocrx_word' id='word_1_284' title='bbox 1071 1992 1113 1997; x_wconf 90' lang='lat'><strong>—</strong></span> <span class='ocrx_word' id='word_1_285' title='bbox 1136 1976 1189 2006; x_wconf 78' lang='lat'><strong>11.</strong></span> <span class='ocrx_word' id='word_1_286' title='bbox 1223 1977 1273 2007; x_wconf 62' lang='lat'><strong>14.</strong></span> <span class='ocrx_word' id='word_1_287' title='bbox 1291 1976 1371 2017; x_wconf 57' lang='lat' dir='ltr'><strong>sq.)</strong></span> <span class='ocrx_word' id='word_1_288' title='bbox 1427 1971 1569 2016; x_wconf 89' lang='lat' dir='ltr'><strong>Quam-</strong></span> 
     </span>
     <span class='ocr_line' id='line_1_32' title="bbox 197 2014 1572 2064; baseline 0.004 -17"><span class='ocrx_word' id='word_1_289' title='bbox 197 2029 302 2060; x_wconf 72' lang='lat' dir='ltr'><strong>quam</strong></span> <span class='ocrx_word' id='word_1_290' title='bbox 326 2014 392 2049; x_wconf 58' lang='lat' dir='ltr'><strong>lata</strong></span> <span class='ocrx_word' id='word_1_291' title='bbox 413 2015 527 2048; x_wconf 75' lang='lat' dir='ltr'><strong>Mosis</strong></span> <span class='ocrx_word' id='word_1_292' title='bbox 548 2015 623 2060; x_wconf 88' lang='lat' dir='ltr'><strong>lege</strong></span> <span class='ocrx_word' id='word_1_293' title='bbox 641 2027 716 2048; x_wconf 84' lang='lat' dir='ltr'><strong>nnn</strong></span> <span class='ocrx_word' id='word_1_294' title='bbox 741 2018 801 2049; x_wconf 74' lang='grc' dir='ltr'><strong>νει·</strong></span> <span class='ocrx_word' id='word_1_295' title='bbox 823 2018 1042 2059; x_wconf 74' lang='lat' dir='ltr'><strong>mcessitas,</strong></span> <span class='ocrx_word' id='word_1_296' title='bbox 1079 2025 1115 2051; x_wconf 91' lang='lat' dir='ltr'><strong>ut</strong></span> <span class='ocrx_word' id='word_1_297' title='bbox 1144 2019 1188 2051; x_wconf 86' lang='lat' dir='ltr'><strong>ita</strong></span> <span class='ocrx_word' id='word_1_298' title='bbox 1215 2018 1333 2058; x_wconf 81' lang='lat' dir='ltr'><strong>fieret,</strong></span> <span class='ocrx_word' id='word_1_299' title='bbox 1364 2018 1572 2064; x_wconf 82' lang='lat' dir='ltr'><strong>postulavit,</strong></span> 
     </span>
     <span class='ocr_line' id='line_1_33' title="bbox 195 2062 1568 2103; baseline 0.003 -8"><span class='ocrx_word' id='word_1_300' title='bbox 195 2062 255 2095; x_wconf 85' lang='lat' dir='ltr'><strong>sed</strong></span> <span class='ocrx_word' id='word_1_301' title='bbox 278 2062 383 2095; x_wconf 78' lang='lat' dir='ltr'><strong>Deus</strong></span> <span class='ocrx_word' id='word_1_302' title='bbox 398 2068 558 2103; x_wconf 64' lang='lat' dir='ltr'><strong>praeter</strong></span> <span class='ocrx_word' id='word_1_303' title='bbox 581 2073 709 2094; x_wconf 83' lang='lat' dir='ltr'><strong>rerum</strong></span> <span class='ocrx_word' id='word_1_304' title='bbox 738 2064 906 2094; x_wconf 78' lang='lat' dir='ltr'><strong>ordinem</strong></span> <span class='ocrx_word' id='word_1_305' title='bbox 935 2062 1115 2103; x_wconf 71' lang='lat' dir='ltr'><strong>instituit,</strong></span> <span class='ocrx_word' id='word_1_306' title='bbox 1148 2070 1186 2096; x_wconf 84' lang='lat' dir='ltr'><strong>ut</strong></span> <span class='ocrx_word' id='word_1_307' title='bbox 1210 2064 1398 2097; x_wconf 73' lang='lat' dir='ltr'><strong>vetitorum</strong></span> <span class='ocrx_word' id='word_1_308' title='bbox 1428 2064 1568 2099; x_wconf 79' lang='lat' dir='ltr'><strong>deside-</strong></span> 
     </span>
     <span class='ocr_line' id='line_1_34' title="bbox 195 2106 1570 2156; baseline 0.003 -16"><span class='ocrx_word' id='word_1_309' title='bbox 195 2108 250 2140; x_wconf 90' lang='lat' dir='ltr'><strong>rio</strong></span> <span class='ocrx_word' id='word_1_310' title='bbox 277 2107 390 2140; x_wconf 69' lang='lat' dir='ltr'><strong>Mosis</strong></span> <span class='ocrx_word' id='word_1_311' title='bbox 425 2106 620 2141; x_wconf 88' lang='lat' dir='ltr'><strong>interdicto</strong></span> <span class='ocrx_word' id='word_1_312' title='bbox 655 2106 959 2140; x_wconf 80' lang='lat' dir='ltr'><strong>vehementissime</strong></span> <span class='ocrx_word' id='word_1_313' title='bbox 992 2115 1176 2142; x_wconf 82' lang='lat' dir='ltr'><strong>commoto</strong></span> <span class='ocrx_word' id='word_1_314' title='bbox 1199 2109 1324 2143; x_wconf 67' lang='lat' dir='ltr'><strong>sudaei</strong></span> <span class='ocrx_word' id='word_1_315' title='bbox 1361 2109 1570 2156; x_wconf 80' lang='lat' dir='ltr'><strong>praecipites</strong></span> 
     </span>
     <span class='ocr_line' id='line_1_35' title="bbox 193 2152 1569 2197; baseline 0.003 -11"><span class='ocrx_word' id='word_1_316' title='bbox 193 2160 270 2186; x_wconf 85' lang='lat' dir='ltr'><strong>tum</strong></span> <span class='ocrx_word' id='word_1_317' title='bbox 290 2152 325 2185; x_wconf 88' lang='lat' dir='ltr'><strong>in</strong></span> <span class='ocrx_word' id='word_1_318' title='bbox 349 2159 490 2197; x_wconf 82' lang='lat' dir='ltr'><strong>peccata</strong></span> <span class='ocrx_word' id='word_1_319' title='bbox 508 2159 583 2187; x_wconf 84' lang='lat' dir='ltr'><strong>tum</strong></span> <span class='ocrx_word' id='word_1_320' title='bbox 602 2153 636 2185; x_wconf 85' lang='lat' dir='ltr'><strong>in</strong></span> <span class='ocrx_word' id='word_1_321' title='bbox 660 2159 811 2185; x_wconf 87' lang='lat' dir='ltr'><strong>mortem</strong></span> <span class='ocrx_word' id='word_1_322' title='bbox 832 2158 992 2186; x_wconf 83' lang='lat' dir='ltr'><strong>ruerent.</strong></span> <span class='ocrx_word' id='word_1_323' title='bbox 1044 2153 1167 2188; x_wconf 83' lang='lat' dir='ltr'><strong>Voluit</strong></span> <span class='ocrx_word' id='word_1_324' title='bbox 1196 2156 1292 2187; x_wconf 87' lang='lat' dir='ltr'><strong>enim</strong></span> <span class='ocrx_word' id='word_1_325' title='bbox 1320 2155 1483 2190; x_wconf 83' lang='lat' dir='ltr'><strong>homiues</strong></span> <span class='ocrx_word' id='word_1_326' title='bbox 1514 2157 1569 2190; x_wconf 85' lang='lat' dir='ltr'><strong>in·</strong></span> 
     </span>
     <span class='ocr_line' id='line_1_36' title="bbox 195 2197 1570 2247; baseline 0.001 -14"><span class='ocrx_word' id='word_1_327' title='bbox 195 2199 374 2243; x_wconf 84' lang='lat' dir='ltr'><strong>telligcre,</strong></span> <span class='ocrx_word' id='word_1_328' title='bbox 412 2211 517 2244; x_wconf 87' lang='lat' dir='ltr'><strong>quam</strong></span> <span class='ocrx_word' id='word_1_329' title='bbox 552 2204 660 2231; x_wconf 87' lang='lat' dir='ltr'><strong>taetra</strong></span> <span class='ocrx_word' id='word_1_330' title='bbox 686 2198 802 2231; x_wconf 83' lang='lat' dir='ltr'><strong>bellua</strong></span> <span class='ocrx_word' id='word_1_331' title='bbox 836 2197 966 2232; x_wconf 86' lang='lat' dir='ltr'><strong>malitia</strong></span> <span class='ocrx_word' id='word_1_332' title='bbox 1001 2207 1091 2234; x_wconf 84' lang='lat' dir='ltr'><strong>esset</strong></span> <span class='ocrx_word' id='word_1_333' title='bbox 1121 2206 1180 2233; x_wconf 84' lang='lat' dir='ltr'><strong>aut</strong></span> <span class='ocrx_word' id='word_1_334' title='bbox 1211 2200 1439 2234; x_wconf 78' lang='lat' dir='ltr'><strong>irreverentia</strong></span> <span class='ocrx_word' id='word_1_335' title='bbox 1467 2201 1570 2247; x_wconf 82' lang='lat' dir='ltr'><strong>legis,</strong></span> 
     </span>
     <span class='ocr_line' id='line_1_37' title="bbox 193 2242 1572 2299; baseline 0.004 -21"><span class='ocrx_word' id='word_1_336' title='bbox 193 2257 286 2299; x_wconf 74' lang='lat' dir='ltr'><strong>quae</strong></span> <span class='ocrx_word' id='word_1_337' title='bbox 320 2256 339 2277; x_wconf 87' lang='lat' dir='ltr'><strong>e</strong></span> <span class='ocrx_word' id='word_1_338' title='bbox 373 2250 496 2278; x_wconf 79' lang='lat' dir='ltr'><strong>sancto</strong></span> <span class='ocrx_word' id='word_1_339' title='bbox 524 2243 588 2278; x_wconf 90' lang='lat' dir='ltr'><strong>Dei</strong></span> <span class='ocrx_word' id='word_1_340' title='bbox 616 2242 809 2278; x_wconf 79' lang='lat' dir='ltr'><strong>interdicto</strong></span> <span class='ocrx_word' id='word_1_341' title='bbox 836 2249 969 2287; x_wconf 82' lang='lat' dir='ltr'><strong>pestem</strong></span> <span class='ocrx_word' id='word_1_342' title='bbox 1004 2245 1088 2290; x_wconf 62' lang='lat' dir='ltr'><strong>ipsis</strong></span> <span class='ocrx_word' id='word_1_343' title='bbox 1121 2246 1381 2280; x_wconf 76' lang='lat' dir='ltr'><strong>machinaretur</strong></span> <span class='ocrx_word' id='word_1_344' title='bbox 1407 2260 1456 2288; x_wconf 40' lang='lat' dir='ltr'><strong>tv.</strong></span> <span class='ocrx_word' id='word_1_345' title='bbox 1484 2249 1572 2292; x_wconf 77' lang='lat'><strong>13.).</strong></span> 
     </span>
     <span class='ocr_line' id='line_1_38' title="bbox 194 2289 1571 2330; baseline 0.002 -6"><span class='ocrx_word' id='word_1_346' title='bbox 194 2290 262 2324; x_wconf 65' lang='lat' dir='ltr'><strong>bed</strong></span> <span class='ocrx_word' id='word_1_347' title='bbox 296 2289 611 2324; x_wconf 81' lang='lat' dir='ltr'><strong>extraordinariam</strong></span> <span class='ocrx_word' id='word_1_348' title='bbox 648 2289 745 2323; x_wconf 89' lang='lat' dir='ltr'><strong>illam</strong></span> <span class='ocrx_word' id='word_1_349' title='bbox 779 2289 999 2323; x_wconf 60' lang='lat' dir='ltr'><strong>„ludaeorum</strong></span> <span class='ocrx_word' id='word_1_350' title='bbox 1042 2291 1271 2325; x_wconf 76' lang='lat' dir='ltr'><strong>calamitatem</strong></span> <span class='ocrx_word' id='word_1_351' title='bbox 1308 2292 1405 2326; x_wconf 83' lang='lat' dir='ltr'><strong>Deus</strong></span> <span class='ocrx_word' id='word_1_352' title='bbox 1438 2292 1571 2330; x_wconf 81' lang='lat' dir='ltr'><strong>Christi</strong></span> 
     </span>
     <span class='ocr_line' id='line_1_39' title="bbox 194 2334 1571 2382; baseline 0.004 -15"><span class='ocrx_word' id='word_1_353' title='bbox 194 2334 302 2382; x_wconf 58' lang='lat' dir='ltr'><strong>opera</strong></span> <span class='ocrx_word' id='word_1_354' title='bbox 322 2336 466 2368; x_wconf 81' lang='lat' dir='ltr'><strong>sustulit</strong></span> <span class='ocrx_word' id='word_1_355' title='bbox 484 2341 535 2379; x_wconf 89' lang='lat' dir='ltr'><strong>(v.</strong></span> <span class='ocrx_word' id='word_1_356' title='bbox 556 2337 652 2378; x_wconf 75' lang='lat'><strong>25.);</strong></span> <span class='ocrx_word' id='word_1_357' title='bbox 677 2342 837 2369; x_wconf 84' lang='lat' dir='ltr'><strong>ceterum</strong></span> <span class='ocrx_word' id='word_1_358' title='bbox 859 2334 918 2379; x_wconf 80' lang='lat' dir='ltr'><strong>qut</strong></span> <span class='ocrx_word' id='word_1_359' title='bbox 938 2337 969 2369; x_wconf 83' lang='lat' dir='ltr'><strong>id</strong></span> <span class='ocrx_word' id='word_1_360' title='bbox 992 2335 1121 2370; x_wconf 76' lang='lat' dir='ltr'><strong>Christi</strong></span> <span class='ocrx_word' id='word_1_361' title='bbox 1142 2335 1344 2370; x_wconf 79' lang='lat' dir='ltr'><strong>interventu</strong></span> <span class='ocrx_word' id='word_1_362' title='bbox 1365 2338 1463 2372; x_wconf 86' lang='lat' dir='ltr'><strong>Deus</strong></span> <span class='ocrx_word' id='word_1_363' title='bbox 1479 2339 1571 2373; x_wconf 83' lang='lat' dir='ltr'><strong>effe—</strong></span> 
     </span>
     <span class='ocr_line' id='line_1_40' title="bbox 197 2381 1572 2425; baseline 0.003 -9"><span class='ocrx_word' id='word_1_364' title='bbox 197 2382 284 2416; x_wconf 86' lang='lat' dir='ltr'><strong>cerit</strong></span> <span class='ocrx_word' id='word_1_365' title='bbox 310 2394 341 2415; x_wconf 88' lang='lat' dir='ltr'><strong>c.</strong></span> <span class='ocrx_word' id='word_1_366' title='bbox 369 2383 402 2415; x_wconf 74' lang='grc'><strong>8.</strong></span> <span class='ocrx_word' id='word_1_367' title='bbox 430 2395 463 2419; x_wconf 85' lang='lat' dir='ltr'><strong>v.</strong></span> <span class='ocrx_word' id='word_1_368' title='bbox 491 2384 512 2416; x_wconf 76' lang='lat'>2</span> <span class='ocrx_word' id='word_1_369' title='bbox 530 2384 623 2416; x_wconf 78' lang='lat'><strong>-4.</strong></span> <span class='ocrx_word' id='word_1_370' title='bbox 654 2381 855 2425; x_wconf 79' lang='lat' dir='ltr'><strong>exponitur.</strong></span> <span class='ocrx_word' id='word_1_371' title='bbox 880 2401 926 2406; x_wconf 91' lang='lat'><strong>—-</strong></span> <span class='ocrx_word' id='word_1_372' title='bbox 973 2381 1125 2416; x_wconf 80' lang='lat' dir='ltr'><strong>Tantam</strong></span> <span class='ocrx_word' id='word_1_373' title='bbox 1151 2394 1237 2415; x_wconf 85' lang='lat' dir='ltr'><strong>vero</strong></span> <span class='ocrx_word' id='word_1_374' title='bbox 1263 2384 1298 2416; x_wconf 86' lang='lat' dir='ltr'><strong>in</strong></span> <span class='ocrx_word' id='word_1_375' title='bbox 1324 2384 1466 2418; x_wconf 65' lang='lat' dir='ltr'><strong>,ludaeis</strong></span> <span class='ocrx_word' id='word_1_376' title='bbox 1493 2392 1572 2420; x_wconf 88' lang='lat' dir='ltr'><strong>tum</strong></span> 
     </span>
     <span class='ocr_line' id='line_1_41' title="bbox 196 2426 1572 2475; baseline 0.004 -14"><span class='ocrx_word' id='word_1_377' title='bbox 196 2427 304 2461; x_wconf 84' lang='lat' dir='ltr'><strong>animi</strong></span> <span class='ocrx_word' id='word_1_378' title='bbox 324 2427 569 2462; x_wconf 84' lang='lat' dir='ltr'><strong>infirmitatem</strong></span> <span class='ocrx_word' id='word_1_379' title='bbox 589 2436 662 2461; x_wconf 88' lang='lat' dir='ltr'><strong>tum</strong></span> <span class='ocrx_word' id='word_1_380' title='bbox 690 2426 880 2460; x_wconf 80' lang='lat' dir='ltr'><strong>libidinum</strong></span> <span class='ocrx_word' id='word_1_381' title='bbox 904 2427 1212 2472; x_wconf 80' lang='lat' dir='ltr'><strong>intemperantiam</strong></span> <span class='ocrx_word' id='word_1_382' title='bbox 1240 2429 1368 2470; x_wconf 73' lang='lat' dir='ltr'><strong>fuisse,</strong></span> <span class='ocrx_word' id='word_1_383' title='bbox 1402 2437 1572 2475; x_wconf 81' lang='lat' dir='ltr'><strong>quantam</strong></span> 
     </span>
     <span class='ocr_line' id='line_1_42' title="bbox 199 2472 1571 2520; baseline 0.001 -14"><span class='ocrx_word' id='word_1_384' title='bbox 199 2474 239 2507; x_wconf 83' lang='lat' dir='ltr'><strong>P.</strong></span> <span class='ocrx_word' id='word_1_385' title='bbox 266 2473 298 2508; x_wconf 82' lang='lat' dir='ltr'><strong>b.</strong></span> <span class='ocrx_word' id='word_1_386' title='bbox 327 2473 346 2506; x_wconf 90' lang='lat' dir='ltr'><strong>l.</strong></span> <span class='ocrx_word' id='word_1_387' title='bbox 376 2481 572 2514; x_wconf 81' lang='lat' dir='ltr'><strong>memorat,</strong></span> <span class='ocrx_word' id='word_1_388' title='bbox 607 2472 752 2507; x_wconf 75' lang='lat' dir='ltr'><strong>historia</strong></span> <span class='ocrx_word' id='word_1_389' title='bbox 780 2473 923 2505; x_wconf 86' lang='lat' dir='ltr'><strong>minime</strong></span> <span class='ocrx_word' id='word_1_390' title='bbox 956 2474 1086 2508; x_wconf 56' lang='lat' dir='ltr'><strong>docet„</strong></span> <span class='ocrx_word' id='word_1_391' title='bbox 1129 2473 1180 2506; x_wconf 81' lang='lat' dir='ltr'><strong>Ne</strong></span> <span class='ocrx_word' id='word_1_392' title='bbox 1211 2487 1251 2507; x_wconf 91' lang='lat' dir='ltr'><strong>ue</strong></span> <span class='ocrx_word' id='word_1_393' title='bbox 1282 2488 1440 2520; x_wconf 84' lang='lat' dir='ltr'><strong>unquam</strong></span> <span class='ocrx_word' id='word_1_394' title='bbox 1473 2477 1571 2511; x_wconf 77' lang='lat' dir='ltr'><strong>natio</strong></span> 
     </span>
     <span class='ocr_line' id='line_1_43' title="bbox 195 2517 1573 2568; baseline 0.002 -15"><span class='ocrx_word' id='word_1_395' title='bbox 195 2517 382 2554; x_wconf 81' lang='lat' dir='ltr'><strong>israelitica</strong></span> <span class='ocrx_word' id='word_1_396' title='bbox 401 2519 434 2552; x_wconf 85' lang='lat' dir='ltr'><strong>id</strong></span> <span class='ocrx_word' id='word_1_397' title='bbox 458 2519 590 2553; x_wconf 87' lang='lat' dir='ltr'><strong>malum</strong></span> <span class='ocrx_word' id='word_1_398' title='bbox 618 2517 750 2560; x_wconf 85' lang='lat' dir='ltr'><strong>sensit,</strong></span> <span class='ocrx_word' id='word_1_399' title='bbox 786 2519 882 2563; x_wconf 81' lang='lat' dir='ltr'><strong>quod</strong></span> <span class='ocrx_word' id='word_1_400' title='bbox 906 2517 942 2551; x_wconf 84' lang='grc' dir='ltr'><strong>Ρ.</strong></span> <span class='ocrx_word' id='word_1_401' title='bbox 960 2518 1116 2552; x_wconf 84' lang='lat' dir='ltr'><strong>Judaeos</strong></span> <span class='ocrx_word' id='word_1_402' title='bbox 1145 2531 1249 2564; x_wconf 79' lang='lat' dir='ltr'><strong>vutgo</strong></span> <span class='ocrx_word' id='word_1_403' title='bbox 1276 2521 1406 2555; x_wconf 74' lang='lat' dir='ltr'><strong>sentire</strong></span> <span class='ocrx_word' id='word_1_404' title='bbox 1431 2522 1573 2568; x_wconf 75' lang='lat' dir='ltr'><strong>scripsit</strong></span> 
     </span>
     <span class='ocr_line' id='line_1_44' title="bbox 197 2563 1572 2610; baseline 0.003 -12"><span class='ocrx_word' id='word_1_405' title='bbox 197 2566 245 2605; x_wconf 79' lang='lat' dir='ltr'><strong>(v.</strong></span> <span class='ocrx_word' id='word_1_406' title='bbox 268 2565 309 2597; x_wconf 75' lang='lat'><strong>14</strong></span> <span class='ocrx_word' id='word_1_407' title='bbox 325 2583 372 2590; x_wconf 92' lang='lat'><em>-</em></span> <span class='ocrx_word' id='word_1_408' title='bbox 389 2565 472 2607; x_wconf 57' lang='lat'><strong>24).</strong></span> <span class='ocrx_word' id='word_1_409' title='bbox 521 2565 591 2610; x_wconf 80' lang='lat' dir='ltr'><strong>lpsi</strong></span> <span class='ocrx_word' id='word_1_410' title='bbox 614 2576 757 2610; x_wconf 82' lang='lat' dir='ltr'><strong>quoque</strong></span> <span class='ocrx_word' id='word_1_411' title='bbox 778 2563 888 2597; x_wconf 82' lang='lat' dir='ltr'><strong>Paulo</strong></span> <span class='ocrx_word' id='word_1_412' title='bbox 908 2564 1079 2609; x_wconf 89' lang='lat' dir='ltr'><strong>quamdiu</strong></span> <span class='ocrx_word' id='word_1_413' title='bbox 1102 2564 1214 2599; x_wconf 81' lang='lat' dir='ltr'><strong>Mosis</strong></span> <span class='ocrx_word' id='word_1_414' title='bbox 1239 2566 1405 2600; x_wconf 81' lang='lat' dir='ltr'><strong>alumnus</strong></span> <span class='ocrx_word' id='word_1_415' title='bbox 1429 2567 1494 2601; x_wconf 76' lang='lat' dir='ltr'><strong>tuit</strong></span> <span class='ocrx_word' id='word_1_416' title='bbox 1522 2568 1572 2601; x_wconf 92' lang='lat' dir='ltr'><strong>il-</strong></span> 
     </span>
     <span class='ocr_line' id='line_1_45' title="bbox 198 2609 1573 2658; baseline 0.004 -18"><span class='ocrx_word' id='word_1_417' title='bbox 198 2610 264 2644; x_wconf 66' lang='lat' dir='ltr'><strong>lius</strong></span> <span class='ocrx_word' id='word_1_418' title='bbox 284 2610 491 2645; x_wconf 72' lang='lat' dir='ltr'><strong>calamitatis</strong></span> <span class='ocrx_word' id='word_1_419' title='bbox 509 2623 631 2645; x_wconf 71' lang='lat' dir='ltr'><strong>sensus</strong></span> <span class='ocrx_word' id='word_1_420' title='bbox 655 2610 789 2653; x_wconf 77' lang='lat' dir='ltr'><strong>defuit,</strong></span> <span class='ocrx_word' id='word_1_421' title='bbox 825 2621 939 2654; x_wconf 87' lang='lat' dir='ltr'><strong>neque</strong></span> <span class='ocrx_word' id='word_1_422' title='bbox 960 2610 993 2643; x_wconf 76' lang='lat' dir='ltr'><strong>ln.</strong></span> <span class='ocrx_word' id='word_1_423' title='bbox 1016 2611 1037 2643; x_wconf 88' lang='grc' dir='ltr'><strong>Ι.</strong></span> <span class='ocrx_word' id='word_1_424' title='bbox 1066 2609 1133 2643; x_wconf 76' lang='lat' dir='ltr'><strong>nisi</strong></span> <span class='ocrx_word' id='word_1_425' title='bbox 1159 2622 1198 2644; x_wconf 80' lang='lat' dir='ltr'><strong>ea</strong></span> <span class='ocrx_word' id='word_1_426' title='bbox 1224 2613 1447 2657; x_wconf 65' lang='lat' dir='ltr'><strong>perscripsit,</strong></span> <span class='ocrx_word' id='word_1_427' title='bbox 1481 2626 1573 2658; x_wconf 79' lang='lat' dir='ltr'><strong>quae</strong></span> 
     </span>
     <span class='ocr_line' id='line_1_46' title="bbox 198 2654 1573 2701; baseline 0.004 -13"><span class='ocrx_word' id='word_1_428' title='bbox 198 2663 498 2689; x_wconf 72' lang='lat' dir='ltr'><strong>ornamentorum</strong></span> <span class='ocrx_word' id='word_1_429' title='bbox 531 2669 593 2701; x_wconf 85' lang='lat' dir='ltr'><strong>per</strong></span> <span class='ocrx_word' id='word_1_430' title='bbox 619 2655 802 2691; x_wconf 81' lang='lat' dir='ltr'><strong>Christum</strong></span> <span class='ocrx_word' id='word_1_431' title='bbox 837 2655 873 2688; x_wconf 86' lang='lat' dir='ltr'><strong>in</strong></span> <span class='ocrx_word' id='word_1_432' title='bbox 906 2654 1070 2689; x_wconf 69' lang='lat' dir='ltr'><strong>hominen</strong></span> <span class='ocrx_word' id='word_1_433' title='bbox 1095 2656 1308 2690; x_wconf 87' lang='lat' dir='ltr'><strong>collatorum</strong></span> <span class='ocrx_word' id='word_1_434' title='bbox 1334 2658 1573 2694; x_wconf 80' lang='lat' dir='ltr'><strong>admiratione</strong></span> 
     </span>
     <span class='ocr_line' id='line_1_47' title="bbox 196 2699 1572 2753; baseline 0.002 -18"><span class='ocrx_word' id='word_1_435' title='bbox 196 2707 320 2753; x_wconf 81' lang='lat' dir='ltr'><strong>captus</strong></span> <span class='ocrx_word' id='word_1_436' title='bbox 352 2701 512 2736; x_wconf 78' lang='lat' dir='ltr'><strong>homines</strong></span> <span class='ocrx_word' id='word_1_437' title='bbox 546 2702 614 2736; x_wconf 82' lang='lat' dir='ltr'><strong>illis</strong></span> <span class='ocrx_word' id='word_1_438' title='bbox 646 2699 863 2735; x_wconf 85' lang='lat' dir='ltr'><strong>ornamentis</strong></span> <span class='ocrx_word' id='word_1_439' title='bbox 894 2701 1082 2736; x_wconf 81' lang='lat' dir='ltr'><strong>destitutos</strong></span> <span class='ocrx_word' id='word_1_440' title='bbox 1107 2714 1181 2735; x_wconf 88' lang='lat' dir='ltr'><strong>non</strong></span> <span class='ocrx_word' id='word_1_441' title='bbox 1207 2715 1308 2747; x_wconf 83' lang='lat' dir='ltr'><strong>posse</strong></span> <span class='ocrx_word' id='word_1_442' title='bbox 1335 2716 1408 2737; x_wconf 85' lang='lat' dir='ltr'><strong>non</strong></span> <span class='ocrx_word' id='word_1_443' title='bbox 1439 2705 1572 2739; x_wconf 81' lang='lat' dir='ltr'><strong>sentire</strong></span> 
     </span>
     <span class='ocr_line' id='line_1_48' title="bbox 198 2746 1572 2795; baseline 0.004 -15"><span class='ocrx_word' id='word_1_444' title='bbox 198 2746 408 2781; x_wconf 79' lang='lat' dir='ltr'><strong>existimavit</strong></span> <span class='ocrx_word' id='word_1_445' title='bbox 427 2752 474 2789; x_wconf 90' lang='lat' dir='ltr'><strong>(v.</strong></span> <span class='ocrx_word' id='word_1_446' title='bbox 497 2751 631 2793; x_wconf 80' lang='lat' dir='ltr'><strong>supra).</strong></span> <span class='ocrx_word' id='word_1_447' title='bbox 681 2747 803 2791; x_wconf 82' lang='lat' dir='ltr'><strong>Neque</strong></span> <span class='ocrx_word' id='word_1_448' title='bbox 831 2747 927 2791; x_wconf 75' lang='lat' dir='ltr'><strong>quoal</strong></span> <span class='ocrx_word' id='word_1_449' title='bbox 952 2748 1018 2792; x_wconf 72' lang='lat' dir='ltr'><strong>Ap.</strong></span> <span class='ocrx_word' id='word_1_450' title='bbox 1047 2760 1078 2780; x_wconf 85' lang='lat' dir='ltr'><strong>v.</strong></span> <span class='ocrx_word' id='word_1_451' title='bbox 1112 2747 1164 2782; x_wconf 79' lang='lat'><strong>13.</strong></span> <span class='ocrx_word' id='word_1_452' title='bbox 1189 2751 1405 2792; x_wconf 71' lang='lat' dir='ltr'><strong>mysterium</strong></span> <span class='ocrx_word' id='word_1_453' title='bbox 1435 2750 1572 2795; x_wconf 71' lang='lat' dir='ltr'><strong>aperuit</strong></span> 
     </span>
     <span class='ocr_line' id='line_1_49' title="bbox 199 2791 1574 2837; baseline 0.005 -13"><span class='ocrx_word' id='word_1_454' title='bbox 199 2799 339 2837; x_wconf 85' lang='lat' dir='ltr'><strong>praeter</strong></span> <span class='ocrx_word' id='word_1_455' title='bbox 360 2800 504 2827; x_wconf 85' lang='lat' dir='ltr'><strong>naturae</strong></span> <span class='ocrx_word' id='word_1_456' title='bbox 526 2793 690 2826; x_wconf 88' lang='lat' dir='ltr'><strong>ordinem</strong></span> <span class='ocrx_word' id='word_1_457' title='bbox 712 2794 896 2837; x_wconf 79' lang='lat' dir='ltr'><strong>legemque</strong></span> <span class='ocrx_word' id='word_1_458' title='bbox 907 2791 1025 2827; x_wconf 86' lang='lat' dir='ltr'><strong>Deum</strong></span> <span class='ocrx_word' id='word_1_459' title='bbox 1044 2793 1231 2828; x_wconf 86' lang='lat' dir='ltr'><strong>libidinem</strong></span> <span class='ocrx_word' id='word_1_460' title='bbox 1247 2807 1310 2837; x_wconf 84' lang='lat' dir='ltr'><strong>per</strong></span> <span class='ocrx_word' id='word_1_461' title='bbox 1323 2796 1434 2829; x_wconf 64' lang='lat' dir='ltr'><strong>Mum</strong></span> <span class='ocrx_word' id='word_1_462' title='bbox 1457 2799 1574 2831; x_wconf 88' lang='lat' dir='ltr'><strong>inter-</strong></span> 
     </span>
     <span class='ocr_line' id='line_1_50' title="bbox 200 2838 1574 2884; baseline 0.006 -13"><span class='ocrx_word' id='word_1_463' title='bbox 200 2838 336 2874; x_wconf 84' lang='lat' dir='ltr'><strong>dictum</strong></span> <span class='ocrx_word' id='word_1_464' title='bbox 356 2838 393 2872; x_wconf 88' lang='lat' dir='ltr'><strong>iu</strong></span> <span class='ocrx_word' id='word_1_465' title='bbox 411 2838 556 2874; x_wconf 71' lang='lat' dir='ltr'><strong>sudaei·</strong></span> <span class='ocrx_word' id='word_1_466' title='bbox 584 2839 810 2884; x_wconf 77' lang='lat' dir='ltr'><strong>accendisse,</strong></span> <span class='ocrx_word' id='word_1_467' title='bbox 834 2844 872 2872; x_wconf 80' lang='lat' dir='ltr'><strong>ut</strong></span> <span class='ocrx_word' id='word_1_468' title='bbox 900 2839 1051 2884; x_wconf 72' lang='lat' dir='ltr'><strong>pcccatis</strong></span> <span class='ocrx_word' id='word_1_469' title='bbox 1080 2839 1280 2874; x_wconf 73' lang='lat' dir='ltr'><strong>commissis</strong></span> <span class='ocrx_word' id='word_1_470' title='bbox 1306 2840 1574 2879; x_wconf 64' lang='lat' dir='ltr'><strong>firmet-entiam</strong></span> 
     </span>
    </p>
   </div>
  </div>
 </body>
</html>
