1715 3115
558 163 717 209 CAP.
750 162 881 209 VII.
911 163 1004 208 Vs.
1034 163 1095 208 3..
1534 161 1564 203 9

94 270 186 315 ἀπὸ
206 272 286 313 τοῦ
307 271 509 326 Χριστοῦ
534 268 692 319 οἵτινες
708 275 791 314 etc.
811 270 921 312 nulli
940 270 1049 313 estis
1070 267 1234 310 redditi
1263 272 1306 310 et
1338 281 1360 309 a
1384 267 1565 311 Christo

94 329 234 372 avulsi
256 329 284 372 i.
307 344 347 371 e.
370 342 551 384 prorsus
571 327 626 368 ab
655 342 706 368 eo
738 328 890 368 dimoti
912 353 980 370 --.
1040 326 1228 368 Temere
1257 332 1303 365 nt
1325 328 1566 379 καταργεῖ-

94 389 209 428 σθαι
235 381 326 426 ἀπό
347 408 402 415 -
424 383 535 425 idem
569 383 684 439 quod
715 382 1070 436 ἐλευθεροῦσθαι
1097 378 1187 423 ἀπό
1209 388 1435 423 —notare
1471 382 1567 422 elli-

93 443 213 494 cias,
243 441 298 482 ad
323 455 364 483 v.
392 442 435 483 3.
469 439 687 495 ἐλευθέρα
715 440 831 482 ἐστὶν
859 435 950 481 ἀπό
970 453 1267 496 -ῃνονοορε,
1327 436 1567 494 Postquam

95 499 212 541 enim
237 496 289 541 P.
309 498 532 538 mulierem
555 504 725 538 mortno
745 496 902 538 marito
932 511 956 537 a
988 498 1084 551 lege
1114 495 1168 536 ad
1198 493 1403 536 maritum
1434 496 1570 551 perti·

95 562 226 598 nente
245 568 421 608 prorsus
439 554 671 595 liberatam
696 567 793 594 esse
816 567 855 595 v.
876 555 919 596 2.
942 555 1136 605 graviter
1155 552 1485 603 enuntiaverat,
1523 551 1567 593 in

96 611 400 662 conclusione,
430 611 514 666 qua
538 611 641 651 haee
662 611 881 651 sententia
907 610 1233 661 illustraretur,
1274 608 1353 650 hoc
1381 608 1468 649 dici
1499 622 1571 650 sa-

97 670 159 711 tis
180 675 298 710 erat:
328 674 499 708 mortno
519 667 675 708 marito
696 667 898 708 feminam
921 682 947 708 a
970 668 1056 723 Ieye
1068 668 1291 708 liberatam
1302 679 1400 706 esse
1416 667 1476 720 (v.
1488 666 1570 718 3.).

99 722 125 766 ὃ
145 721 280 774 νόμως
308 726 388 764 τοῦ
418 722 578 777 ἀνδρός
610 724 683 765 Iex
711 723 769 765 ad
795 724 1000 766 maritum
1030 724 1267 775 pertinens,
1307 723 1358 764 cie
1385 736 1432 763 eo
1461 721 1571 764 luta.

100 781 160 822 V.
186 780 320 823 Lxx
339 779 443 824 LeV.
465 782 584 832 14‚2.
607 772 735 828 οὗτος
755 775 778 820 ὃ
798 777 932 831 νόμος
950 781 1029 821 τοῦ
1051 780 1270 832 λεπροῦΊ,
1286 780 1323 821 l.
1343 779 1423 819 τοῦ
1442 778 1570 833 κριοῦ

101 839 226 890 l2‚7.
247 839 324 893 τῆς
341 834 575 892 τικτούσης
594 831 726 891 ἄρσεν
753 832 780 891 ἢ
810 836 953 891 θῆλυ,
993 836 1128 880 Num.
1158 836 1359 887 6,13,21.
1388 836 1466 876 τοῦ
1495 832 1574 875 εὖ-

102 894 312 947 ξαμὲνου,
343 893 451 937 Lev.
479 892 628 943 15‚32.
654 893 734 934 τοῦ
763 891 1045 949 γονοῤῥυοῦς,
1078 892 1183 935 Lev.
1207 893 1276 942 14,
1289 893 1360 933 57.
1387 893 1466 946 τῆς
1496 889 1575 932 λε’-

101 965 244 1005 πρας,
284 948 421 993 Nnm.
454 949 574 1002 5,29.
605 949 683 1004 τῆς
712 947 980 1004 ζηλοτυπίας
1007 951 1062 992 cl.
1084 949 1188 991 Lev.
1223 949 1372 1000 11‚46.
1404 942 1575 996 οὗτοςὸ

101 1003 236 1060 νόμος
253 1007 383 1059 περὶ
405 1007 491 1046 τῶν
508 1007 670 1062 κτηνῶν
693 1006 765 1047 καὶ
784 1006 870 1046 τῶν
890 1007 1099 1048 πετεινῶν
1117 1011 1199 1047 etc.
1225 1005 1454 1048 Demostb.
1474 1017 1577 1045 con-

101 1070 172 1105 tra
192 1062 375 1104 Midiam
395 1063 494 1112 525,
507 1064 575 1105 13.
596 1061 750 1104 Reisk.
772 1057 822 1116 ἦν
844 1057 867 1102 ὃ
886 1062 965 1115 τῆς
993 1060 1162 1118 βλάβης
1192 1056 1291 1113 ὗμῖν
1319 1059 1452 1114 νόμος
1481 1057 1578 1101 πά·-

103 1120 206 1170 λαι,
236 1114 287 1175 ἦν
305 1115 329 1160 ὅ
346 1120 424 1175 τῆς
445 1116 617 1168 αἰκίας,
646 1112 740 1173 ἠνὸ
775 1119 854 1172 τῆς
879 1115 1060 1173 ὕβρεως.
1092 1120 1169 1174 (cf.
1187 1119 1286 1167 527,
1299 1119 1371 1161 28.
1400 1117 1578 1173 πρῶτον

103 1178 184 1242 μὲν
207 1174 353 1218 τοίνυν
375 1173 418 1217 οὶ
440 1175 572 1230 περὶ
590 1175 668 1230 τῆς
685 1170 856 1230 βλάβης
874 1172 1005 1228 νόμοι
1024 1172 1208 1225 πάντες,
1246 1173 1304 1216 ἵν’
1329 1173 1377 1217 ἐκ
1407 1170 1579 1215 τούτων

105 1226 311 1287 α’ρξωμαι
340 1233 446 1287 etc.)
474 1232 567 1276 Cic.
596 1230 648 1272 de
677 1231 759 1274 Or.
790 1230 1030 1283 1,58‚246.
1058 1231 1325 1273 Manilianas
1359 1230 1576 1272 venalium

104 1287 427 1330 vendendorum
457 1289 578 1343 leges
603 1287 816 1330 ediscere.
885 1288 1032 1330 Bezae
1068 1294 1112 1331 et
1140 1289 1237 1332 chr.
1270 1288 1346 1330 Fr.
1372 1284 1579 1329 Sclemidis

105 1344 417 1401 interpretatio
438 1346 512 1386 lem
529 1358 656 1399 quam
676 1345 740 1386 vir
760 1345 861 1395 dat,
891 1344 974 1386 viri
993 1345 1241 1396 imperinm,
1268 1348 1460 1399 potestas
1480 1343 1521 1384 h.
1546 1341 1579 1385 1.

105 1415 192 1443 non
215 1407 315 1456 apta
340 1407 424 1444 est.
479 1401 602 1443 Mora·
633 1407 774 1442 antem
793 1432 803 1451 ,
833 1400 1013 1452 Rueck„
1040 1402 1090 1443 de
1117 1401 1261 1442 Wetie‘i
1282 1401 1340 1442 al.
1361 1398 1580 1456 expositio

106 1458 184 1500 lea:
201 1472 310 1514 (lusce
331 1458 550 1499 mulierem
573 1457 728 1498 marito
750 1458 932 1500 devincit
951 1457 1137 1499 liberior
1158 1472 1315 1498 sensns
1335 1454 1576 1512 descriptio

106 1519 202 1566 est,
231 1528 314 1555 non
335 1523 534 1555 accurata
557 1513 880 1570 interpretatio,
941 1514 1120 1570 Optime
1143 1514 1248 1556 haec
1276 1513 1363 1555 sibi
1397 1513 1581 1554 invicem

108 1577 413 1627 opponuntur:
443 1571 531 1612 vivo
551 1571 709 1611 marito
736 1571 993 1612 adstrictam
1021 1585 1113 1613 esse
1143 1571 1282 1626 leyis
1307 1583 1427 1613 mos,
1457 1569 1507 1611 υἱ
1536 1575 1581 1610 et

109 1632 276 1669 mortuo
296 1628 453 1670 marito
471 1640 650 1681 prorsus
669 1626 892 1668 liberatem
913 1641 1003 1668 esse
1026 1642 1053 1669 a
1085 1628 1200 1682 leqe
1230 1627 1295 1669 (cd
1324 1626 1490 1668 marii
1504 1638 1583 1667 um

108 1683 447 1738 pertinente,
477 1682 828 1738 qnandoquidem
850 1678 969 1739 νόμῳ
990 1698 1073 1725 ηοη
1095 1690 1184 1726 tota
1208 1683 1349 1725 Mosis
1377 1683 1471 1734 lex,
1503 1680 1583 1723 sed

109 1754 161 1780 ea
183 1753 286 1794 pars
305 1754 415 1795 quae
436 1738 489 1780 de
521 1740 676 1781 marito
705 1740 797 1790 agit
827 1739 1060 1784 indicatur.
1118 1740 1334 1792 Fallitur,
1371 1744 1421 1780 ut
1451 1753 1583 1794 saepe

111 1795 156 1837 in
181 1795 260 1836 hoc
279 1810 452 1849 genere,
475 1795 650 1839 Rueck..
705 1796 765 1839 V.
783 1797 823 1837 3.
858 1795 915 1839 V.
931 1796 1186 1853 χρηματίζει)
1210 1797 1454 1839 serioribus
1473 1796 1584 1837 scri-

111 1852 341 1909 ptoribus,
367 1852 582 1908 Polybio,
612 1851 747 1894 Diod.
772 1852 947 1905 Siculo,
980 1852 1480 1908 Plutarcho,.Straboni
1509 1853 1586 1903 aL,

111 1907 345 1961 designare
365 1910 602 1962 nuncupari
623 1910 664 1950 in
686 1910 842 1962 vulgus
861 1915 1034 1952 constat
1055 1914 1117 1966 (v,
1139 1911 1275 1952 Lexx.
1296 1917 1339 1951 et
1356 1909 1506 1952 Wetst.
1520 1908 1585 1962 ll,

113 1965 225 2018 55.).
284 1963 515 2007 Profectus
537 1970 606 2006 est
628 1965 696 2009 hic
732 1981 838 2007 usus
867 1966 922 2007 ab
952 1982 1003 2009 eo
1032 1967 1153 2009 verbi
1185 1967 1457 2020 significatu,
1499 1979 1583 2021 quo

113 2021 282 2075 neyotia
316 2021 489 2075 publica
517 2035 665 2075 yerere
693 2027 831 2065 notat.
899 2021 1049 2077 Quare
1075 2021 1330 2080 χρηματίζω
1357 2019 1582 2076 βασιλεύς,

111 2074 376 2131 ἶμπεράτωρ
398 2077 536 2133 primo
558 2076 730 2132 quidem
750 2078 989 2121 declaravit
1006 2081 1172 2135 neyotae'a
1190 2080 1362 2134 publica
1381 2093 1460 2134 (190
1488 2093 1586 2130 rex,

113 2133 375 2187 imperator,
407 2136 460 2184 id)
486 2143 578 2178 trcte
600 2136 669 2186 auf
688 2139 748 2179 01ss
768 2135 896 2188 §Timig
921 2141 1004 2180 etc.
1035 2137 1154 2189 regis
1185 2151 1338 2178 nomen
1369 2142 1414 2177 et
1440 2135 1586 2188 digni-

113 2195 250 2232 tatem
273 2190 376 2231 mihi
400 2190 526 2242 indo,
556 2205 651 2231 sum
674 2198 718 2232 et
738 2205 865 2233 vocor
890 2206 981 2237 rex.
1042 2192 1131 2234 Sed
1161 2193 1291 2248 hujus
1326 2193 1439 2234 ratio
1468 2198 1587 2233 strn-

113 2253 264 2289 ctnrae
288 2254 437 2303 postea
461 2248 520 2288 ita
539 2248 752 2299 exolevit,
787 2254 833 2289 nt
851 2247 1103 2304 χρηματίζῃ)
1126 2243 1432 2305 καρᾲςηὸόνιος,
1465 2250 1587 2303 Χρι-

114 2300 294 2352 στιανός
311 2310 392 2348 etc,
414 2304 526 2345 nihil
556 2304 643 2345 nisi
673 2319 794 2347 vocor
816 2304 1196 2358 Carthaginiensis
1225 2312 1308 2349 etc.
1340 2306 1588 2348 denotaret.

115 2358 340 2403 Johannes
363 2360 575 2413 Malalas,
604 2360 729 2417 cnjus
752 2367 942 2403 extrema
966 2370 1032 2403 est
1056 2363 1280 2416 barbaria,
1323 2363 1453 2404 etiam
1476 2362 1588 2403 dixit

113 2416 397 2471 χρηματίζειν
433 2417 494 2472 (i.
535 2432 578 2472 q.
619 2418 792 2473 καλεῖν)
831 2415 891 2460 ἔα
908 2418 1029 2460 υτόν
1067 2435 1111 2461 se
1152 2435 1300 2461 vocare
1340 2419 1588 2473 Chronogr.

116 2487 161 2538 p.
186 2472 309 2525 149.,
339 2473 465 2526 225„
492 2474 591 2518 268.
620 2473 690 2518 ed.
711 2475 766 2519 L.
798 2476 949 2520 Diml..
1008 2476 1241 2533 anlicem
1276 2476 1586 2518 Hebraisninin

115 2543 160 2571 ιη
182 2543 221 2573 v.
238 2528 499 2585 χρηματίσει
520 2531 784 2586 interpretes
805 2533 907 2573 olim
931 2533 1078 2574 rimati
1099 2538 1216 2576 sunt.
1276 2532 1390 2575 Nam
1414 2548 1590 2589 χρημα-

116 2584 274 2636 τίζειν,
309 2586 669 2642 quemadmodum
700 2588 959 2638 καλεῖσθαι,
1003 2590 1148 2631 valore
1177 2604 1266 2631 esse
1296 2591 1379 2631 sibi
1408 2603 1590 2646 persua-

53 2650 57 2653 '
118 2648 274 2683 serunt
295 2647 361 2696 (at
384 2657 422 2686 v.
446 2650 536 2687 not.
557 2643 610 2684 ad
634 2645 789 2688 Matth.
813 2660 855 2704 p.
877 2647 971 2699 32.)
992 2654 1035 2688 et
1058 2646 1271 2688 Futurum
1295 2647 1471 2688 adducti
1493 2661 1590 2686 ver-

118 2697 191 2740 bis
221 2695 439 2753 ἐλευθέρα
467 2698 622 2742 ἐστὶν
651 2695 741 2741 ἀπό
771 2726 826 2732 --
877 2701 1128 2744 Praesentis
1158 2704 1241 2745 vim
1276 2704 1433 2745 habere
1463 2709 1590 2761 puta-

119 2761 225 2799 runt
255 2755 468 2807 (Heium).
547 2755 641 2798 lmo
671 2756 886 2800 Futurum
924 2760 966 2800 in
998 2761 1213 2802 sententia
1245 2760 1437 2813 generali
1472 2766 1590 2803 recte

120 2811 324 2871 ponitur,
354 2812 704 2870 quandoquidem
725 2816 917 2872 reiquae
938 2817 982 2860 in
1004 2817 1170 2861 nullum
1194 2825 1363 2875 teinpus
1383 2832 1466 2862 non
1488 2832 1593 2860 con-
