1715 3115
549 211 708 259 CAP.
738 210 870 260 vll.
910 213 1004 259 Vs.
1033 214 1132 262 22..
1526 220 1583 262 03

111 321 348 379 λογιστικῷ
366 322 447 378 τῆς
464 321 629 377 ψυχῆς)
649 320 749 377 plus
768 319 943 364 roboris
961 319 1124 364 addere
1151 322 1348 373 censuit,
1388 327 1437 366 ut
1468 326 1584 368 ratio

112 380 250 423 divini
280 379 467 435 spiritus
498 379 539 421 vi
568 378 741 419 firmata
770 391 954 434 corpore
985 378 1067 422 sub
1097 393 1224 422 suum
1251 379 1485 423 arbitrium
1516 397 1586 425 re-

112 437 238 479 dacto
264 435 532 491 domitisque
563 432 824 476 libidinibus
854 439 900 476 ut
927 434 1017 478 Dei
1050 437 1298 493 praeceptis
1325 437 1382 479 ab
1411 438 1584 482 homine

112 492 302 536 satisfiat
324 494 463 534 multo
489 491 663 533 facilius
680 490 844 533 efficiat
864 491 927 546 (8,
938 492 980 536 2.
1002 492 1104 537 Gal.
1115 493 1158 544 5,
1171 493 1411 549 19-25.).
1465 495 1584 539 Hinc

111 556 311 609 apparet,
331 545 520 603 ψυχικόν
542 554 659 590 recte
679 547 825 591 vocari
840 549 1040 604 quialias
1061 545 1271 605 σαρκικός
1287 550 1463 594 dicitur.
1494 552 1585 596 Hic

111 609 225 650 enim
246 606 408 664 impuri
431 605 631 662 corporis
651 605 913 662 mancipium
935 606 1041 648 vivit
1064 609 1086 649 1
1107 607 1210 652 Cor.
1229 608 1272 659 3,
1294 609 1333 651 1.
1348 641 1360 660 ,
1391 610 1468 651 ille
1489 611 1585 652 ani-

111 665 171 707 mi
196 664 314 721 parti
335 662 525 705 rationis
544 661 718 718 experti
733 661 951 704 obnoxius
971 670 1039 705 est
1062 664 1105 707 h.
1126 678 1166 708 e.
1186 678 1210 705 a
1240 666 1389 722 pravis
1414 667 1586 723 cupidi-

111 721 280 764 tatibus
311 735 359 762 se
387 720 482 774 regi
513 720 682 776 patitur
712 717 857 762 lCor.
877 719 918 772 2,
943 721 1013 764 14.
1079 719 1214 764 Adde
1244 719 1387 775 σοφία
1419 721 1584 778 ψυχική

112 777 208 823 Jac.
227 778 270 831 3,
291 778 360 822 15.
381 782 424 819 et
454 774 638 832 σαρκική
665 774 809 819 2Cor.
837 777 877 828 1,
906 777 975 820 12.
1004 776 1034 821 i.
1054 791 1094 821 e.
1125 778 1343 836 sapientia
1373 781 1454 821 τοῦ
1481 779 1585 821 ἀλο-

111 833 267 892 γίστου
291 835 370 889 τῆς
403 834 547 888 τ’·υχῆς
579 839 623 875 et
684 833 777 874 ravi
803 833 1002 889 corporis
1032 833 1177 876 studia
1207 834 1410 877 redolens
1445 850 1588 893 eoque

111 905 219 934 vana
241 896 373 947 atque
395 890 580 946 impura.
610 892 626 944 (
678 903 752 931 aec
773 889 887 931 enim
906 890 1213 948 interpretatio
1235 905 1348 934 nunc
1368 892 1477 935 mihi
1499 909 1588 936 me-

111 949 201 991 lius
224 947 393 1004 placet,
420 960 549 1002 quam
577 959 687 1002 quae
709 960 843 1003 supra
868 945 903 998 1,
922 947 1023 990 380.
1049 948 1274 1004 proposita
1300 951 1423 1001 est.).
1491 949 1588 993 Ma·

113 1005 319 1048 nirestum
339 1008 409 1046 est
429 1004 585 1056 etiam,
612 1001 765 1045 eodem
779 1001 881 1062 jure
903 1001 979 1045 τὸν
1000 1002 1190 1059 ψυχικόν
1210 1005 1250 1047 ei
1271 1005 1346 1062 qui
1375 1006 1462 1050 div.
1494 1009 1587 1062 spi-

113 1063 228 1104 ritus
248 1061 385 1102 robur
406 1059 588 1112 haheat,
625 1060 688 1115 τῷ
717 1061 1024 1116 πνευματικῷ,
1067 1063 1230 1118 opponi
1260 1065 1307 1118 (l
1327 1061 1430 1107 Cor.
1449 1064 1491 1116 2,
1515 1065 1589 1110 14.

113 1119 185 1163 15.
216 1116 321 1162 Jud.
347 1117 465 1171 19.),
496 1130 581 1173 quo
600 1113 813 1172 σαρκικός
831 1118 894 1174 τῷ
921 1120 1202 1175 πνευματικῷ
1229 1133 1281 1161 ex
1305 1119 1490 1162 adverso
1520 1123 1590 1164 lo·

114 1180 239 1218 catur
261 1177 284 1216 1
306 1173 411 1218 Cor.
430 1175 472 1226 3,
493 1176 534 1217 1.
595 1171 710 1214 Sunt
729 1174 843 1216 enim
868 1171 1028 1230 quibus
1050 1173 1139 1219 div.
1174 1177 1362 1233 spiritus
1395 1176 1588 1221 nondum

112 1230 324 1288 obtigerit
346 1230 560 1287 mancipia
583 1230 783 1287 corporis
801 1234 845 1272 et
864 1229 1096 1272 libidinum
1118 1234 1180 1286 (v.
1205 1234 1275 1276 14.
1296 1236 1402 1291 sq.).
1461 1235 1519 1278 Et
1539 1242 1589 1279 ut

112 1289 252 1332 fuisse
285 1289 427 1343 fingas
458 1290 574 1330 altae
603 1287 765 1329 indolis
796 1287 1021 1339 homines,
1057 1289 1101 1329 in
1132 1290 1292 1344 quibus
1323 1293 1346 1332 ὀ
1379 1293 1480 1341 νοῦς
1509 1293 1589 1349 τῆν

113 1343 260 1402 ψυχήν
280 1352 325 1387 et
346 1343 395 1386 τὸ
419 1346 547 1396 σῶμα
574 1345 685 1385 satis
705 1350 951 1395 coerceret,
981 1345 1198 1388 firmiores
1217 1352 1359 1389 tamen
1393 1348 1423 1389 ii
1445 1347 1587 1392 Paulo

111 1402 254 1445 videri
273 1400 543 1452 debuerunt,
581 1400 739 1457 quibus
769 1400 858 1447 div.
886 1400 1072 1457 spiritus
1103 1401 1280 1461 adjutor
1309 1405 1439 1447 datus
1470 1412 1591 1449 esset

113 1459 345 1503 divinitus.
403 1456 504 1500 Huc
527 1459 656 1499 etiam
679 1458 826 1500 refero
851 1460 979 1510 σῶμα
1011 1459 1200 1513 ψυχικόν
1229 1461 1258 1506 i.
1281 1476 1318 1504 e.
1347 1477 1506 1520 corpus
1535 1465 1589 1520 τῇ

115 1517 256 1573 ψυχῇ,
287 1530 399 1573 quae
422 1518 467 1557 in
491 1529 542 1557 eo
559 1514 752 1566 habitet,
781 1520 1145 1569 consentaneum,
1184 1531 1290 1573 ergo
1324 1533 1485 1577 corpus
1510 1520 1593 1563 ho-

114 1573 276 1616 minum
298 1574 438 1625 vitae,
469 1573 545 1628 qui
563 1571 773 1627 quamdiu
802 1572 891 1613 ritu
925 1573 1174 1615 mortalium
1203 1576 1354 1619 vivunt
1384 1579 1438 1633 τῇ
1468 1578 1591 1636 ψυχῇ

112 1630 305 1688 praediti
334 1634 460 1682 sunt,
499 1634 835 1672 consentaneum
866 1629 910 1672 h.
932 1643 971 1672 e.
1001 1630 1206 1672 caducum
1235 1639 1279 1674 et
1309 1633 1590 1687 dissolubile,

113 1694 158 1730 et
180 1701 218 1729 σ.
240 1682 536 1737 πνευματικόν
559 1686 588 1730 i.
608 1700 648 1729 e.
667 1700 827 1743 corpus
843 1686 969 1728 vitali
989 1685 1078 1728 Dei
1096 1687 1313 1746 Spiritui,
1343 1693 1418 1747 qui
1437 1698 1588 1749 aptum

112 1744 177 1786 ibi
198 1743 463 1787 domicilium
484 1742 665 1796 habeat,
694 1741 1088 1796 accommodatum,
1130 1759 1236 1800 ergo
1257 1762 1418 1806 corpus
1447 1749 1590 1791 indis-

116 1799 329 1852 solubile,
370 1799 485 1866 quod
513 1799 806 1853 Christianis,
845 1800 888 1842 in
925 1800 1090 1856 quibus
1116 1803 1167 1843 τὸ
1188 1805 1372 1857 Πνεῦμα
1403 1805 1589 1859 habitat,

115 1855 396 1914 postChristi
415 1854 603 1899 reditum
624 1856 708 1899 sub
728 1857 852 1912 regni
873 1857 1083 1900 messiani
1104 1858 1230 1902 initia
1251 1860 1430 1904 dabitur
1448 1865 1471 1905 1
1485 1863 1589 1907 Cor.

118 1914 189 1964 15,
204 1913 279 1956 44.
300 1927 401 1969 sqq.
461 1912 646 1956 Paulum
666 1913 880 1957 formulas
904 1908 928 1957 ὁ
949 1911 1034 1965 ἔξω
1053 1908 1295 1969 ἅνθρωπος
1321 1925 1366 1961 et
1384 1917 1407 1961 ὁ
1431 1915 1520 1962 ἔσω
1544 1916 1589 1964 ὅ.

118 1985 141 2011 e
165 1968 364 2012 Platonis
385 1969 532 2011 schola
559 1970 758 2012 hausisse
777 1970 978 2027 idemque
1004 1971 1118 2027 quod
1139 1971 1394 2018 Platonicos
1424 1976 1493 2018 his
1521 1978 1590 2019 lo-

120 2026 408 2083 quutionibus
429 2025 683 2068 declarasse
704 2025 830 2081 impie
849 2027 984 2068 stat-ui
1006 2029 1179 2071 videtur
1190 2031 1369 2075 Elsnero
1390 2041 1434 2076 et
1455 2034 1588 2089 Carp-

117 2084 261 2135 ποι-ἕο,
292 2083 472 2125 absurde
485 2083 705 2124 Harlessio
728 2082 781 2124 ad
796 2082 958 2150 EpheS.
980 2099 1024 2140 p.
1044 2085 1161 2138 315„
1191 2088 1298 2129 mihi
1321 2105 1430 2133 vere.
1471 2090 1588 2133 Nam

120 2138 234 2197 quod
258 2140 507 2181 llarlessius
527 2139 739 2181 formulas
770 2135 793 2182 ὃ
817 2137 901 2189 ἔξω
926 2139 1169 2195 ἄνθρωπος
1190 2150 1233 2186 et
1257 2141 1279 2185 ὅ
1300 2142 1387 2187 ἔσω
1410 2142 1452 2189 ὅ.
1486 2147 1590 2189 Pla-

118 2197 287 2240 tonicas
320 2211 418 2238 esse
445 2196 620 2251 negavit
651 2200 909 2254 propterea,
958 2197 1074 2253 quod
1114 2199 1288 2242 minime
1321 2204 1592 2258 reconditae,

120 2253 198 2296 sed
220 2268 331 2310 quae
356 2253 495 2294 cuivis
521 2267 567 2295 se
588 2252 747 2295 offerre
767 2253 992 2310 potuerint
1020 2255 1300 2311 loquutionos
1331 2260 1445 2313 sint,
1491 2263 1591 2319 qui-

118 2310 304 2353 bustum
326 2311 512 2365 corporis
529 2314 619 2351 tum
641 2311 795 2352 mentis
816 2311 938 2352 notio
957 2316 1057 2367 apte
1079 2314 1417 2370 exprimeretur,
1449 2318 1491 2360 id
1508 2334 1590 2374 ego

120 2382 293 2424 quoque
314 2366 591 2409 concederem
620 2371 722 2408 tam(
745 2380 795 2408 ue
825 2367 879 2408 ab
911 2367 968 2410 iis
1002 2366 1263 2413 Platonismi
1293 2374 1590 2432 suspicionem

120 2424 275 2467 abesse
299 2423 514 2476 dicerem,
549 2439 677 2481 quam
698 2438 720 2464 a
765 2423 867 2467 Jobi
888 2439 988 2466 voce
1009 2426 1076 2478 10,
1092 2428 1158 2470 11.
1178 2430 1360 2488 “;Ὼρ’;’ςῃ
1377 2435 1486 2488 migma
1500 2438 1589 2486 5³17,

121 2481 176 2522 ab
199 2481 255 2524 iis
274 2482 305 2525 l.
321 2514 332 2533 ‚
360 2481 403 2522 in
426 2481 586 2538 quibus
606 2493 691 2541 :752
711 2481 900 2523 animum
921 2480 1116 2524 declarat
1140 2482 1215 2529 ΡΒ.
1236 2487 1279 2538 5,
1303 2490 1394 2539 10,,
1425 2480 1590 2532 οόρΙε-

120 2537 247 2580 hrato
271 2539 524 2581 Anaxarchi
544 2535 686 2591 dicto,
717 2538 790 2594 qui
810 2537 1093 2581 Nicocreonti
1114 2547 1302 2596 tyranno
1327 2559 1459 2601 quum
1487 2561 1589 2588 cru-

121 2594 392 2637 delissimum
415 2595 678 2653 supplicium
709 2602 900 2637 sumeret
934 2594 1117 2645 πτίσσε,
1158 2598 1324 2656 inquit,
1366 2602 1440 2643 τὸν
1458 2599 1590 2645 Ἀνα-

83 2663 86 2667 ’
122 2650 283 2705 ξάρχου
312 2647 534 2700 θύλακον,
567 2648 826 2706 Ἀνάξαρχον
856 2652 903 2694 δὲ
929 2648 981 2694 οὗ
1009 2650 1220 2709 πλήττεις
1248 2658 1407 2713 (Diog.
1435 2659 1589 2704 Laert.

122 2710 163 2760 9,
183 2709 277 2763 59.)
295 2714 338 2750 et
361 2723 381 2749 a
408 2709 556 2750 multis
576 2709 809 2750 multorum
830 2708 1008 2751 vocibus
1027 2717 1192 2753 remota
1218 2720 1310 2767 est,
1341 2730 1451 2771 quae
1473 2732 1589 2759 men-

123 2768 230 2816 tem,
271 2779 354 2807 non
385 2780 557 2819 corpus,
599 2765 812 2807 hominem
844 2766 1017 2808 efficere
1047 2766 1294 2823 declarant,
1334 2772 1419 2813 nisi
1451 2776 1587 2816 multa

124 2819 394 2863 Platonicam
418 2837 566 2864 carum
590 2823 874 2864 formularum
896 2824 1108 2879 originem
1130 2828 1477 2873 manifestarent.
1534 2831 1590 2873 Et

122 2878 309 2935 primum
340 2879 512 2935 quidem
542 2878 743 2935 ambigua
771 2895 842 2922 res
871 2880 1121 2935 videretur,
1170 2884 1207 2926 si
1242 2886 1455 2929 formulae
1492 2894 1590 2929 tan-
