1715 3115
218 195 379 242 CAP.
408 192 543 240 Vll.
574 195 669 238 Vs.
699 196 743 238 7.
772 218 828 228 --
858 194 1018 239 CAP.
1049 194 1213 239 Vlll.
1248 196 1340 242 Vs.
1375 198 1470 241 17..
1529 201 1587 241 23

106 303 259 360 Quare
281 302 356 359 qui
380 300 565 345 Paulum
586 300 788 342 refellere
809 301 1090 343 constituerit
1110 300 1196 343 duo
1219 300 1373 344 doceat
1403 317 1582 346 necesse

104 367 197 413 est,
246 374 377 401 unum
420 373 504 399 non
544 358 686 398 minus
715 357 885 399 Christi
927 359 1176 415 praeceptis
1209 358 1489 402 Christianos
1522 361 1579 403 ad

104 415 367 475 peccandum
398 415 658 466 sollicitari,
700 429 827 470 quam
858 414 1018 457 Judaei
1061 416 1157 469 lege
1195 429 1304 458 mos,
1344 416 1580 460 sollicitati

103 475 208 525 sint,
230 474 442 523 alterum,
475 486 557 512 non
581 471 837 512 antecedere
858 471 946 515 div.
969 472 1173 529 spiritum
1195 471 1335 515 Mosis
1353 473 1496 529 legem
1517 475 1577 517 iis

101 529 365 578 virtutibus,
397 542 506 584 quas
532 529 597 568 illi
621 526 669 569 Ρ.
691 528 914 570 tribuerit.

213 586 301 641 Qui
324 585 463 626 libero
481 590 524 625 et
544 585 617 640 qui
642 585 683 624 iu
705 584 1046 643 praejudicatam
1078 585 1325 642 opinionem
1356 600 1441 628 non
1471 601 1575 644 pro-

100 642 289 701 pendeat
309 642 455 683 animo
489 642 626 683 locun»
650 642 743 692 7,7.
767 666 818 671 -
849 641 890 693 8,
908 644 973 685 17.
1003 641 1240 693 diligenter
1268 643 1576 686 considerave-

99 701 183 752 rit,
212 714 308 740 eum
330 698 665 739 commentarios
684 698 941 754 complecti,
971 699 1130 754 quibus
1152 705 1252 741 ante
1273 698 1387 741 dicta
1408 701 1507 753 7,5.
1527 704 1574 747 6.

99 763 190 798 tum
216 756 498 797 illustrentur
519 759 606 796 tum
629 754 994 806 corroborentur,
1025 769 1108 795 nou
1134 761 1381 811 potest-non
1404 757 1573 800 intelli-

100 827 222 868 gere.
282 814 425 854 Docet
456 811 569 852 enim
600 811 890 868 expositionis
922 811 975 852 ad
1005 825 1043 854 v,
1073 812 1115 854 5.
1149 813 1315 854 relatae
1345 813 1572 856 exordium

103 885 141 912 v.
170 870 372 917 7-12..
419 869 595 925 planum
639 868 745 909 facit
772 867 1100 910 dissertationis
1128 870 1321 921 7‚7-8,
1338 872 1406 914 17.
1439 885 1572 925 argu-

100 932 318 975 mentum.
348 924 623 966 demonstrat
651 924 890 981 bipartitae
921 924 1235 980 disputationis
1262 927 1424 979 (altera
1455 928 1572 970 enim

99 997 140 1025 v.
158 982 337 1024 7—25.
357 981 411 1021 ad
435 996 474 1022 v.
495 982 538 1024 5.
569 987 762 1037 spectat,
800 982 940 1022 altera
971 982 1198 1034 8‚1—17.
1227 983 1280 1023 ad
1308 984 1403 1034 7‚6.
1430 986 1572 1041 perti-

100 1042 194 1092 net)
217 1039 329 1079 ratio
350 1043 394 1078 et
416 1039 636 1079 conclusio
658 1044 718 1092 (v.
738 1038 864 1086 225.
886 1039 941 1080 cl.
963 1052 1004 1080 v.
1025 1038 1067 1080 5.
1082 1070 1094 1088 ‚
1125 1043 1167 1079 et
1185 1038 1280 1086 8,1.
1312 1040 1380 1082 13,
1411 1055 1481 1096 sq.
1512 1042 1570 1084 cl.

97 1096 232 1146 7‚(5.).
290 1093 481 1136 Dicendi
501 1093 728 1135 exordium
755 1093 805 1137 P.
838 1095 957 1149 capit
987 1108 1011 1134 a
1040 1094 1316 1147 sanctitatis,
1356 1095 1411 1135 ob
1440 1110 1571 1151 quam

98 1152 240 1205 legem
279 1164 386 1192 mos,
428 1150 675 1191 rectissime
713 1150 985 1201 reverearis,
1032 1149 1290 1191 defensioue
1324 1152 1571 1201 7‚7—12..

95 1206 210 1250 Nam
231 1207 361 1249 verba
393 1221 432 1249 v.
454 1206 498 1250 5.
530 1204 585 1247 τοὶ
614 1204 862 1261 παθήματα
890 1207 976 1247 τῶν
1005 1201 1230 1259 ἁμαρτιῶν
1258 1204 1320 1246 τὰ
1349 1207 1442 1249 διὰ
1472 1209 1570 1250 τοῦ

95 1263 271 1315 νόμου
302 1264 625 1320 impuritatem,
677 1264 762 1318 qua
792 1277 953 1319 pravos
983 1263 1207 1319 appetitus
1239 1263 1399 1304 foverit
1427 1269 1472 1305 et
1513 1264 1570 1307 ad

96 1322 235 1362 malas
274 1321 468 1361 actiones
512 1321 707 1361 homines
738 1319 996 1376 pellexerit,
1042 1319 1131 1373 legi
1162 1333 1269 1363 mos,
1299 1321 1568 1377 exprobrare

96 1377 235 1419 videri
275 1383 493 1433 poterant.
571 1375 780 1418 Ostendit
818 1377 955 1428 igitur
987 1374 1063 1428 P.,
1105 1374 1279 1418 Peccati
1311 1384 1570 1430 monstrum,

96 1434 212 1490 quod
237 1433 374 1475 mosis
395 1434 490 1487 lege
512 1433 701 1474 nondum
725 1433 812 1474 lata
837 1441 1041 1488 tauquam
1064 1433 1254 1487 sopitum
1280 1432 1473 1490 jaceret,
1503 1435 1570 1476 le-

95 1492 165 1543 gis
189 1505 296 1533 mos.
320 1490 432 1546 quod
460 1491 595 1530 malas
616 1489 882 1545 cupiditates
902 1493 1019 1530 alere
1041 1496 1210 1530 vetaret
1232 1490 1466 1532 interdicto
1491 1507 1568 1533 ex-

95 1549 392 1604 pergefactum
413 1562 517 1588 suae
540 1547 810 1603 impuritatis
833 1547 954 1587 virus
975 1547 1297 1602 expromsisse,
1327 1563 1457 1603 (ptum
1487 1563 1568 1605 per

96 1605 418 1645 sanctissimum
442 1611 744 1660 praeceptum,
777 1602 889 1658 quod
914 1617 1068 1659 pravas
1089 1603 1353 1660 cupiditates
1379 1605 1568 1646 homini-

97 1661 179 1702 hus
199 1661 522 1713 interdixisset,
556 1661 691 1701 malas
712 1661 854 1700 omnis
883 1660 1059 1712 generis
1085 1660 1351 1716 cupiditates
1381 1662 1569 1702 bomini-

97 1716 180 1758 bus
219 1717 490 1758 accendisset
527 1718 670 1772 iisque
703 1731 833 1771 (pium
864 1718 978 1772 rapti
1009 1716 1302 1772 cupiditatum
1334 1719 1568 1760 lenociniis

98 1780 352 1829 peccassent
373 1779 551 1814 mertem
574 1775 835 1829 peperisset.
898 1776 1022 1827 Quae
1053 1774 1116 1814 sic
1137 1773 1190 1817 P.
1220 1774 1368 1831 eloqui
1398 1776 1568 1832 potuis-

100 1835 193 1880 set,
223 1836 271 1870 ut
292 1830 477 1873 diceret:
517 1845 598 1871 uon
623 1831 835 1886 impuram
863 1846 960 1871 esse
987 1830 1127 1871 Mosis
1161 1832 1325 1884 legem,
1367 1831 1483 1887 quod
1511 1847 1566 1873 ex

101 1899 140 1928 v.
165 1900 202 1927 v.
226 1886 267 1928 5.
292 1887 454 1941 aliquis
474 1894 829 1939 argumentetur,
860 1888 988 1928 facile
1020 1892 1154 1942 patet.
1214 1886 1385 1944 Nempe
1406 1888 1567 1931 Pecca-

99 1950 188 1982 tum
222 1941 336 1997 quod
371 1944 465 1994 lege
495 1957 601 1986 mos·.
631 1943 816 1984 nondum
860 1944 1135 2000 promulgata
1165 1958 1316 1985 somno
1346 1946 1566 2002 sepultum

98 2006 167 2039 est.
189 2001 345 2039 excitat
366 2000 452 2039 lata
478 1999 574 2049 lex,
605 2000 766 2054 quippe
785 2015 907 2040 suum
932 2001 1121 2040 furerem
1148 2000 1397 2043 effundendi
1429 2008 1568 2043 mate-

98 2056 209 2096 riam
233 2056 270 2095 ei
293 2055 598 2111 suppeditans,
654 2055 759 2096 Vita
785 2056 920 2107 igitur
939 2055 1195 2097 destitutum
1218 2065 1314 2099 erat
1337 2056 1567 2099 Peccatum

100 2127 231 2168 quum
256 2112 394 2153 Musis
415 2112 482 2152 lex
517 2110 703 2152 nondum
736 2113 822 2152 lata
852 2119 992 2162 esset,
1034 2112 1109 2154 sed
1141 2114 1285 2155 vivere
1317 2116 1461 2172 coepit
1489 2116 1570 2157 boc

97 2174 331 2225 praecepto
352 2169 648 2224 promulgato:
679 2168 769 2209 noli
793 2170 902 2209 male
922 2169 1243 2225 concupiscere.
1302 2170 1416 2212 Nam
1441 2186 1570 2228 prae-

99 2233 248 2281 cepto,
280 2224 392 2281 quod
419 2230 463 2265 ut
487 2240 646 2281 pravae
666 2225 929 2281 cupiditates
953 2226 1261 2279 frangerentur
1280 2227 1429 2275 §latum
1450 2233 1570 2271 esset

99 2282 337 2332 divinitus,
371 2281 597 2323 l’ccratum
619 2281 799 2322 abusum
821 2288 914 2333 est,
946 2297 1076 2338 quum
1100 2285 1229 2324 motis
1259 2299 1339 2341 per
1369 2291 1566 2326 sanctum

99 2346 381 2396 praecepturi}
402 2339 552 2394 pravis
572 2338 888 2394 cupiditatibus
909 2346 1081 2394 pet-rata
1103 2342 1301 2394 gigneret
1322 2341 1465 2397 iisque
1493 2342 1571 2398 qui

99 2401 354 2463 peccassent
377 2402 557 2437 mortem
580 2395 776 2437 afferret.
835 2396 1128 2448 Quamobrem
1153 2405 1196 2438 rt,
1219 2404 1333 2439 recte
1361 2396 1434 2440 ὅτε
1464 2394 1571 2453 ἦμεν

101 2468 154 2494 εν
182 2453 244 2507 τῇ
275 2453 438 2506 σαρκί
467 2453 520 2493 τὰ
543 2455 657 2493 aaa.
678 2468 716 2494 τ.
739 2445 780 2493 ἆ.
810 2453 873 2492 τὰ
906 2453 994 2493 διὰ
1023 2455 1118 2494 τοῦ
1151 2454 1320 2506 νόμου
1348 2454 1570 2510 ἐνηργεῖτο

101 2507 137 2550 ἐ.
163 2523 192 2548 c.
216 2524 261 2559 μ.
284 2504 321 2562 ἦ.
356 2505 420 2557 εἰς
447 2507 497 2549 τὸ
518 2524 651 2563 napa.
671 2524 708 2550 τ.
737 2510 789 2550 Θ.
810 2523 943 2564 supra
963 2510 1165 2550 contendi
1187 2519 1230 2552 ct
1261 2513 1320 2553 ita
1350 2511 1571 2561 contendi,

100 2568 150 2605 ut
175 2565 239 2605 rei
270 2565 440 2620 culpan·
472 2565 515 2605 in
544 2566 683 2620 legem
716 2580 826 2608 mos,
858 2580 939 2606 uon
970 2567 1227 2609 conferrent.
1299 2567 1386 2608 Sed
1418 2569 1573 2609 maluit

59 2657 63 2660 .
102 2622 198 2677 Ap.
219 2626 438 2677 quactum
464 2620 516 2661 de
538 2622 758 2664 hominum
780 2637 938 2676 genere
968 2638 1007 2665 v.
1037 2624 1080 2666 8.
1109 2627 1178 2676 9.,
1207 2632 1298 2666 tum
1328 2624 1380 2666 de
1409 2626 1465 2667 iis
1493 2628 1570 2666 bo-

102 2677 320 2729 minibus,
352 2678 426 2733 qui
447 2683 546 2719 ante
566 2679 706 2721 Mosis
726 2680 865 2731 legem
888 2685 931 2720 et
950 2686 1049 2736 post
1071 2696 1162 2722 eam
1189 2681 1247 2722 ita
1278 2684 1326 2722 ut
1355 2682 1396 2722 ei
1426 2681 1574 2738 subje-

103 2735 163 2775 cti
182 2741 331 2775 essent
350 2736 564 2776 vixissent,
581 2749 623 2779 v.
643 2737 672 2777 9
688 2761 735 2767 --
750 2739 817 2780 ll.
838 2737 880 2778 in
899 2737 1138 2779 universum.
1165 2737 1309 2779 dicere
1339 2740 1574 2794 potuisset,

105 2804 196 2832 rein
218 2791 358 2832 oculis
383 2793 521 2843 magis
543 2792 824 2848 subjecturus
854 2792 917 2833 sic
948 2795 1199 2845 enuntiare,
1231 2799 1278 2835 ut
1307 2795 1445 2850 prima
1476 2809 1576 2852 per-

107 2847 215 2891 sona
256 2862 362 2891 usus
397 2862 545 2892 eorum
576 2854 727 2908 partes
753 2855 927 2906 ageret,
964 2849 1018 2894 de
1050 2851 1210 2910 quibus
1239 2851 1438 2896 valerent
1467 2866 1578 2910 quae
