1715 3115
162 178 247 223 128
441 176 822 223 EPISTOLA
852 179 955 223 AD
986 179 1346 225 ROMANOS

161 289 233 326 tor
250 298 272 325 a
296 283 393 325 Deo
411 282 681 325 constitutus
700 288 791 337 est,
829 299 910 327 non
932 286 1109 340 spiritus
1138 302 1174 332 s.
1208 286 1310 331 Joh.
1341 283 1466 337 5,28.
1498 300 1566 342 sq.
1593 287 1624 329 2

161 341 265 384 Cor.
287 340 415 392 4‚14.
439 342 462 382 1
483 340 571 384 Th.
590 340 736 391 4‚14..
794 340 971 397 (Neque
987 342 1152 399 judaici
1180 343 1406 396 magistri,
1437 357 1621 398 quorum

159 398 192 440 l.
212 397 529 449 Schoeuyenius
548 396 601 438 ad
627 397 668 440 h.
692 398 724 441 l.
742 412 788 455 p.
806 398 905 440 528.
927 400 1102 450 attulit,
1133 401 1336 456 spiritum
1355 413 1392 442 s.
1427 405 1621 441 mortuo-

160 468 255 495 rum
278 453 320 493 in
353 453 483 494 vitam
514 453 814 496 restitutorem
847 455 1036 508 faciunt,
1074 456 1150 496 sed
1182 456 1272 497 nixi
1301 456 1332 499 l.
1362 455 1520 500 Ezech.
1547 456 1621 509 37,

158 511 202 554 5.
227 523 296 565 sq.
319 508 398 550 hoc
420 510 664 562 affirmant,
702 511 904 567 spiritum
935 511 1024 555 div.
1055 518 1236 554 catenus
1267 517 1471 554 aeternae
1500 513 1628 555 vitae'

158 574 378 608 auctorem
419 566 540 618 fore,
591 571 808 622 quatenus
846 581 970 609 nemo
1009 568 1053 610 in
1095 569 1226 609 vitam
1267 574 1496 610 revocetur
1541 574 1620 611 aut

158 624 311 664 beatae
340 622 455 663 vitae
484 623 649 680 partice
668 638 705 664 )s
734 624 835 677 fiat,
877 624 966 666 nisi
995 624 1068 680 qui
1100 624 1178 666 illo
1207 624 1369 681 spiritu
1396 623 1618 678 ducatur).

155 678 330 722 Deinde
349 680 525 721 etiamsi
547 678 608 724 N.
677 711 689 724 .
711 681 949 736 scriptores
978 680 1158 736 spiritui
1189 694 1226 724 s.
1255 680 1334 722 hoc
1365 695 1521 723 munus
1549 681 1618 724 in-

149 736 431 795 junxissent,
459 740 509 777 ut
529 741 724 778 mortuos
744 737 1058 790 exsuscitaret,
1088 743 1231 778 tamen
1259 737 1398 790 ratio,
1435 737 1519 793 quei
1548 739 1618 780 ul-

153 792 257 835 tima
291 806 356 836 vs,
389 806 429 836 ν.
454 806 549 835 cum
579 793 736 850 primis
767 794 1022 846 cohaerent,
1059 793 1397 836 orthodoxorum
1424 794 1618 851 explica-

152 849 314 891 tionem
335 854 564 905 respueret
585 850 804 905 aliamque
824 851 1071 905 flagitaret,
1101 864 1228 906 quam
1249 851 1391 907 primo
1410 849 1506 892 loco
1527 865 1617 893 me-

152 911 364 947 moratam
387 911 432 947 et
452 905 590 962 ipsam
610 906 718 948 ferri
740 920 823 948 non
845 921 974 964 posse
994 906 1198 951 vidimus.
1258 906 1487 949 Postremo
1515 907 1615 964 ipsa

150 962 338 1004 historia
356 961 585 1004 lectionem
605 961 679 1004 διὰ
695 961 745 1004 τὸ
768 961 964 1005 ἐνοικοῦν
983 959 1119 1005 αὐτοῦ
1141 963 1314 1017 πνεῦμα
1341 963 1615 1006 commenda-

149 1019 282 1061 bilem
306 1017 470 1063 reddit.
527 1017 643 1061 Nam
672 1033 932 1076 quamquam
960 1019 1034 1061 διὰ
1064 1018 1145 1061 τοῦ
1173 1018 1448 1069 ἐνοικοῦντος
1476 1017 1614 1063 αὐτοῦ

148 1072 400 1128 πνεύματος
419 1076 568 1118 seculo
590 1078 723 1118 tertio
742 1089 826 1118 non
847 1090 1065 1132 nunquam
1085 1076 1262 1117 exsistit
1280 1076 1345 1131 (h.
1364 1090 1403 1119 e.
1417 1077 1459 1118 in
1473 1075 1614 1123 Clem.

147 1132 232 1176 Al.
251 1137 297 1174 et
313 1130 563 1185 Methodio,
591 1146 632 1177 v.
652 1134 832 1189 supra),
861 1139 1003 1174 tamen
1025 1146 1110 1188 quo
1128 1139 1322 1189 tempore
1340 1132 1445 1174 lites
1465 1133 1518 1174 de
1543 1133 1613 1175 di·

146 1187 248 1231 vina
268 1188 455 1245 spiritus
475 1203 514 1232 s.
534 1190 688 1230 natura
714 1187 901 1231 nondum
921 1197 1098 1230 exortae
1124 1196 1226 1231 sunt
1254 1189 1385 1240 longe
1409 1189 1613 1246 plerique

147 1243 224 1287 διὰ
248 1244 298 1287 τὸ
331 1243 530 1288 ἐνοικοῦν
562 1242 701 1287 αὐτοῦ
731 1246 902 1298 πνεῦμα
930 1251 1081 1287 tenent
1109 1246 1273 1300 (Iren.,
1313 1245 1460 1298 Tert„
1495 1246 1614 1300 Syr„

148 1300 295 1356 Ονῖ9.;
325 1315 365 1345 v.
385 1302 557 1364 supra).
615 1301 734 1357 Quin
755 1302 885 1344 etiam
908 1317 1039 1358 quum
1061 1301 1240 1359 spiritui
1260 1316 1298 1344 s.
1319 1301 1506 1343 divinam
1532 1317 1611 1344 na-

145 1362 288 1400 turam
308 1372 408 1400 esse
438 1358 702 1416 placuisset,
741 1357 974 1400 orthodoxi
1004 1358 1309 1415 praetulerunt
1336 1357 1406 1399 illi
1434 1358 1609 1414 quidem

144 1414 294 1457 oblata
315 1428 363 1456 re
382 1417 453 1457 usi
472 1415 705 1457 lectionem
728 1413 804 1457 διὰ
830 1419 910 1457 τοῦ
936 1413 1212 1464 ἐνοικοῦντος
1240 1412 1379 1456 αὐτοῦ
1407 1411 1610 1468 πνεύμα-

142 1485 220 1520 τος
253 1485 364 1526 quae
403 1485 510 1514 suae
548 1472 742 1528 opinioni
776 1472 944 1514 faveret
972 1471 1104 1513 alteri
1134 1471 1406 1528 scripturae,
1454 1471 1530 1513 sed
1558 1474 1609 1514 ut

143 1541 283 1583 neque
305 1528 461 1585 cupide
483 1533 687 1581 agerent,
725 1541 867 1583 neque
889 1527 987 1584 piae
1015 1528 1258 1569 sententiae
1286 1541 1429 1569 arcem
1458 1527 1501 1569 in
1527 1528 1609 1570 hu-

139 1582 213 1641 jus
235 1584 268 1627 l.
289 1584 477 1626 lectione
499 1585 553 1625 ab
573 1599 620 1626 se
640 1584 826 1642 probata
846 1584 1034 1639 positam
1052 1597 1152 1625 esse
1165 1583 1477 1625 contenderent
1492 1584 1608 1639 (Bcc-

141 1639 213 1684 sil.
234 1645 278 1681 et
299 1640 460 1684 Arban.
484 1641 516 1684 l.
537 1642 613 1695 c.).
672 1640 816 1695 Quum
838 1640 952 1680 enim
983 1639 1172 1682 divinam
1199 1639 1385 1696 spiritus
1413 1654 1452 1683 s.
1477 1644 1608 1682 natu·

140 1709 233 1737 ram
266 1711 317 1738 ex
342 1697 733 1739 innumerabilibus
757 1696 972 1738 librorum
1001 1711 1064 1740 ss.
1083 1697 1192 1738 locis
1222 1696 1425 1750 cognosci
1451 1702 1606 1753 putas-

140 1757 263 1805 sent,
295 1759 386 1794 tum
408 1753 459 1795 τὸ
489 1755 662 1807 πνεῦμα
686 1767 771 1795 non
803 1752 947 1794 minus
979 1767 1106 1808 quam
1127 1753 1270 1794 Deum
1302 1754 1324 1793 l
1346 1751 1464 1796 Tin».
1481 1753 1605 1804 6,13.

139 1814 186 1850 et
215 1809 438 1852 Christum
469 1811 570 1853 soh.
604 1810 753 1862 10‚28.
781 1823 913 1866 posse
943 1809 1201 1862 ζωοποιεῖν,
1246 1809 1275 1850 2
1302 1807 1406 1852 Cor.
1431 1808 1524 1861 3‚6.
1557 1812 1604 1852 et

138 1864 243 1910 Joh.
263 1867 305 1919 6,
317 1867 389 1910 63.
408 1866 578 1922 liquido
598 1867 754 1908 docere
771 1865 938 1923 opinati
957 1871 1074 1909 sunt.
1132 1864 1290 1920 ltaque
1311 1879 1362 1906 ne
1382 1871 1469 1906 tum
1503 1867 1604 1921 qui-

137 1922 259 1974 dem,
290 1937 421 1978 quum
442 1924 588 1964 divina
618 1928 773 1965 natura
801 1922 982 1978 spiritui
1010 1937 1047 1966 s.
1072 1923 1238 1976 publice
1265 1921 1438 1963 decreta
1466 1927 1603 1973 esset,

136 1977 343 2021 doctores
389 1979 677 2022 ecclesiastici
715 1979 978 2035 scripturam
1015 1978 1090 2020 διὰ
1126 1975 1180 2021 τό
1216 1976 1415 2020 ἐνοικοῦν
1462 1975 1601 2020 αὐτοῦ

136 2036 311 2088 πνεῦμα
349 2033 403 2078 de
443 2036 663 2077 haeretica
696 2035 852 2077 fraude
892 2039 1139 2091 suspectam
1191 2034 1460 2086 habuerunt,
1518 2032 1599 2076 sed

137 2096 451 2149 utramcunque
472 2094 700 2134 lectionem
722 2091 889 2144 Codex,
921 2106 1005 2147 quo
1024 2092 1139 2133 forte
1166 2096 1417 2142 uterentur,
1456 2090 1598 2130 conti-

135 2153 282 2202 neret,
312 2163 406 2190 eam
428 2150 606 2205 sequuti
624 2154 726 2191 sunt
743 2149 804 2204 (v.
834 2161 872 2192 c.
893 2147 1054 2203 Chrys.
1083 2152 1128 2189 et
1147 2146 1413 2200 Augustin.;
1451 2160 1492 2188 v.
1522 2160 1598 2187 su-

168 2207 253 2258 ra).
312 2204 463 2259 Unus,
494 2205 579 2246 nisi
604 2206 760 2258 tallor‚
796 2204 952 2261 cupide
983 2205 1074 2258 egit
1099 2203 1316 2245 Maximus
1343 2202 1597 2247 monachus.

133 2218 260 2316 ¹(Suae
281 2276 408 2317 quum
431 2263 492 2303 ita
512 2262 623 2315 sint,
655 2261 729 2303 διὰ
751 2262 850 2303 τοῦ
881 2260 1152 2309 ἐνοικοῦντος
1181 2257 1319 2300 αὐτοῦ
1344 2254 1596 2310 πνεύματος

133 2322 343 2360 vetustum
362 2318 560 2360 mendum
580 2332 677 2360 esse
691 2317 842 2374 judico
860 2316 1000 2370 (facili
1019 2320 1162 2357 autem
1182 2328 1331 2356 errore
1349 2319 1450 2356 ante
1473 2313 1595 2356 ἐνοι-

136 2374 262 2414 κοῦν
293 2372 454 2416 αὐτοῦ
485 2389 564 2431 pro
593 2372 668 2415 διὰ
696 2372 755 2414 τὸ
786 2372 1058 2414 scribebatur
1086 2371 1160 2412 διὰ
1185 2372 1307 2420 τοῦ,
1357 2384 1440 2427 quo
1475 2369 1593 2411 facto

132 2427 427 2479 ἐνοικοῦντος
446 2437 491 2472 et
510 2427 774 2482 πνεύματος
805 2443 889 2470 non
913 2429 1055 2484 potuit
1084 2442 1167 2469 non
1198 2428 1413 2480 exarari),
1451 2439 1594 2481 neque

131 2484 312 2526 dubium
337 2492 428 2539 est,
457 2487 560 2543 quin
590 2487 674 2528 iste
703 2498 828 2526 error
857 2486 992 2526 multo
1022 2485 1249 2539 pauciores
1267 2481 1378 2527 cdd.
1407 2495 1593 2538 occupa-

132 2547 260 2582 turus
283 2542 463 2596 fuisset,
495 2543 580 2584 nisi
601 2556 704 2584 casu
733 2541 975 2593 evenisset,
1012 2547 1060 2582 ut
1088 2541 1309 2597 opinioni,
1341 2538 1410 2579 cui
1440 2537 1591 2580 Theo-

132 2598 224 2652 logi
244 2599 448 2654 pietatem
471 2599 792 2649 decrevissent,
821 2597 966 2639 favere
988 2598 1106 2639 visus
1127 2602 1260 2640 esset.
1317 2595 1447 2637 Nunc
1474 2595 1590 2636 salsa

131 2654 437 2696 nonnullorum
461 2655 567 2698 VV.
588 2653 876 2710 DD.judicia
899 2653 1025 2694 facile
1049 2654 1294 2695 convincas.
1353 2650 1475 2695 Mill.
1495 2651 1525 2693 l.
1547 2665 1588 2693 c.

131 2708 207 2751 διὰ
228 2711 309 2752 τοῦ
328 2709 600 2759 ἐνοικοῦντος
618 2708 755 2751 αὐτοῦ
785 2705 1031 2761 πνεύματος
1061 2711 1274 2763 glossema
1306 2721 1454 2749 eorum
1487 2719 1587 2747 esse

130 2772 278 2822 putat,
309 2767 381 2821 qui
404 2766 477 2808 ὸιά
499 2782 594 2807 cum
614 2768 778 2809 Aecus.
801 2766 842 2807 h.
864 2766 894 2807 l.
915 2779 994 2805 non
1020 2772 1214 2820 propter,
1252 2764 1328 2806 sed
1355 2777 1434 2818 per
1461 2761 1585 2813 (Joh-

130 2823 276 2880 0357.)
295 2823 438 2867 valere
461 2828 575 2867 recte
587 2822 639 2880 (Ξ)
658 2822 942 2866 observarent
962 2826 1021 2877 (v.
1041 2825 1226 2879 supra.).
1286 2820 1409 2874 DW„
1425 2817 1498 2886 διξὶ
1524 2814 1583 2858 τὰ

1467 2889 1584 2917 ενοι-
