1715 3115
145 161 238 204 442
430 161 812 208 EPISTOLA
847 164 949 208 AD
981 163 1351 210 ROMANOS

143 268 308 326 pretati
328 272 454 322 sunt,
484 285 506 312 e
529 270 664 312 maris
687 275 731 312 et
760 271 947 312 feminae
975 272 1132 314 natura
1157 273 1444 332 compositum
1473 274 1612 318 hn’sse

143 340 285 381 neque
308 326 519 368 credibile
537 335 605 369 est
625 342 764 384 neque
783 327 952 370 idoneis
971 331 1242 381 argumentis
1263 346 1285 371 a
1308 346 1525 400 quoquam
1547 332 1615 374 ef-

142 383 321 424 fectum.
382 382 529 426 LXX.
549 390 693 426 autem
724 385 835 439 ’τῖε-,Ἴ
867 390 956 425 tum
989 382 1011 426 ὁ
1035 382 1162 427 Βάαλ,
1188 392 1278 429 tum
1308 405 1331 442 η
1354 389 1481 429 Βααλ
1514 402 1612 430 ver-

142 444 236 479 tere
264 443 501 494 potnerunt
530 455 611 482 non
645 441 784 482 solum
813 442 850 482 si
876 442 982 482 Baal
1011 443 1144 483 simul
1175 457 1266 485 mas
1295 445 1426 486 simul
1452 445 1612 486 femina

141 496 303 536 fuisset
322 503 397 537 aut
415 498 451 538 si
474 497 559 554 ipsi
581 498 711 539 talem
734 512 828 539 eum
853 498 990 540 tuisse
1022 505 1276 555 putassent,
1305 500 1383 542 sed
1412 501 1542 542 etiam
1572 502 1613 544 si

141 552 374 595 Hebraeos
391 553 497 608 ’τῖε-τ]
516 554 600 596 duo
621 555 791 596 diversa
813 555 1011 606 numina,
1048 555 1224 598 Baalem
1246 556 1388 598 Deum
1417 564 1461 599 et
1481 557 1611 600 Baal-

141 609 277 650 tidem
311 610 447 650 Deam
480 626 656 653 vocasse
686 612 1035 654 existimassent.
1093 611 1142 656 S.
1166 612 1223 656 V.
1248 613 1450 656 Gesem‘us
1478 628 1611 670 quum

139 665 278 715 alias,
311 672 400 707 tum
425 668 465 708 in
492 668 532 711 Ι).
554 668 889 710 Rosenmuelleri
909 668 995 713 bibl.
1011 690 1020 706 ε
1036 676 1166 724 exeget.
1188 671 1346 723 stepen.
1373 668 1415 721 Ι,
1446 686 1488 727 p.
1513 672 1611 715 139.

137 721 263 778 Lips.
291 722 415 767 1822.
452 723 633 765 Paulum
658 725 832 766 Baalem
854 726 1102 766 contemtim
1123 723 1200 781 rctjv
1217 726 1342 766 Βάαλ
1359 728 1611 783 appellasse

139 785 187 820 ut
211 780 446 821 invalidum
467 789 508 821 et
531 781 792 822 imbecillum
822 782 1008 825 censuit.
1067 780 1142 823 Sic
1173 782 1284 823 enim
1307 781 1611 826 Talmudistas

135 842 179 876 et
195 834 415 877 Rabliinos
440 837 553 878 idola
576 853 669 879 cum
692 843 906 878 contemtu
928 837 1077 888 nit-‚³:35
1094 837 1241 880 dicere
1265 839 1611 882 imbecillitatem

135 892 194 934 iis
215 894 530 949 exprobrantes
560 897 620 951 (v.
645 893 851 951 Betstorf.
872 894 981 939 Lex.
1013 891 1157 940 chald.
1196 901 1240 937 et
1269 895 1394 940 talm.
1427 910 1471 953 p.
1503 896 1611 951 95.),

135 988 182 1026 et
199 984 405 1040 inlinguzi
419 985 590 1027 arabica
605 977 620 1061 (
635 978 729 1074 1⁷:455)
742 990 898 1033 ethS
921 1002 1004 1029 non
1029 987 1169 1029 solum
1187 985 1323 1028 Deam
1339 1019 1351 1039 ,
1381 985 1458 1028 sed
1477 987 1609 1030 etiam

686 1054 704 1074 ἑ
884 1055 902 1074 ΔΞ

133 1084 281 1127 Deum
301 1087 525 1139 fictitium,
558 1088 718 1130 idolum
740 1094 906 1131 notare.
966 1087 1028 1130 Ut
1053 1088 1252 1130 imbelles
1278 1088 1396 1130 viros
1426 1089 1611 1131 seminas

132 1140 321 1183 dicimus
343 1149 402 1197 (v.
417 1145 461 1187 F.
483 1146 530 1188 V.
546 1146 840 1188 1⁴‘1·e'tzscl1ead
858 1144 1091 1201 Aristoph.
1115 1144 1387 1202 Thesmoph.
1412 1159 1451 1188 v.
1474 1146 1610 1199 134.),

135 1199 200 1240 sic
230 1199 334 1242 Diis
361 1201 593 1243 infirmitas
624 1216 674 1244 eo
708 1202 840 1259 objici
870 1208 1066 1260 poterat,
1119 1202 1234 1258 qnod
1273 1201 1422 1260 115³&ss
1456 1203 1608 1254 Dirae,

134 1257 312 1298 vinnaina
331 1258 519 1313 feminea
546 1265 832 1311 vocarentur,
877 1272 1137 1316 quamquam
1173 1259 1228 1310 ii,
1269 1273 1378 1315 qnos
1404 1259 1604 1301 Buxtor-

131 1309 218 1365 fias
243 1313 444 1366 citavit‚‘
470 1322 515 1357 nt
545 1315 875 1357 idololatrarum
910 1316 1100 1372 ineptias
1133 1316 1466 1366 cavillarentur‚
1503 1328 1606 1355 con-

134 1369 255 1411 sulto
277 1370 495 1424 Dearum‚
528 1387 636 1429 quas
658 1374 725 1414 illi
756 1373 977 1430 opinionis
1005 1386 1156 1413 errore
1183 1372 1412 1413 commenti
1443 1378 1607 1424 essent,

133 1428 396 1469 mentionem
427 1430 584 1471 fecisse
616 1430 834 1473 videntur.
894 1428 982 1471 Sed
1014 1443 1095 1470 non
1127 1428 1311 1485 probant
1341 1442 1430 1470 rem
1461 1441 1606 1468 exem-

133 1483 208 1537 pla
229 1497 252 1524 a
273 1485 451 1526 Gesenio
469 1487 620 1529 allata.
679 1485 793 1528 Nam
817 1486 870 1527 ad
901 1486 1164 1539 appellativa
1193 1485 1363 1526 nomina
1395 1498 1604 1541 provoca-

132 1538 220 1590 vit,
253 1554 383 1596 quum
409 1537 433 1596 ἡ
453 1540 582 1583 Βάαλ
603 1558 755 1584 nomen
778 1544 1003 1598 proprium
1038 1547 1173 1583 esset.
1237 1539 1420 1582 Probari
1455 1545 1605 1596 posset

131 1595 218 1636 viri
246 1598 415 1649 egregii
446 1600 688 1650 sententia,
726 1600 763 1640 si
782 1598 973 1642 Judaeos
993 1597 1143 1640 Jovem
1177 1597 1270 1651 τὴν
1289 1596 1401 1646 Δία,
1435 1597 1604 1638 Hercu-

131 1651 216 1693 lem
239 1650 538 1710 ‘crjv‘HpazlrJ
558 1656 724 1712 abjecte
743 1655 910 1696 dixisse
932 1654 1216 1695 ostendisset.
1279 1653 1331 1695 Et
1355 1653 1603 1694 alexandri-

133 1721 213 1749 nos
239 1709 502 1766 interpretes
531 1725 661 1766 quum
693 1710 716 1766 ἡ
743 1709 869 1752 Βάαλ
901 1711 1147 1752 scriberent
1177 1709 1368 1766 aliquam
1392 1710 1528 1752 Deam
1557 1710 1603 1752 in

131 1770 276 1807 mente
301 1767 506 1808 hahuisse
529 1783 659 1822 supra
683 1768 886 1810 vidimus.

251 1822 308 1865 V.
335 1823 378 1867 5.
445 1825 713 1879 Applicatur
743 1824 983 1880 exemplum
1014 1837 1054 1865 v.
1086 1823 1261 1865 2.-4.
1299 1821 1352 1862 ad
1392 1835 1602 1877 praesens

132 1883 306 1934 tempus
329 1894 366 1921 v.
388 1879 446 1922 5..
510 1881 589 1922 vis
613 1881 798 1938 exempli
832 1881 873 1921 in
906 1895 957 1921 eo
987 1879 1071 1920 sita
1104 1885 1195 1932 est,
1233 1878 1345 1935 qnod
1372 1879 1492 1920 Deus
1519 1879 1602 1920 ali-

133 1949 245 1991 quos
267 1934 521 1988 israelitas,
553 1939 627 1993 qui
652 1939 721 1994 pie
744 1952 790 1978 se
811 1938 1029 1986 colerent,
1065 1937 1114 1977 ef·
1139 1942 1281 1976 aetate
1312 1936 1496 1986 benigne
1526 1935 1600 1977 de-

130 1992 316 2045 legerit,
347 1994 416 2034 eui
436 2009 600 2034 summa
627 2001 744 2035 esset
770 1993 822 2033 ad
855 1995 1118 2050 impietatem
1149 1994 1188 2032 in
1213 1992 1352 2033 Deum
1382 1993 1598 2034 voluntas.

132 2048 260 2090 Eliae
289 2055 483 2107 tempore
513 2066 643 2106 quum
672 2051 906 2092 israelitae
935 2050 1255 2091 incredibiliter
1285 2049 1323 2088 in
1351 2047 1597 2090 Baaltidem

130 2105 260 2146 effusi
283 2113 453 2159 essent,
483 2112 623 2148 tamen
649 2122 699 2149 ex
722 2113 844 2148 tanto
865 2107 1025 2163 populo
1048 2113 1214 2162 septem
1240 2106 1375 2146 millia
1406 2105 1596 2146 virorum

130 2161 338 2204 benevole
363 2163 483 2204 Deus
506 2163 690 2216 delegit,
723 2165 795 2219 qui
819 2164 901 2204 lide
925 2163 1009 2204 sihi
1029 2163 1199 2203 servata
1226 2163 1393 2216 piorum
1414 2161 1597 2202 Israeli-

129 2224 275 2260 tarum
298 2220 440 2261 oflicio
470 2221 756 2274 fungerentur
787 2227 917 2275 atque
950 2220 1007 2260 ita
1038 2219 1168 2260 etiam
1199 2220 1310 2259 alias
1342 2218 1461 2258 Deus
1494 2218 1597 2258 fecit

129 2274 274 2318 Sirac.
311 2277 484 2328 47,22..
563 2277 672 2317 ltem
707 2277 876 2319 Christi
919 2281 1088 2327 aetate,
1137 2290 1266 2331 quum
1307 2274 1593 2326 genninorum

127 2329 436 2374 Israelitarum
459 2348 594 2386 genus
613 2335 868 2374 exstinctum
890 2332 1029 2373 videri
1067 2339 1238 2388 posset,
1269 2331 1468 2387 quoniam
1502 2330 1594 2384 pie-

129 2394 265 2430 tatem
297 2390 379 2430 lide
409 2390 587 2432 Christo
617 2390 763 2430 habita
798 2396 886 2429 tum
917 2389 1182 2443 probandam
1204 2386 1435 2428 Israelitae
1465 2387 1594 2440 vulgo

129 2446 415 2487 manifestare
439 2447 704 2496 noluissent,
736 2451 876 2485 tamen
906 2445 1024 2485 Deus
1050 2446 1222 2500 aliquas
1256 2443 1421 2499 piorum
1453 2441 1593 2483 lsrae-

128 2501 335 2553 litarum,
373 2503 446 2559 qui
472 2517 576 2543 suae
608 2503 820 2543 voluntati
850 2501 1218 2550 obsecundarent,
1258 2499 1487 2554 relliquias
1520 2499 1593 2539 he-

129 2558 261 2610 nigne
284 2558 474 2600 delectas
497 2573 724 2615 superesse
748 2559 900 2600 voluit.
961 2558 1036 2601 Sic
1056 2560 1125 2609 (ut
1148 2556 1266 2597 Eliae
1300 2555 1594 2611 temporibus)

127 2613 345 2669 iyit'urffi.
367 2630 404 2658 e.
434 2621 480 2657 ut
509 2615 750 2667 exemplum
780 2616 837 2656 ad
865 2615 975 2656 lianc
999 2619 1187 2654 aetaiem
1213 2613 1443 2666 applicem,
1483 2625 1591 2652 non:

129 2684 261 2725 quum
303 2671 346 2712 id
388 2672 475 2714 div.
513 2673 733 2712 oraculum
767 2685 804 2713 v.
834 2671 876 2713 4.
918 2669 1240 2724 portendisset‚
1289 2667 1479 2718 fllejler.)
1509 2667 1592 2707 [1126

128 2740 291 2783 qnoque
309 2732 452 2769 aetate
471 2729 602 2774 (sicut
622 2728 743 2768 Eliae
767 2730 930 2778 aetate)
952 2727 1156 2780 quaedam
1171 2725 1335 2777 piorum
1360 2723 1588 2764 I.‹raea'ia¹u-
1632 2741 1635 2744 ·

131 2796 230 2823 rtem
277 2784 496 2839 relliquiae
538 2798 597 2824 ea:
641 2783 1059 2824 benevolentiae
1105 2780 1266 2822 delectu
1315 2780 1588 2821 exstiterunt.

129 2837 254 2881 Voce
275 2840 436 2894 λεῖμμα
463 2840 766 2883 vocabulorum
799 2853 837 2885 v,
858 2839 902 2884 4.
929 2855 951 2879 κ
966 2853 991 2880 α
1006 2835 1201 2880 vezano
1217 2852 1236 2877 ν
1262 2834 1455 2892 ἐμαυτῷ,
1508 2847 1592 2875 non
