1715 3115
507 118 665 164 CAP.
696 119 758 165 X.
789 119 882 163 Vs.
913 120 1147 165 18.-21.
1483 121 1572 167 415

101 245 178 273 sua
202 229 246 273 8.
274 227 489 270 rationem
521 226 675 268 habuit
693 226 795 282 (van
816 226 1030 282 Henqelus
1049 226 1220 270 Annot.
1241 225 1287 268 in
1306 226 1339 272 l.
1358 229 1572 272 nonnulla

101 286 160 332 N.
185 287 245 330 Τ.
276 300 320 342 p.
354 284 476 336 135„
516 283 683 338 Reich.)
712 297 854 340 neque
886 282 1116 324 verborum
1147 297 1189 327 v.
1218 284 1284 327 18.
1311 286 1367 326 τὰ
1392 284 1571 340 ῥήματα

99 341 264 392 αὐτῶν,
297 355 408 399 quae
425 341 514 398 jam
537 340 579 382 in
601 345 743 383 mente
765 340 947 382 haberet
965 338 1135 394 (ΔΗΖ),
1163 340 1241 382 sed
1261 340 1314 382 ad
1337 355 1375 383 v.
1400 342 1470 387 15.
1498 356 1570 384 re·

98 400 247 456 spexit
273 402 333 454 (v.
363 399 535 455 supra).
595 396 695 440 Non
725 402 844 439 recte
872 396 1049 452 Meum,
1089 396 1269 449 Rueck..
1308 397 1478 442 Koelln.
1507 400 1568 444 al.

95 458 175 512 τῆς
193 453 329 511 ἀκοῆς
351 455 606 497 vocabulum
628 469 668 499 v.
694 456 763 498 17.
782 453 1041 496 auditionem
1063 453 1188 507 (Gal.
1209 456 1250 503 3,
1262 454 1328 507 2.)
1349 455 1568 513 interpre-

99 513 180 555 tati
212 519 337 556 sunt:
375 511 487 553 fides
516 511 653 565 igitur
682 525 732 553 ex
759 510 982 551 auditione
1014 511 1184 562 oritur,
1220 512 1391 553 auditio
1421 518 1567 556 autem

101 584 180 626 per
199 570 408 611 traditam
429 574 470 610 er
489 569 729 622 expositum
751 567 855 621 (sic)
880 567 962 608 Dei
988 565 1247 610 doctrinam.
1309 568 1421 610 Nam
1451 566 1566 625 ἀκοή

101 640 167 671 vs.
188 628 257 670 17.
279 625 393 667 idem
415 626 584 682 pollere
605 624 753 675 debet,
784 623 899 680 quod
926 637 962 663 v.
991 626 1080 675 16„
1122 638 1144 665 e
1174 639 1259 680 quo
1282 626 1374 681 Ap.
1403 639 1467 671 vs.
1496 628 1568 672 17.

96 686 446 738 argumentetur.
506 681 686 724 Minime
718 687 864 723 autem
895 681 1073 723 illorum
1104 681 1219 722 ratio
1248 683 1395 724 verbis
1421 695 1461 726 v.
1495 684 1567 730 18.

96 739 425 782 commendatur
461 736 521 794 μὴ
564 735 643 780 οὐκ
681 730 953 795 ἤκουσανς
991 736 1114 780 Haec
1142 738 1257 781 enim
1291 753 1386 781 cum
1417 740 1567 783 verbis

96 812 139 842 v.
161 798 230 840 17.
254 792 279 852 ἢ
300 796 348 839 δὲ
377 791 490 851 ἇκοή
517 793 593 836 διὰ
622 792 818 850 ῥήματος
842 795 955 836 θεοῦ
986 795 1222 838 cohaerent
1247 800 1292 838 et
1324 796 1435 838 hanc
1465 811 1566 839 sen·

95 854 277 896 tentiam
299 852 549 895 continent:
580 866 679 894 num
698 854 850 893 carent
873 850 1049 904 nuntio,
1087 867 1213 908 quem
1235 852 1325 895 Dei
1356 853 1565 897 mandatu

96 905 379 967 acceperint?
425 908 641 951 Perverse
669 908 784 950 huno
812 922 879 952 ve.
909 915 1173 951 enarrarunt
1202 909 1372 963 Chrys„
1427 910 1563 953 Theo-

95 967 210 1022 phyl.
230 973 275 1009 et
295 967 418 1019 Oeen,
457 965 533 1022 qui
555 963 741 1008 Paulum
771 979 812 1009 v.
841 965 910 1007 17.
940 966 1221 1008 conclusione
1250 981 1302 1008 ex
1324 965 1419 1010 Jes.
1439 968 1563 1020 53,1.

95 1024 211 1066 facta
243 1023 436 1068 Iudaeos
474 1022 702 1065 miraculis
731 1022 911 1064 nimium
942 1022 1138 1065 tribuere
1168 1023 1327 1066 solitos
1356 1024 1563 1067 refellere

97 1082 266 1139 opinati
284 1079 530 1138 ponderosa
552 1079 809 1137 judicarunt
839 1084 931 1121 tum
961 1093 1002 1122 v.
1032 1078 1081 1130 ἐξ
1106 1077 1261 1137 ἀκοῆς,
1305 1095 1417 1137 quae
1447 1081 1562 1125 hanc

97 1139 418 1196 oppositionem
438 1136 682 1179 indicarent
703 1135 782 1178 οὐκ
801 1134 849 1178 ἐκ
866 1134 1078 1191 σημείων,
1109 1143 1200 1179 tum
1224 1151 1342 1182 vocc.
1370 1135 1446 1181 διὰ
1474 1135 1563 1196 ῥή-

95 1211 234 1248 ματος
254 1195 412 1243 θεοῦ,
446 1195 605 1250 quibus
626 1194 704 1235 hoc
728 1192 1081 1248 significaretur:
1109 1192 1162 1235 οὐ
1185 1191 1242 1236 δι’
1263 1191 1560 1249 ἀνθρωπίνων

96 1249 303 1307 ῥημάτιον
324 1251 366 1295 h.
389 1265 452 1294 r.:
478 1251 566 1306 ἄρα
587 1245 611 1306 ἡ
633 1248 783 1300 πίστις
803 1249 851 1300 ἐξ
867 1247 1038 1306 ἀκοῆς
1059 1252 1163 1303 (non
1178 1283 1191 1304 ,
1219 1257 1268 1293 ut
1286 1250 1470 1295 Judaeis
1495 1253 1561 1295 vi-

96 1308 248 1360 detur,
279 1305 327 1349 ἐκ
352 1305 566 1363 σημείων)
583 1306 770 1361 γίνεται,
807 1302 834 1376 η
860 1305 908 1348 δὲ
941 1302 1050 1363 ἀκοή
1079 1312 1152 1361 (ne
1183 1308 1284 1364 quis
1312 1323 1405 1351 eam
1434 1323 1562 1365 sper-

95 1369 192 1417 nat)
216 1363 290 1406 διὸι
307 1361 503 1434 ῥηλιιατος
522 1365 661 1406 θεοῦ
681 1358 755 1414 (οὐ
780 1363 823 1404 δι
860 1360 1154 1417 ἀνθρωπίνων
1182 1364 1411 1421 ῥημάτων)
1440 1363 1562 1420 γίνε-

95 1437 185 1463 ται.
239 1419 314 1463 διὰ
334 1417 531 1476 ρηματος
563 1422 728 1475 θεοῦ]
760 1420 835 1460 διὰ
864 1415 1060 1473 ῥήματος
1090 1423 1342 1476 Χριστοῦ
1373 1422 1425 1465 B.
1447 1421 1510 1468 D.
1532 1423 1561 1450 ἡ·

95 1478 149 1521 Ε.
168 1480 211 1522 6.
231 1480 274 1522 9.
296 1479 367 1520 23.
391 1478 463 1520 47.
485 1479 560 1522 49.
577 1477 649 1520 57.
667 1478 739 1519 67.
759 1476 816 1504 *³¹⁵
845 1474 994 1532 copt„
1030 1475 1190 1531 Vulg.,
1219 1478 1362 1531 ctam,
1388 1480 1557 1533 Germ„

96 1537 247 1590 Aug.‚
277 1534 602 1586 Ambrosiast„
637 1532 749 1577 Pet..
807 1531 905 1576 Hoc
928 1531 1050 1574 dedit
1072 1533 1258 1578 Lac-hm.
1283 1542 1290 1588 Ι
1319 1536 1393 1577 διὰ
1410 1531 1561 1592 ῥήμα-

94 1607 172 1641 τος
201 1592 252 1636 F.
285 1593 341 1635 G.
373 1591 564 1644 Boern.,
611 1590 777 1634 Hilar..
846 1589 932 1631 His
962 1589 1073 1631 nihil
1111 1591 1309 1634 tribuere
1346 1592 1560 1635 debuerat

95 1648 268 1700 Reich„
299 1654 389 1690 tum
412 1649 616 1705 quoniam
644 1648 684 1688 in
706 1646 840 1699 locis,
883 1646 1102 1702 inquibus
1131 1653 1307 1705 praeter
1337 1649 1558 1703 vulgatam

95 1706 327 1747 lectionem
350 1706 437 1747 alia
460 1706 630 1761 aliquot
650 1704 834 1748 Codices
861 1703 1115 1759 occupavit,
1154 1706 1354 1748 nonnulli
1382 1707 1558 1750 librarii

96 1769 329 1817 utramque
369 1767 445 1802 aut
485 1776 667 1803 exarare
707 1766 776 1816 (ut
817 1761 924 1804 h.1.
963 1760 1083 1802 Beda
1121 1761 1210 1803 Dec·
1242 1762 1441 1816 Christi),
1481 1769 1561 1807 aut

95 1819 300 1860 omittere
322 1819 480 1859 solent.
506 1826 509 1829 ·
544 1818 735 1870 Vulgata
755 1817 972 1873 scriptura
995 1815 1116 1872 Syri,
1146 1815 1386 1861 Clementis
1406 1820 1523 1862 Alex
1542 1851 1561 1875 ‚

96 1874 263 1917 Stroni.
289 1873 404 1925 ΙΙ,6.
422 1874 697 1929 aliorumque
717 1875 977 1917 auctoritate
999 1875 1164 1915 munita
1184 1879 1227 1915 et
1255 1889 1383 1930 quam
1412 1877 1559 1932 prius-

97 1946 225 1988 quam
250 1931 454 1985 Χριστοῦ
475 1931 517 1971 in
539 1931 647 1972 Cdd.
670 1930 806 1971 fuisse
825 1930 971 1971 nedae
991 1929 1120 1971 lectio
1137 1930 1390 1974 DeiClzristi
1410 1939 1558 1975 osten-

96 1991 172 2030 dat
199 1988 389 2043 (alioqui
417 1987 537 2028 Beda
560 1986 716 2028 Christe·
734 1986 820 2028 Det·
849 1985 1044 2036 haberet)
1075 1987 1262 2040 genuina
1292 1993 1378 2033 est.
1436 1988 1559 2033 Scri-

98 2049 282 2102 pserunt
302 2043 525 2097 Χριστοῦ,
559 2043 633 2099 qui
660 2057 699 2085 v,
723 2043 790 2085 15.
817 2042 879 2083 sic
910 2043 1248 2098 explicuissent:
1279 2046 1375 2094 πῶς
1401 2045 1449 2089 δὲ
1475 2064 1560 2104 κη-

95 2100 324 2159 ρύξουσιν,
356 2098 431 2142 ἐὰν
446 2097 506 2154 μη
528 2097 839 2149 ὠτοσταλῶσω
871 2100 989 2154 (scil.
1013 2098 1137 2152 παρὰ
1155 2101 1234 2142 τοῦ
1251 2102 1493 2158 Χριστοῦ).

213 2157 294 2200 Vs.
320 2157 375 2199 18
399 2182 452 2187 -
472 2156 543 2198 21.
565 2156 815 2211 explanavit
835 2171 915 2198 van
936 2156 1152 2210 Henqelus
1179 2157 1221 2197 iu
1251 2157 1304 2201 l.:
1345 2159 1555 2203 Annota..

96 2214 159 2256 tio
183 2214 224 2255 in
246 2216 338 2256 loca
364 2212 572 2254 nonnulla
598 2212 656 2255 N.
680 2214 736 2256 T.
756 2212 1126 2269 (Amstelaedami
1146 2212 1275 2257 1824.
1304 2215 1370 2270 8.)
1396 2230 1440 2272 p.
1471 2218 1555 2259 133

96 2295 152 2303 -—-
172 2273 292 2323 149„
331 2269 409 2312 sed
439 2284 591 2327 parum
619 2270 809 2313 feliciter
841 2270 903 2323 ᾖ).
963 2269 1023 2314 V.
1054 2270 1125 2314 18.
1167 2269 1479 2318 cohaerentia:
1508 2279 1556 2316 at

141 2379 179 2421 *)
207 2379 283 2412 Viri
311 2379 357 2414 Ι).
388 2377 574 2423 explicatio
600 2377 668 2414 luic
696 2378 799 2413 redit.
848 2376 976 2410 Verbis
1004 2390 1039 2412 v.
1068 2377 1121 2411 18.
1155 2376 1245 2413 cinci
1271 2380 1383 2425 λέγω·
1415 2380 1464 2428 μὴ
1488 2381 1554 2418 οὐκ

186 2423 370 2468 ἤκουσανς
407 2426 585 2468 judaicum
607 2425 847 2459 cavillatorem
877 2423 1083 2468 loquentem
1112 2423 1233 2458 induci
1262 2426 1455 2472 existimat,
1490 2431 1553 2474 qni

189 2471 354 2505 insistens
375 2471 486 2505 verbis
506 2484 539 2504 v.
561 2472 615 2504 17.
634 2470 693 2505 διά
711 2467 867 2515 ῥήματος
887 2471 998 2515 θεοῦ,
1026 2471 1122 2513 quod
1145 2470 1328 2513 gentilium
1350 2474 1392 2506 ad
1414 2474 1552 2509 doctri-

188 2529 272 2550 nam
293 2517 413 2552 christ.
433 2516 677 2550 invitationem
697 2529 798 2561 aegre
818 2523 1007 2562 pateretur,
1028 2515 1113 2549 haec
1131 2515 1294 2559 objiciat:
1318 2530 1442 2554 nonne
1460 2532 1552 2566 gen...

187 2563 265 2597 tiles
287 2563 352 2596 Dei
374 2575 502 2597 vocem
526 2564 600 2606 (np.
617 2575 690 2596 non
714 2562 826 2595 Mosis
844 2569 876 2595 et
899 2561 1153 2606 prophetarum
1174 2574 1237 2594 ore
1263 2563 1458 2609 prolatam,
1489 2568 1550 2601 sed

185 2621 292 2652 quam
313 2620 442 2641 rerum
462 2616 602 2641 natura
622 2607 799 2648 edidisset)
820 2607 1060 2642 audiverunt?
1092 2605 1115 2640 i.
1133 2619 1164 2640 e.
1184 2619 1305 2642 nonne
1325 2609 1454 2654 injuste
1480 2614 1551 2658 agit

189 2655 307 2697 Deus,
334 2654 393 2700 qui
412 2655 576 2695 judaeis,
601 2654 767 2699 quonian·
788 2653 925 2687 divinae
945 2652 1026 2687 voci
1042 2653 1242 2687 auscultare
1261 2655 1464 2694 noluerunt.
1489 2670 1549 2692 re-

183 2699 282 2744 jectis
302 2713 398 2735 nunc
419 2712 572 2745 paganos
595 2712 659 2733 suo
686 2698 804 2732 favore
833 2698 1089 2743 amplectatur,
1127 2698 1186 2743 qui
1215 2699 1336 2734 eadem
1363 2701 1468 2747 culpa
1494 2711 1550 2738 te-

187 2753 357 2785 neantur,
381 2758 491 2791 quum
515 2745 579 2790 ipsi
607 2756 749 2790 quoque
769 2744 836 2778 Dei
868 2755 990 2777 vocem
1020 2743 1242 2779 audiverint?
1273 2746 1366 2780 Tum
1394 2747 1548 2784 Paulum

182 2791 384 2826 adversario
407 2793 444 2827 iu
471 2791 568 2826 hune
590 2791 738 2825 moduni
764 2790 981 2836 respondere
1002 2788 1048 2824 V.
1070 2789 1119 2825 D.
1142 2791 1329 2837 opinatur:
1365 2794 1439 2827 imo
1463 2807 1548 2830 vero
