1715 3115
138 165 224 209 378
420 163 798 208 EPlSTOLA
831 166 933 208 AD
966 164 1326 211 ROMANO'S

138 271 304 311 παντὶ
345 270 406 324 τῷ
448 269 701 312 πιστεύοντι
738 270 1055 317 commendant.
1124 270 1293 330 Nempe
1329 277 1510 330 puqcmis
1535 278 1598 332 (ν.

136 327 207 369 11.
230 327 320 380 12.)
346 325 578 380 integritas
602 327 696 368 dari
718 342 800 369 non
823 329 1062 384 potuisset,
1095 328 1179 370 nisi
1200 329 1340 372 Mosis
1362 333 1482 385 lege,
1512 334 1599 389 qua

135 384 222 425 soli
252 381 409 426 sudaei
440 390 718 434 tenerentur,
763 386 934 426 sublata
962 385 1133 441 fideque
1165 386 1207 427 in
1228 387 1322 442 ejus
1343 388 1482 429 locum
1505 390 1598 431 suf-

133 439 274 490 fecta,
319 454 446 495 quam
489 445 578 480 tum
617 439 775 483 Judaei
818 449 906 484 tum
945 441 1102 498 pagani
1142 433 1319 486 Christo
1357 444 1597 501 adjungere

133 501 318 552 possent
338 500 400 550 (v.
424 496 521 539 Gal.
544 499 585 547 3,
601 498 667 539 13.
691 497 795 549 14.).
851 497 1033 541 Ceteras
1063 496 1190 554 hujus
1211 499 1243 542 l.
1267 492 1596 558 interpretatio-

133 566 212 594 nes
237 553 393 609 partim
420 551 547 595 Pauli
579 553 819 608 disputatio
841 555 1031 611 respuit,
1069 555 1228 610 partim
1251 558 1381 598 etiam
1405 573 1511 600 usus
1531 560 1597 600 lo-

132 609 296 665 quendi
335 608 576 662 redarguit.
643 610 771 651 Multi
808 611 934 660 τέλως
963 610 1091 664 sinem
1121 611 1162 653 Ιι.
1191 626 1230 654 e.
1256 627 1453 667 scopum,
1493 615 1596 657 ulti-

131 680 272 716 mum,
318 667 375 707 ad
402 667 512 723 quod
539 667 681 708 omnia
708 667 978 722 reseruntur,
1018 681 1143 721 quum
1175 669 1311 720 ipsum
1341 671 1398 711 ad
1430 671 1594 712 'nullam

131 722 267 764 uliam
291 736 383 764 rem
403 722 623 778 referatur
648 726 755 779 (quo
774 723 1021 775 significatu
1048 723 1298 780 philosophi
1324 724 1378 766 de
1401 727 1594 768 moribus

128 777 400 820 disserentes
429 793 574 820 vocem
613 780 917 836 frequentant,
963 780 1146 822 Arrian.
1180 781 1324 836 Epict.
1355 782 1397 834 3,
1425 783 1496 834 24,
1520 783 1592 828 37.

127 832 173 876 τί
198 828 308 876 ἄλλο
339 834 540 889 λέγουσιν
567 832 610 877 οὶ
639 836 765 885 τέλος
791 833 1052 887 ποιούμενοι
1077 834 1156 889 τὴν
1183 832 1362 891 ἧδονήν;
1394 841 1433 889 l,
1459 839 1527 891 12,
1547 839 1590 882 5.

125 891 198 943 20,
218 891 287 936 15.
318 891 452 945 Diog.
485 891 635 937 Laert.
663 891 723 944 ΙΙ,
743 894 815 936 87.
849 891 958 945 Vll,
979 893 1051 936 87.
1085 891 1175 936 Cic.
1202 893 1257 935 de
1279 893 1379 938 Fin.
1399 894 1442 946 3,
1458 896 1500 947 7,
1520 896 1591 938 26.

126 945 297 992 Juliani
317 947 446 992 Orat.
469 949 555 993 Vl.
580 964 623 1005 p.
645 951 740 991 193.
760 949 827 991 ed.
847 949 1076 1003 Spunhem.
1098 951 1175 1003 τῆς
1193 953 1368 1005 κυνικῆς
1387 951 1434 993 δὲ
1453 952 1592 1005 φιλο-

125 1001 294 1058 σοφίας
324 1002 536 1054 σκοπὸς
562 1004 641 1058 μέν
671 1005 766 1048 ἐστι
793 1007 867 1047 καί
896 1022 913 1046 τ
932 1006 1068 1055 έλος,
1101 1003 1252 1061 ὥσπερ
1274 1005 1328 1061 61>
1347 1008 1420 1049 καὶ
1442 1007 1589 1062 πάσης

125 1060 428 1115 φιλοσοφίας,
478 1060 529 1103 τὸ
568 1058 854 1115 εὐδαιμονεῖν.
917 1061 1045 1103 Adde
1078 1063 1101 1103 1
1131 1061 1252 1106 Tim.
1283 1065 1322 1114 1,
1348 1063 1413 1117 5.)
1445 1064 1590 1106 valere

124 1122 356 1173 putarunt,
397 1117 474 1160 sed
506 1124 551 1159 ut
583 1133 663 1160 non
700 1133 783 1160 uno
803 1133 949 1160 omnes
971 1119 1081 1160 hunc
1100 1120 1132 1162 l.
1154 1119 1278 1160 modo
1305 1126 1590 1176 exponerent.

125 1173 296 1228 Chrys,
350 1174 608 1231 Theophyl„
663 1176 782 1219 Phor.
809 1175 923 1231 apud
958 1176 1080 1227 Oeen,
1127 1175 1250 1217 Beza
1266 1208 1277 1227 ,
1320 1177 1590 1219 Turreitinus

125 1230 208 1274 al.:
252 1245 353 1272 nam
382 1246 529 1286 scopus
560 1233 662 1287 que's
693 1231 943 1274 Clu-istus
983 1237 1043 1273 est
1085 1232 1202 1286 (scil.
1235 1239 1450 1288 quatenus
1479 1234 1590 1274 inte-

123 1287 329 1340 gritatem
344 1320 356 1340 ,
400 1302 527 1344 quam
550 1288 620 1329 lex
644 1303 750 1330 mos.
773 1288 929 1329 afferre
951 1289 1087 1329 voluit
1106 1303 1244 1344 neque
1273 1303 1348 1344 per
1369 1289 1587 1331 bominum

123 1345 456 1400 perversitatem
476 1346 518 1396 8,
538 1346 580 1388 3.
601 1346 794 1386 tribuere
821 1346 984 1401 potuit,
1017 1345 1222 1387 Christus
1242 1345 1428 1397 effecit),
1457 1347 1520 1388 ita
1541 1352 1588 1389 ut

122 1404 278 1455 (nunc)
299 1415 417 1443 nemo
437 1416 517 1442 non
536 1402 608 1457 qui
624 1401 752 1453 fidem
772 1401 965 1443 habuerit
987 1402 1266 1443 intiocente‘am
1288 1407 1327 1443 et
1354 1402 1585 1454 impunita-

123 1461 209 1499 tem
227 1462 523 1513 consequatur.
595 1458 901 1508 Theodoreius,
935 1457 1153 1511 Calvinus,
1183 1457 1338 1500 Ileum.
1364 1458 1445 1501 al.:
1484 1473 1587 1500 nam

120 1512 225 1568 leqz's
249 1528 400 1567 scopus
431 1514 679 1556 Christus
711 1518 773 1555 est
805 1517 896 1568 (np.
921 1519 1133 1569 quatenus
1156 1515 1225 1554 lex
1251 1529 1357 1558 moS.
1377 1518 1584 1570 tanquam

118 1569 398 1626 paedagogus
418 1576 492 1611 aut
512 1571 805 1625 temporarius
829 1572 1037 1621 magister
1056 1570 1353 1621 institutione,
1392 1571 1585 1628 obliquis

119 1624 492 1668 admonitionibus
514 1626 651 1668 Hebr.
675 1629 740 1677 10,
762 1630 822 1678 1.,
863 1627 1131 1681 praeceptis,
1179 1626 1307 1667 minis
1329 1632 1459 1682 atque
1484 1642 1585 1683 pro-

118 1682 271 1724 missis
292 1682 539 1724 hominibus
559 1683 781 1726 Christum
805 1685 1062 1724 monstravit
1082 1697 1316 1737 eorumque
1339 1684 1507 1725 animos
1530 1684 1585 1726 ad

118 1738 289 1782 Christi
318 1739 592 1794 disciplinam
616 1739 891 1795 praeparavit
917 1739 1014 1780 (inl.
1035 1740 1076 1790 3,
1099 1739 1170 1781 24.
1195 1739 1321 1780 Rom.
1343 1741 1505 1792 3,·..'.1.)‚
1536 1746 1581 1782 ut

119 1796 352 1852 quicunque
378 1793 507 1848 fidem
532 1796 724 1837 habuerit
755 1797 896 1836 insons
921 1794 1177 1837 declaretur.
1249 1794 1398 1837 Priori
1419 1797 1580 1838 rationi

118 1852 224 1894 haec
254 1851 503 1910 objecerim.
579 1851 703 1893 Pauli
736 1851 863 1892 verba
899 1852 1104 1907 perplexa
1136 1857 1254 1894 sunt.
1326 1851 1437 1893 Nam
1469 1853 1582 1907 legis

117 1909 318 1950 ultimum
351 1909 393 1948 in
418 1908 596 1951 Christo
625 1923 745 1958 esse,
784 1914 989 1964 qualfflucx
1012 1908 1047 1948 is
1076 1908 1355 1949 intumentium
1378 1914 1580 1962 apporta-

118 1965 248 2019 verit,
286 1979 411 2020 quum
443 1965 580 2006 Musis
610 1966 683 2006 lex
715 1979 839 2020 quum
870 1965 1059 2005 maxime
1090 1965 1281 2005 voluisset
1311 1963 1481 2020 efficere
1501 1981 1582 2006 mm

115 2022 324 2075 potuisset
344 2022 464 2063 nullo
494 2020 542 2064 P.
562 2022 775 2062 elemento
796 2021 1052 2061 enuntiavit.
1111 2019 1224 2061 Sunt
1243 2021 1371 2062 etiam
1397 2021 1581 2062 vocabu-

115 2077 159 2119 la
189 2075 254 2126 εὶς
289 2075 572 2132 δικαιοσύνην
601 2079 731 2118 παντὶ
761 2077 822 2131 τῷ
850 2074 1103 2117 πιστεύοντι
1124 2078 1348 2132 ambigua,
1387 2083 1433 2118 ut
1468 2091 1579 2132 quae

117 2133 186 2175 sic
225 2135 322 2190 capi
363 2135 559 2191 possint:
608 2135 884 2190 praestitisse
924 2133 1147 2174 Christum
1194 2133 1236 2173 id
1276 2134 1415 2189 ipsum
1463 2133 1578 2189 quod

115 2188 258 2232 Mosis
287 2190 357 2231 lex
388 2198 614 2247 praestare
642 2190 854 2239 voluerit,
893 2203 973 2229 nou
1001 2189 1209 2244 potuerit:
1237 2190 1376 2243 itaque
1395 2189 1578 2242 inmuta·-

114 2250 252 2288 tatem
273 2247 463 2302 consequi
483 2248 714 2303 quicunque
735 2245 848 2302 fide·
863 2260 900 2286 m
932 2245 1142 2287 hahuerit.
1203 2248 1268 2287 At
1289 2244 1428 2286 Musis
1445 2246 1575 2286 disei-

112 2302 235 2360 plina
264 2301 342 2357 τὴν
372 2302 429 2350 ἐξ
458 2302 626 2358 ἔργων
657 2299 960 2355 δικαιοσίνηιι,
1004 2315 1083 2340 non
1113 2299 1190 2355 τὴν
1218 2299 1262 2342 ἐκ
1291 2301 1482 2350 πίστεως
1503 2302 1577 2343 ὄι-

114 2355 353 2414 καιοσύνην
381 2359 634 2416 spopondit.
700 2357 933 2400 Praeterea
960 2358 1188 2398 verborum
1215 2357 1321 2398 ordo
1340 2371 1576 2413 perversus

112 2419 199 2457 est.
266 2412 398 2457 Patet
427 2415 565 2467 enim,
605 2416 645 2457 si
677 2428 803 2470 quam
833 2415 1136 2470 impugnamus
1171 2414 1575 2469 interpretationem

114 2470 395 2527 probaveris,
431 2472 602 2528 pondus
624 2473 666 2512 in
693 2485 794 2512 voce
816 2470 1034 2524 Χριστός,
1066 2484 1149 2511 non
1180 2471 1221 2511 in
1249 2483 1338 2512 voc.
1362 2467 1488 2519 τέλος
1507 2485 1575 2513 re-

113 2527 333 2569 cumbere.
405 2526 557 2584 ltaque
597 2525 853 2582 Χριστὸς
896 2524 976 2580 γὰρ
1016 2524 1142 2575 τέλος
1180 2523 1316 2577 νόμου
1344 2523 1573 2568 dicendum

112 2583 274 2625 fuisset
304 2583 550 2626 Christus
580 2584 691 2626 enim
721 2583 817 2639 (qui
847 2581 1115 2634 integritatis
1142 2596 1166 2622 a
1190 2581 1328 2623 Mosis
1355 2582 1572 2681 19398Γο-

112 2638 300 2692 missae,
334 2653 417 2680 non
448 2640 576 2682 datae
605 2640 771 2696 copiam
806 2639 979 2688 feeerit)
1010 2638 1114 2693 Ieyis
1138 2652 1285 2691 scopus
1312 2644 1395 2681 est.
1501 2653 1549 2680 er

112 2695 264 2752 spicue
295 2708 396 2736 vero
427 2694 480 2739 P.
516 2697 578 2738 ita
600 2696 721 2751 loqui
744 2695 983 2751 potuisset:
1022 2693 1219 2750 ,Χριστὸς
1246 2691 1328 2749 γὰρ
1349 2693 1476 2744 τέλος
1492 2690 1571 2737 νό-

110 2764 220 2801 μου,
262 2750 544 2807 δικαιοσύνην
572 2747 809 2806 εἶςαγαγών
837 2751 931 2805 (qui
965 2749 1299 2803 introduxerit),
1336 2749 1571 2793 δικαιοσύ-

113 2822 188 2863 νην
213 2807 262 2849 δὲ
290 2807 369 2862 τὴν
397 2807 444 2853 ἐκ
471 2807 663 2857 πίστεως
690 2809 751 2862 (9,
770 2807 878 2861 30.).
939 2805 1168 2850 Postremo
1199 2819 1274 2859 ea,
1312 2820 1440 2862 quam
1459 2819 1571 2850 nunc
