1715 3115
594 171 756 221 CAP.
789 170 886 220 XI.
916 172 1010 220 Vs.
1039 173 1139 220 32..
1534 177 1621 221 545

126 295 239 342 pora
264 280 465 324 effecturi
493 285 672 334 essent,
708 283 778 322 tot
804 279 1028 322 hominum
1051 283 1220 322 aetates
1237 282 1493 338 corrupisse
1512 297 1608 326 cor-

124 343 370 396 ruptasque
402 344 504 379 ante
534 352 662 394 quam
695 337 931 379 interirent
958 351 1044 379 non
1073 338 1346 393 correxisse,
1391 343 1439 381 ut
1469 342 1606 384 multo

124 396 330 455 pluribus
350 396 602 437 hominibus
632 400 854 436 aeternam
882 395 1070 437 salutem
1094 395 1332 449 adimeret,
1375 411 1504 453 quam
1524 399 1606 440 im-

123 453 337 511 pertiret,
375 454 550 494 minime
579 458 918 493 consentaneum
947 456 1032 496 est.
1089 452 1173 493 Est
1201 453 1316 494 enim
1346 453 1474 496 Deus
1504 469 1607 497 san-

122 510 374 562 ctissimus,
405 510 787 567 sapientissimus,
817 509 1028 564 optimus.
1089 509 1284 566 Alioqui
1307 525 1482 553 moroso
1504 512 1606 554 hor-

124 568 278 611 tulano
310 568 473 609 similis
500 565 747 615 videretur,
788 566 863 620 qui
888 569 935 606 ut
959 578 1140 608 cerasus
1163 566 1332 609 decimo
1352 581 1464 610 anno
1483 569 1604 614 fron-

121 623 252 668 deret
273 639 352 681 per
373 638 523 665 novem
545 637 683 664 annos
703 621 808 663 folia
830 621 1102 679 decerperet.

240 681 389 726 v.32.
438 680 643 722 Munitur
673 679 942 735 praecedens
971 678 1189 721 sententia
1221 679 1266 725 ll.
1289 695 1352 726 r.:
1398 682 1607 738 quemad-

122 736 298 781 modum
322 739 446 780 Deus
464 738 568 778 olim
591 736 906 778 contumaciam
927 737 1169 789 gentilibus
1192 738 1396 797 injectam
1413 739 1605 783 Judaeo-

122 808 221 838 rum
251 795 525 837 contumacia
559 794 754 846 sanavit,
805 794 867 835 sic
892 793 1179 847 pervicaciam
1211 795 1254 837 ἱιι
1285 797 1461 838 Judaeis
1492 812 1606 841 mmc

121 852 323 908 effectam
350 866 429 906 per
458 850 792 893 benev-olentium
822 865 951 906 {siccem
981 851 1210 904 yenrilibus
1227 854 1451 907 praestitit
1472 869 1604 898 sana-

120 908 185 952 bn
213 911 365 965 (v.30.
384 909 496 962 31.).
554 908 670 950 Nam
695 911 908 963 utrosque
928 907 1054 949 Deus
1082 907 1126 949 in
1155 911 1472 953 contumaciam
1502 926 1606 953 con-

124 963 251 1018 ‘ecit‚
299 971 349 1009 ut
387 980 492 1020 erga
530 971 742 1019 utrosque
775 964 1122 1006 benevolentiam
1152 966 1373 1009 conferret
1408 972 1470 1023 (v.
1492 969 1605 1022 32).

116 979 291 1068 hausit
314 1022 364 1068 P.
387 1023 496 1064 hanc
517 1022 780 1064 sententiam
803 1027 893 1063 tum
917 1036 967 1064 ex
994 1022 1130 1065 Dent.
1149 1024 1219 1075 32,
1238 1023 1309 1066 21.
1341 1025 1419 1081 (cf.
1443 1027 1512 1076 10,
1533 1027 1603 1072 19.

121 1081 195 1134 11,
217 1082 309 1136 ll.)
336 1085 428 1122 tum
454 1095 505 1121 ex
528 1080 584 1121 iis
608 1079 667 1123 V.
690 1079 749 1124 T.
772 1079 908 1131 locis,
949 1078 1022 1120 uhi
1047 1079 1170 1121 Deus
1191 1082 1394 1123 omnibus
1415 1083 1471 1125 iis
1494 1083 1603 1126 bene

119 1151 282 1196 cupere
304 1138 490 1190 dicitur,
521 1151 630 1193 quos
651 1137 953 1193 procreaverit
974 1134 1074 1188 (Ps.
1094 1136 1188 1186 145,
1210 1138 1291 1193 9.).
1350 1138 1602 1182 συνέκλεισε

120 1211 163 1252 y.
195 1190 218 1236 ὃ
245 1194 356 1244 θεὸς
384 1193 490 1244 τοῖς
517 1195 687 1242 πάντας
714 1189 775 1241 εἷς
805 1190 1071 1247 ἀπείθειαν]
1113 1208 1213 1237 num
1247 1196 1451 1238 conclusit
1480 1197 1603 1240 Dens

121 1252 307 1296 Judaeos
327 1256 369 1294 et
388 1265 584 1306 paqcmos
603 1251 646 1291 in
667 1250 981 1292 contumaciam
1011 1250 1056 1295 h.
1078 1264 1117 1294 e.
1142 1250 1327 1307 conjecit
1350 1267 1420 1294 cos
1440 1253 1483 1295 ιή
1505 1268 1603 1296 con-

121 1309 359 1351 tumaciam
380 1308 594 1363 (Boehm.,
623 1306 801 1360 Rueck„
830 1307 1020 1359 Koelln„
1050 1307 1214 1363 Reich„
1244 1307 1433 1362 Meyer„
1461 1309 1601 1364 dm).

121 1364 249 1407 Hane
277 1365 688 1421 interpretationem
715 1370 759 1404 et
781 1364 910 1405 verba
933 1370 1120 1421 poscunt
1141 1371 1185 1406 et
1206 1364 1335 1407 Pauli
1357 1366 1601 1424 disputatio

121 1422 313 1477 flagitat.
384 1421 636 1474 Συγκλειέιν
664 1419 762 1461 τινὰ
791 1417 854 1470 εἴς
880 1435 979 1462 τινα
1008 1427 1053 1463 et
1081 1416 1146 1470 εἷς
1172 1438 1215 1463 τι
1245 1423 1491 1466 concludere
1518 1425 1601 1467 ala·-

119 1493 243 1536 quem
266 1481 307 1520 in
327 1479 534 1530 hominis,
562 1478 646 1529 rei,
672 1482 929 1532 potestatem
951 1492 1032 1535 per
1054 1480 1353 1536 metaphoram
1376 1486 1501 1522 notat
1519 1480 1602 1524 ali-

119 1549 243 1592 quem
274 1536 318 1577 in
342 1535 546 1589 hominis,
583 1536 670 1588 rei,
709 1539 967 1586 potestatem
998 1536 1211 1590 maistre,
1259 1536 1410 1592 facere
1439 1541 1487 1581 ut
1517 1537 1601 1580 ali-

119 1605 241 1650 quem
261 1591 382 1635 homo
401 1596 476 1634 aut
495 1605 564 1634 res
585 1591 863 1633 emistrictmn
885 1605 1127 1649 quocunque
1145 1594 1264 1635 modo
1284 1598 1424 1649 reflat.
1485 1593 1601 1638 Con-

117 1649 270 1691 clusos
298 1649 412 1690 enim
442 1648 633 1704 spatium
662 1647 837 1689 cohibet
865 1654 909 1689 et
935 1648 1178 1703 gubernat,
1218 1650 1262 1691 iu
1292 1665 1377 1706 quo
1405 1651 1602 1694 conclusi

120 1710 244 1751 sunt.
305 1707 328 1746 1
353 1705 474 1750 Sam.
493 1707 565 1759 24,
587 1706 654 1747 19.
684 1714 789 1762 ,Τιζεῑ
820 1708 925 1762 Πῇπῖ
956 1717 1072 1760 uffan„
1101 1707 1367 1750 concluserat
1388 1722 1455 1750 me
1477 1709 1600 1752 Jeho-

118 1762 202 1803 vah
231 1762 275 1802 in
301 1765 379 1803 tua
409 1776 563 1814 manu,
601 1759 790 1812 fecerat3
822 1759 936 1802 utin
961 1761 1039 1804 tua·
1058 1768 1279 1820 potestate
1299 1779 1460 1810 essem.
1517 1764 1597 1812 Ps.

118 1818 193 1869 31,
211 1818 255 1861 9.
307 1816 459 1859 LXX.
491 1819 565 1858 καὶ
598 1815 650 1858 οὐ
678 1815 958 1866 συνέκλεισάς
984 1834 1039 1868 με
1070 1817 1156 1867 εὶς
1180 1823 1373 1875 χεῖρας
1409 1822 1477 1876 (in
1508 1837 1599 1863 ma-

118 1888 230 1927 nus,
260 1876 543 1930 potestatem)
567 1871 747 1927 ἐχθροῦ.
809 1872 887 1917 Ps.
908 1875 977 1925 78,
995 1875 1067 1918 48.
1090 1886 1213 1933 :szq
1244 1876 1352 1932 '‘Q-3⁶}
1383 1890 1502 1932 7403
1530 1893 1598 1920 ρο-

118 1946 216 1977 rum
244 1945 375 1984 pecus
412 1930 721 1972 conclusum
757 1931 1003 1973 tradidit
1029 1930 1236 1986 yrundiaeii
1265 1933 1598 2003 (Polyb.'11‚23

120 1989 194 2032 10.
222 1986 323 2029 ἐπεὶ
354 1987 401 2028 δὲ
428 1985 577 2035 πάσας
605 1984 858 2043 ἆφελομένη
885 1986 965 2036 τὰς
991 1986 1054 2036 εἷς
1083 1987 1133 2030 τὸ
1163 1988 1326 2040 μέλλον
1354 1988 1543 2040 ἐλπίδας
1570 2007 1596 2047 η

118 2041 227 2099 τύχη
268 2043 520 2086 συνέκλεισε
560 2041 698 2098 πρὸς
735 2041 813 2084 τὸν
845 2040 1029 2095 ἔσχατον
1057 2043 1216 2101 καιρὸν
1242 2071 1316 2087 —.
1364 2053 1596 2104 postquam

118 2102 300 2144 fortuna
322 2101 437 2142 omni
460 2100 501 2140 in
522 2107 742 2156 posterum
768 2113 846 2155 spe
868 2101 1065 2142 abscissa
1092 2101 1415 2145 Hasdrubalem
1445 2106 1596 2148 unimo

118 2158 350 2201 certamini
375 2157 617 2199 conclusum
646 2157 872 2210 {radicum
915 2158 973 2202 cl'.
1001 2157 1106 2200 ibid.
1139 2173 1178 2203 v.
1201 2160 1299 2214 50„
1339 2161 1413 2202 uhi
1443 2161 1596 2208 LXX.

121 2215 197 2256 καὶ
220 2214 274 2255 τὰ
301 2213 433 2270 κτήνη
459 2209 603 2254 αὐτῶν
633 2209 713 2260 εἷς
743 2209 987 2256 θάνατον
1018 2213 1284 2259 συνέκλεισε.
1341 2216 1480 2264 Diod.
1502 2218 1594 2266 Sic.

119 2272 191 2323 19,
211 2272 283 2316 19.
304 2267 368 2320 εἰς
386 2267 597 2325 τοιαύτην
616 2268 654 2311 δ’
674 2268 918 2326 ἀμηχανίαν
935 2272 1243 2326 συγκλεισῦεἰς
1259 2271 1500 2329 Ἀντίγονος
1516 2291 1594 2329 με·

118 2326 327 2382 τεμέλετο
347 2352 423 2367 -.
483 2325 644 2382 Polyb.
665 2328 706 2378 3,
723 2329 793 2380 63,
812 2326 856 2371 3.
879 2325 944 2378 εἷς
974 2326 1296 2385 παραπλήσιον
1323 2330 1405 2386 γὰρ
1433 2328 1596 2382 αὖτοὺς

118 2380 266 2439 ἀγῶνα
286 2385 358 2424 καὶ
377 2381 532 2438 καιρὸν
551 2381 629 2440 την
648 2384 779 2438 τύχην
796 2385 1148 2438 συγκεκλεικέναι
1165 2410 1220 2417 —
1249 2401 1348 2429 nam
1371 2389 1591 2430 fortunam

96 2455 197 2484 -eos
218 2442 263 2482 in
285 2440 471 2481 similem
495 2439 813 2482 dimicationem
841 2441 906 2495 (in
930 2456 1057 2498 quam
1079 2442 1134 2483 iis
1157 2442 1504 2486 descendendum
1526 2460 1594 2488 es-

119 2499 210 2551 set)
237 2503 282 2539 et
312 2497 620 2539 necessitatem
652 2498 923 2540 conclusisse
952 2500 1030 2554 (cf.
1054 2501 1092 2552 1,
1111 2499 1181 2551 58,
1203 2502 1265 2554 l.)
1294 2502 1360 2554 15,
1381 2503 1450 2555 20,
1472 2503 1515 2545 7.
1536 2527 1592 2534 ——

119 2554 485 2608 συγκλεισθέντες
512 2551 577 2603 εἷς
605 2553 776 2611 φόρους
804 2556 999 2599 conclusi
1029 2555 1072 2597 in
1101 2556 1292 2612 tributa,
1333 2573 1444 2615 quae
1472 2559 1592 2600 solu-

119 2610 284 2652 tionem
310 2610 565 2666 flagitarent
589 2612 619 2654 i.
640 2626 682 2667 q.
704 2611 868 2653 tributa
891 2613 1114 2669 pensitare
1134 2615 1272 2656 coacti
1301 2617 1377 2671 (cf.
1399 2617 1469 2668 21,
1488 2617 1531 2668 9,
1547 2616 1591 2659 9.

118 2666 194 2717 24,
213 2668 352 2720 1,2.).
410 2666 471 2711 H.
491 2668 523 2710 l.
553 2668 825 2710 συνέκλεισεν
854 2667 877 2711 ὁ
907 2667 1018 2720 θεὸς
1046 2669 1149 2720 τοὺς
1175 2670 1344 2722 πάντας
1371 2671 1433 2720 εἷς
1463 2671 1591 2713 ἀπεί-

118 2725 253 2765 θειαν
274 2723 400 2767 Deus
421 2723 614 2768 Iudaeos
643 2730 686 2766 et
714 2725 914 2767 ethnicos
944 2726 988 2768 in
1018 2730 1358 2782 contumaciam,
1399 2743 1511 2785 quae
1535 2728 1591 2770 iis

119 2779 384 2836 imperaret,
436 2781 655 2823 conclusit
692 2781 738 2828 h.
764 2795 805 2826 e.
844 2783 1157 2826 contumaciam
1197 2785 1254 2828 iis
1292 2785 1589 2829 inseminavit.

119 2835 308 2880 Terent.
326 2836 478 2884 Andr.
495 2839 538 2890 2,
553 2838 597 2891 3,
617 2839 688 2883 12.
715 2843 763 2881 ut
791 2837 848 2882 ab
876 2839 957 2884 illa
983 2839 1215 2895 excludar,
1254 2842 1338 2886 leuc
1363 2842 1589 2886 concludar

165 2904 353 2939 Fritzsclu
372 2904 436 2951 Ep.
459 2907 501 2940 ad
522 2906 628 2942 Rom.
648 2906 687 2939 P.
713 2906 755 2941 ll.
1095 2897 1141 2940 lu
1157 2913 1197 2942 m
