1715 3115
501 177 593 222 CA
610 175 660 223 P.
695 176 791 221 xl.
839 178 931 222 Ve.
961 179 1040 223 28.
1072 178 1161 222 29..
1494 178 1578 220 537

106 285 196 327 cari
227 289 329 325 aunt
357 290 538 341 propter
566 299 715 326 eornm
745 283 952 342 majores.
1018 284 1325 327 Theodorems:
1370 281 1485 340 quod
1521 283 1576 324 ad

108 341 381 395 evangelium
404 343 560 382 attinet
580 343 764 384 Jmlaeos
793 343 862 383 odi
886 347 1062 395 propter
1090 356 1160 382 vos
1193 341 1222 382 i.
1242 355 1279 382 e.
1299 340 1398 394 qnia
1420 354 1492 381 vos
1512 340 1577 380 in-

106 398 272 455 festant
292 403 332 439 et
352 412 425 452 (¹90
446 403 581 440 vester
600 399 822 453 yentilimn
841 398 1056 450 apostolas
1075 399 1329 439 constitutus
1346 411 1438 437 sum
1461 396 1581 452 [sic-1,

108 454 186 496 sed
206 455 321 511 quod
343 456 395 495 ad
418 455 630 496 delectum
653 455 811 496 attinet
830 468 897 494 eos
918 455 1045 507 diliis«)
1066 458 1246 510 propter
1269 467 1418 494 eornm
1447 452 1581 511 majo-

109 525 198 555 reS.
276 511 452 554 Morus:
502 511 616 566 qnotl
648 511 702 551 all
731 510 1005 563 evangelium
1037 512 1196 551 attinet
1225 509 1383 553 Judaei
1415 510 1582 551 inimici

108 573 212 610 suunt
231 569 446 621 eranqelio
471 568 574 623 [sic]
608 572 788 624 propter
817 582 920 619 voe,
961 567 1002 610 h.
1025 581 1064 608 e.
1091 567 1292 624 qamdam
1320 567 1584 621 evctrtyeliucm

108 624 221 667 vobis
240 625 422 666 invident
447 625 559 678 [sic],
578 624 655 665 sed
677 623 858 680 qnodad
873 624 1128 665 electionem
1153 623 1315 665 attinet
1334 638 1355 663 a
1372 624 1464 664 Deo
1485 623 1582 664 dili-

105 687 267 736 ymetnr
287 688 468 738 propter
490 681 767 738 patriarchas
791 682 834 728 h.
850 695 891 724 e.
911 681 1113 736 quoniam
1135 680 1486 737 patriarcharum
1507 694 1584 736 po-

110 739 218 779 steri
243 743 360 781 eunt.
409 737 648 781 Lutherus:
677 739 785 790 mad)
804 743 885 781 bem
906 737 1119 793 &magelin
1150 738 1288 790 bulte
1318 737 1378 790 id)
1411 737 1474 789 sie
1505 736 1584 789 fin

112 794 292 847 §einbe
322 793 449 848 (mihi
479 794 609 835 invisi
637 796 763 849 sunt)
802 809 869 838 nm
903 801 1004 838 curet
1034 794 1184 847 miUen3
1235 797 1321 837 abet
1360 796 1467 844 aad>
1507 798 1586 837 bet

111 854 258 903 ΩΒαυῑ
297 852 412 903 habe
449 850 508 904 id)
551 850 617 903 sie
657 852 752 896 Iieb
792 866 859 896 nm
900 856 962 895 ber
1001 850 1127 896 {Baiter
1165 850 1308 894 millen.
1385 851 1588 904 (Dilexit

113 921 215 948 vcro
249 905 300 951 P.
323 906 516 950 Judaeos
546 914 591 949 et
621 909 749 965 plane
777 909 944 949 nullum
973 907 1015 948 in
1045 922 1121 948 eos
1151 907 1296 949 odium
1327 915 1588 964 conceperat

111 964 154 1016 9,
177 965 218 1007 l.
240 965 332 1020 sq.)
398 964 497 1005 Hae
525 979 674 1007 omnes
705 979 943 1020 earumque
974 965 1143 1007 similes
1166 965 1466 1021 expositiones
1488 980 1587 1007 sen-

113 1021 276 1063 tentias
297 1021 522 1062 continent
542 1036 564 1061 a
588 1020 641 1065 P.
661 1021 962 1079 disputatione
982 1027 1192 1065 remotas.

231 1077 289 1122 V.
305 1078 377 1121 29.
418 1077 645 1120 Firmatnr
674 1079 895 1135 posterior
926 1093 989 1120 vs.
1009 1080 1080 1120 28.
1111 1076 1358 1121 sententia:
1393 1078 1502 1133 quod
1530 1078 1587 1119 ad

113 1133 320 1175 delectum
343 1135 528 1176 attineat
551 1135 780 1177 israelitas
801 1151 828 1177 a
849 1136 941 1177 Deo
964 1136 1084 1190 ‹litiyi
1109 1139 1284 1188 propter
1311 1134 1587 1187 patriarchas

114 1190 288 1245 ideoque
315 1191 573 1244 sperandum
604 1206 695 1233 esse
718 1191 815 1249 fore
834 1196 878 1234 ut
900 1206 968 1233 eos
986 1205 1178 1232 smnmae
1196 1189 1425 1246 felicitatis
1442 1191 1584 1245 parti-

114 1247 228 1299 cipes
250 1247 401 1288 reddat
415 1279 428 1299 ‚
464 1246 544 1288 hac
564 1261 688 1290 voce:
725 1262 806 1290 uon
825 1249 1042 1302 poenitere
1062 1248 1202 1288 Deam
1220 1261 1346 1301 (sicum
1371 1248 1587 1299 donorum,

115 1317 222 1359 quem
233 1303 362 1344 alicui
372 1303 538 1345 destina
546 1305 664 1356 verit,
684 1309 773 1346 tam
788 1304 1031 1345 adsalutem
1044 1304 1303 1344 messianum
1312 1304 1591 1357 invitationis,

116 1372 244 1414 quam
274 1359 406 1400 alicui
434 1360 684 1404 decreverit.
744 1360 843 1401 Vox
875 1359 1203 1415 ἀμεταμέλητος
1231 1360 1260 1399 2
1281 1359 1384 1403 Cor.
1403 1362 1446 1413 7,
1471 1362 1539 1403 10.
1563 1375 1586 1400 a

117 1415 287 1468 graecis
317 1416 612 1472 scriptoribus
644 1416 760 1459 hand
791 1431 892 1458 raro
923 1424 1132 1474 usui-pata
1155 1421 1224 1457 est
1247 1416 1460 1472 (Dionys,
1484 1417 1588 1461 Hal.

118 1473 182 1515 A.
205 1473 260 1514 R.
279 1472 321 1524 2,
335 1472 407 1514 35.
440 1474 507 1524 11,
524 1474 593 1516 13.
637 1472 796 1530 Polyb.
815 1475 886 1527 21,
905 1476 946 1527 9,
968 1476 1038 1518 ll.
1067 1473 1140 1524 24,
1156 1474 1221 1524 12,
1237 1475 1344 1527 11.).
1405 1474 1473 1517 Cf.
1493 1475 1590 1515 Els-

116 1542 266 1570 nerum
287 1527 353 1579 ll,
370 1530 442 1572 53.
460 1536 506 1570 et
535 1530 678 1575 Werst.
700 1532 753 1571 ad
776 1531 818 1573 h.
837 1532 884 1573 1..
941 1529 996 1571 τὰ
1017 1528 1270 1583 χαρίσματα
1290 1531 1363 1572 καὶ
1386 1527 1411 1587 ἡ
1435 1531 1590 1586 κλῆσις

117 1588 198 1626 τοῦ
218 1587 351 1641 θεοῦ]
387 1587 481 1627 Hoc
503 1586 722 1640 Calvinus,
755 1588 850 1630 Chr.
875 1587 944 1629 Fr.
965 1587 1178 1638 Schmicl„
1214 1587 1407 1629 Tholacc.
1428 1588 1487 1631 al.
1511 1602 1589 1644 per

119 1637 166 1683 ἓν
185 1639 260 1683 διὰ
284 1642 404 1685 δυοῖν
422 1643 584 1684 dictum
607 1659 704 1686 esse
724 1659 804 1702 pro
825 1643 1021 1695 beneficio
1044 1643 1276 1685 vocationis
1297 1644 1489 1685 absurde
1511 1659 1590 1700 pu-

120 1704 233 1741 tant.
311 1698 425 1740 Nam
456 1701 603 1741 obstat
628 1715 776 1742 eorum
806 1701 1003 1758 opinioni
1031 1699 1224 1742 Pluralis
1244 1695 1593 1756 (ἀμεταμέλητον

120 1753 204 1808 γὰρ
235 1752 294 1794 τὸ
323 1755 569 1810 χάρισμα
599 1759 689 1798 καὶ
722 1753 747 1813 ἡ
779 1757 970 1812 κλήσις
999 1758 1079 1797 τοῦ
1102 1757 1215 1797 θεοῦ
1238 1763 1355 1798 recte
1378 1759 1441 1799 sic
1462 1773 1589 1813 capc-

121 1819 268 1853 retur:
308 1825 404 1852 nam
434 1826 518 1853 non
549 1814 745 1868 poenitet
768 1814 908 1855 Deum
933 1811 1123 1866 beneficii
1140 1812 1166 1853 i.
1189 1827 1225 1854 e.
1248 1814 1475 1856 vocationis
1494 1815 1523 1856 i.
1545 1829 1589 1871 q.

123 1867 324 1908 beneficii
355 1869 395 1909 in
424 1872 650 1910 vocatione
681 1871 836 1926 positi:
875 1884 915 1913 V.
939 1869 1043 1912 Exc.
1064 1867 1152 1911 lV.
1171 1868 1227 1909 ad
1246 1868 1405 1913 Matth.
1428 1885 1471 1928 p.
1490 1872 1591 1916 8555.

123 1926 248 1980 sqq.)
273 1929 315 1965 et
348 1923 476 1967 Pauli
505 1926 754 1970 consilinm.
822 1925 962 1981 Quem
988 1926 1066 1966 hoc
1086 1925 1233 1967 dicere
1254 1927 1445 1969 voluisse
1466 1943 1589 1984 aper-

124 1987 215 2022 tum
239 1988 331 2024 est:
372 1983 597 2038 poenitere
624 1982 760 2024 Deum
784 1997 925 2038 neque
949 1982 1280 2035 beneficiorum,
1320 1997 1429 2038 qnae
1458 1986 1591 2027 alicui

124 2036 232 2079 dare
261 2052 406 2080 secum
436 2041 742 2090 constituerit,
791 2054 929 2096 neque
957 2039 1197 2092 singularis
1229 2039 1455 2093 beneficii,
1506 2058 1590 2098 quo

123 2096 316 2151 aliquem
346 2110 505 2137 ornare
532 2096 792 2140 decreverit.
865 2096 1049 2138 Obtinet
1078 2096 1215 2149 igitur
1245 2097 1290 2138 h.
1321 2097 1354 2139 l.
1385 2099 1592 2154 loquendi

126 2166 261 2205 usus,
290 2167 415 2208 quem
438 2152 492 2194 ad
517 2154 652 2198 Marc.
673 2169 717 2211 p.
737 2156 805 2196 11.
825 2153 1008 2210 exposui
1028 2149 1163 2194 Marc.
1184 2154 1252 2206 16,
1266 2155 1309 2195 7.
1332 2152 1374 2194 οἱ
1389 2157 1593 2210 μαθηταὶ

127 2205 267 2251 αὐτοῦ
295 2210 368 2251 καὶ,
398 2208 421 2250 ὃ
452 2208 635 2265 Πέιρος.
695 2211 881 2253 Arrian.
906 2211 1014 2267 Exp.
1036 2211 1173 2253 Alex.
1192 2213 1234 2262 2,
1257 2210 1323 2263 15,
1345 2211 1389 2254 8.
1408 2237 1463 2242 —-
1483 2212 1594 2253 κατὰ

128 2263 264 2317 ἔχθος
303 2268 404 2307 τῶν
445 2268 671 2321 Περσῶν
711 2269 801 2309 καὶ
842 2265 1105 2321 Δαρείου.
1173 2265 1288 2308 Nam
1325 2265 1403 2323 τὴν
1441 2269 1594 2325 κλῆσιν

128 2323 222 2378 ipsa
265 2324 460 2377 generali
499 2338 601 2364 voce
639 2322 692 2365 τὰ
722 2321 972 2378 χαρίσματα
1002 2324 1358 2379 comprehensam
1394 2339 1590 2366 scorsum

128 2381 222 2436 Ap.
250 2381 624 2431 commemoravit,
666 2396 751 2437 qno
779 2381 1077 2423 vehementius
1107 2381 1226 2422 illam
1255 2381 1494 2423 lectoribus
1528 2382 1593 2422 in-

92 2460 95 2463 ·
128 2439 324 2478 culcaret
354 2437 397 2481 h.
421 2453 460 2481 e.
494 2452 582 2493 quo
613 2438 788 2479 facilins
817 2439 1004 2480 lectores
1034 2452 1298 2479 communem
1332 2439 1592 2480 sententiam

130 2492 177 2536 in
207 2493 400 2538 Iudaeos
435 2495 659 2551 applicare
695 2504 899 2552 possent:
944 2494 1059 2551 quod
1093 2493 1147 2535 ad
1176 2494 1388 2537 delectum
1421 2497 1593 2548 attinet,

131 2545 367 2593 Israelitae
408 2566 429 2592 a
471 2552 569 2593 Deo
604 2551 851 2605 diliguntur
889 2558 1069 2609 propter
1109 2552 1399 2608 patriarchas.
1479 2552 1592 2594 Nam

133 2606 277 2649 Deum
306 2623 390 2649 non
420 2609 615 2666 poenitet
644 2610 976 2661 beneficiorum,
1016 2623 1125 2664 qnae
1152 2609 1283 2650 alicui
1305 2608 1596 2650 destinaverit

132 2665 307 2721 (nempe
335 2665 388 2706 de
414 2665 620 2718 decretis,
657 2680 740 2707 non
769 2665 909 2718 datis,
948 2666 1170 2706 beneficiis
1194 2666 1264 2707 hic
1286 2667 1357 2719 agi
1376 2681 1447 2707 res
1468 2667 1595 2707 docet

134 2728 180 2760 et
207 2728 407 2764 contexta
434 2723 598 2776 oratio)
629 2737 770 2778 neque
797 2728 865 2778 (nt
892 2722 1114 2775 singulare
1138 2724 1389 2763 beneficium
1411 2738 1595 2764 comme-

137 2791 298 2819 morem
327 2778 508 2822 „Iudaeis
539 2780 640 2834 qnia
672 2794 696 2820 a
720 2779 816 2820 Deo
847 2779 1004 2820 delecti
1035 2784 1135 2820 sunt
1164 2780 1374 2821 divinitus
1403 2779 1596 2821 destina-

137 2837 250 2889 tum)
279 2834 332 2876 ad
361 2837 623 2879 messianum
655 2837 841 2878 salutem
872 2836 1167 2888 invitationis,
1207 2851 1334 2892 (luam
1364 2838 1494 2879 alicui
1523 2838 1596 2880 de-
