1715 3115
148 159 235 203 392
424 157 809 203 EPISTOLA
841 158 944 202 AD
978 157 1336 206 ROMANOS

154 263 349 319 πείρατα
367 264 495 321 γαίης
524 267 598 308 καὶ
626 263 812 308 πόντοιο
840 264 1036 321 adeoque
1064 266 1155 310 orci
1180 265 1534 310 vicinitatem
1558 279 1614 309 ox

155 322 252 363 aevi
275 322 410 378 prisci
429 322 682 365 notionibus
701 321 934 376 designare
946 322 972 340 ”
999 321 1207 365 arbitrati
1230 321 1448 365 sententia
1479 322 1615 366 refel-

155 378 282 420 litur.
353 377 410 422 V.
425 378 469 423 8.
509 382 604 435 Ap.
626 375 805 434 σφόδρα
824 384 915 424 *tiva
979 385 1051 420 ost
1082 378 1202 435 ῥῆμα
1238 378 1537 435 praetermisit
1569 381 1618 422 et

157 435 234 475 καὶ
253 432 298 475 ἐν
318 437 415 483 ταῖς
431 434 557 488 χερσί
577 449 683 483 σου,
717 448 826 492 quae
846 449 888 479 V.
908 425 955 476 ¹L
1004 434 1067 478 X.
1098 434 1153 476 de
1179 448 1259 477 suo
1289 435 1543 493 adjecerunt
1570 439 1618 478 et

157 488 291 532 Philo
320 493 519 545 agnoscit
548 490 702 546 (Quod
725 492 839 534 liber
866 492 1068 548 quisquis
1096 491 1249 533 virtuti
1275 491 1427 534 studet
1452 506 1496 550 p.
1514 491 1616 534 875.

156 546 229 589 ed.
250 544 400 602 Mang.
414 546 590 600 11‚456.
611 553 656 589 et
676 547 729 590 de
752 549 960 605 praemiis
979 554 1024 590 et
1043 548 1196 605 poenis
1216 548 1369 604 p0922.
1389 547 1458 592 ed.
1468 547 1616 603 Mang.

157 601 361 657 11‚421.)
381 611 481 661 post
503 618 621 646 voce.
639 604 713 646 καὶ
731 602 842 662 ἐντῇ
871 602 1030 661 καρδίᾳ
1057 617 1151 646 σου.
1208 605 1306 647 Aut
1333 619 1419 647 non
1452 604 1618 647 invenit

159 658 214 703 P.
238 673 354 703 voce.
372 661 446 703 καί
464 659 508 704 ἐν
524 663 621 709 ταῖς
636 656 762 715 χερσί
779 673 861 703 σου
877 661 920 702 in
944 659 1025 704 ed.
1047 665 1132 716 quo'
1152 674 1259 702 usus
1277 665 1368 714 est,
1407 666 1484 702 aut
1505 660 1544 702 si
1565 674 1617 702 ea

158 715 224 758 ihi
242 716 493 767 invenerat,
524 716 641 773 quod
659 716 798 769 magis
817 717 965 769 credo,
991 721 1218 772 propterea
1238 717 1481 773 praeteriit,
1501 715 1618 773 quod

159 772 274 816 nihil
292 773 346 813 ad
367 772 444 828 τὴν
467 772 685 816 ὑπόνοιαν
703 772 841 816 Mosis
864 773 1166 815 declarandam
1198 772 1341 815 iacere
1370 772 1622 817 viderentur

162 833 207 871 et
225 844 247 869 a
271 844 350 871 suo
370 831 556 871 consilio
577 829 881 873 abhorrerent.
939 829 1106 873 Ultima
1127 828 1301 886 quidem
1323 830 1451 872 verba
1474 829 1621 872 ποιεῖν

163 882 272 928 αὐτό
298 884 350 927 de
378 886 596 928 industria
620 883 673 929 P.
704 887 915 940 neglexit.
974 885 1087 928 Nam
1123 900 1207 942 quo
1234 886 1329 928 loco
1357 884 1435 941 τὴν
1460 884 1510 928 ἐκ
1537 882 1620 927 πί·-

163 955 302 990 στεως
324 940 607 999 δικαιοσύνην
625 944 848 996 credendo,
889 957 970 984 non
990 943 1187 999 faciendo
1208 942 1322 983 effici
1349 941 1499 984 Mosen
1527 939 1622 982 dis-

163 1004 319 1056 putare
339 1004 555 1052 moneret,
595 999 657 1040 ibi
684 1013 803 1043 voce.
834 1001 978 1040 ποιεῖν
995 995 1102 1039 αὐτό
1125 1013 1251 1040 secus
1270 997 1461 1052 intelligi
1491 1011 1623 1055 posse

162 1055 290 1098 vidit.
323 1079 378 1087 —-
435 1055 673 1111 Reliquum
693 1061 787 1108 est,
816 1064 864 1097 ut
891 1055 1194 1097 memorabiles
1222 1055 1527 1099 nonnullorum
1555 1055 1623 1096 in-

162 1118 406 1168 terpretum
430 1112 695 1165 sententias,
726 1126 837 1169 quas
856 1126 1007 1154 errore
1028 1112 1109 1153 niti
1133 1110 1306 1169 judico,
1344 1111 1631 1164 redarguam.-

169 1167 472 1221 Theodoretus,
511 1168 698 1222 Curpz„
739 1169 904 1223 Kopp„
941 1167 1118 1220 Reiclz„
1163 1167 1290 1220 dW.,
1332 1167 1621 1222 Meyernaeal.

164 1237 208 1268 v.
225 1225 270 1268 6.
291 1249 338 1256 ·-
363 1224 405 1268 8.
428 1226 507 1266 hoc
527 1224 613 1266 dici
636 1229 814 1282 putant:
844 1225 920 1267 sed
941 1239 1051 1282 quae
1068 1239 1091 1266 e
1111 1223 1195 1266 fide
1221 1224 1416 1266 nascitur
1439 1223 1622 1277 integri-

164 1284 236 1322 tas
259 1282 316 1322 ita
344 1281 563 1337 loquitur:
601 1277 663 1337 μή
686 1279 807 1334 γίνου
826 1275 1015 1332 ἄπιστος
1045 1285 1105 1329 (ν.
1135 1282 1180 1325 6.
1205 1284 1251 1322 et
1276 1282 1365 1335 7.),
1401 1278 1513 1322 ἀλλὰ
1539 1294 1624 1321 πι-

166 1337 271 1386 στός
289 1341 352 1393 (v,
377 1338 420 1381 8.
452 1339 502 1379 cr.
526 1337 628 1382 Joh.
657 1338 727 1387 20,
741 1339 857 1391 27.):
894 1338 982 1380 noli
1007 1339 1071 1380 ita
1099 1342 1235 1380 tecum
1262 1337 1467 1392 cvyitare:
1503 1348 1626 1377 nemo

167 1393 213 1434 in
232 1395 389 1435 coelum
409 1395 628 1447 ascendet,
657 1395 819 1437 scilicet
838 1399 883 1437 ut
902 1395 1117 1437 Christum
1146 1394 1243 1435 inde
1269 1393 1449 1434 deducat
1475 1390 1626 1448 (quasi

165 1449 209 1491 is
226 1451 347 1491 coelo
371 1451 543 1492 rellicto
567 1449 752 1493 nondum
776 1449 829 1492 ad
851 1450 1046 1492 homines
1068 1449 1278 1503 venerit),
1309 1454 1406 1491 aut:
1435 1462 1554 1490 nemo
1578 1448 1626 1489 in

165 1519 308 1548 orcum
339 1508 586 1560 descendet,
631 1522 702 1562 up.
734 1512 779 1550 ut
811 1506 1022 1550 Christum
1064 1507 1159 1548 inde
1199 1506 1256 1548 ad
1291 1518 1464 1557 superos
1496 1504 1626 1546 draeat

167 1562 319 1618 (quasi
347 1563 385 1604 is
415 1563 557 1604 crucis
587 1563 805 1620 supplicio
832 1562 1013 1604 affectus
1045 1563 1089 1603 in
1117 1562 1247 1603 vitam
1279 1561 1453 1603 minime
1483 1559 1627 1602 redie-

167 1619 272 1673 rit),
302 1619 388 1660 imo
408 1620 534 1661 fidem
554 1621 750 1675 suscipe,
784 1633 894 1674 quae
916 1619 995 1660 tihi
1025 1619 1067 1660 in
1096 1622 1270 1675 promtu
1303 1622 1372 1658 est
1400 1617 1432 1661 ἰ.
1460 1631 1504 1673 q.
1536 1615 1628 1658 noli

168 1675 398 1727 dubitare,
429 1676 533 1732 quin
555 1675 760 1718 Christus
788 1689 811 1716 e
841 1675 961 1716 coelo
991 1676 1212 1730 profectus
1240 1673 1295 1715 ad
1330 1673 1526 1714 homines
1555 1686 1628 1713 ac-

169 1733 356 1774 cesserit
383 1739 426 1774 et
453 1733 507 1772 ab
537 1732 592 1773 iis
623 1732 878 1773 interfectus
909 1731 953 1772 in
981 1732 1112 1772 vitam
1136 1744 1344 1771 reversus
1373 1729 1456 1782 sit,
1498 1727 1627 1770 crede

169 1788 335 1845 potius.
396 1791 459 1831 At
487 1787 526 1832 I.
556 1789 660 1829 haec
690 1786 996 1843 interpretatio
1022 1792 1287 1828 attentorum
1315 1786 1525 1827 lectorum
1551 1798 1629 1826 ex-

170 1845 435 1901 spectationi
460 1845 632 1886 minime
658 1844 892 1888 satisfacit.
951 1841 1064 1885 Nam
1094 1848 1323 1899 postquam
1350 1840 1397 1885 Ρ.
1422 1855 1464 1884 v,
1489 1841 1534 1884 5.
1561 1840 1630 1882 iu·-

171 1902 448 1955 tegritatem,
479 1915 605 1957 quam
630 1900 769 1943 Musis
797 1901 866 1941 lox
895 1899 1130 1958 spondeat,
1158 1898 1357 1955 faciendo
1384 1895 1630 1954 pat-aridi-

171 1958 262 2010 xit,
291 1972 386 1999 eum
409 1958 703 2012 integritatem
725 1963 897 2008 contra,
936 1970 1064 2012 quam
1093 1955 1204 1998 fides
1233 1955 1413 2005 afferat,
1448 1967 1529 1996 non
1555 1953 1629 2009 fa-

169 2014 339 2065 ciendo,
368 2014 442 2056 secl
461 2014 662 2056 credendo
683 2014 803 2069 gigni
827 2012 984 2054 addere
1003 2018 1339 2054 consentaneum
1359 2015 1429 2051 est
1445 2009 1568 2064 (Gal.
1586 2008 1631 2060 3,

173 2071 244 2112 ll.
270 2071 371 2121 12.).
433 2069 606 2111 Deinde
638 2069 703 2114 ll.
735 2071 840 2111 hacc
870 2069 1037 2112 oratio:
1072 2067 1141 2116 τίς
1168 2063 1436 2121 ἀναβήσεται
1465 2062 1528 2114 εἰς
1553 2063 1630 2106 τὸν

173 2121 385 2182 οὗρανόν;
415 2125 530 2167 τοῦτ’
553 2124 649 2168 ἔστι
671 2125 869 2180 Χριστὸν
887 2126 1143 2180 καταγαγεῖν
1162 2123 1354 2164 dolentis
1375 2121 1522 2178 potius
1545 2127 1630 2174 est,

174 2181 290 2238 quod
313 2196 438 2223 nemo
460 2182 625 2224 coelum
657 2182 866 2224 scandere
899 2182 1064 2238 possit,
1103 2185 1152 2221 ut
1172 2179 1395 2223 Christum
1426 2177 1528 2218 inde
1558 2190 1631 2218 ar-

172 2245 340 2290 cessat,
384 2253 511 2293 quam
546 2239 847 2280 addubitantis
876 2238 1043 2280 Christi
1072 2234 1328 2278 descensum
1355 2233 1409 2275 de
1437 2234 1558 2275 coelo
1584 2233 1629 2274 in

172 2296 321 2336 orbem
344 2301 578 2338 terrarum.
636 2295 817 2337 Rectius
837 2295 973 2347 igitur
993 2293 1060 2334 illi
1081 2292 1144 2333 sic
1171 2290 1508 2348 explicuissent:
1535 2289 1628 2331 uti-

171 2366 272 2393 nam
303 2351 360 2391 ali
399 2352 465 2392 nis
493 2351 534 2390 in
571 2353 737 2392 coelum
769 2350 976 2391 ascendat
1005 2374 1058 2380 -
1089 2354 1148 2399 (V.
1179 2347 1257 2400 Il,
1293 2361 1337 2403 p.
1367 2347 1475 2396 70.).
1545 2343 1630 2386 Po-

173 2414 337 2448 stremo
367 2366 459 2450 ill.
504 2408 608 2448 haec
647 2422 713 2450 v.:
755 2406 823 2456 τίς
859 2401 1155 2459 καταβήσεται
1195 2401 1261 2452 εἰς
1293 2401 1374 2456 τήν
1412 2401 1632 2455 ἄβυσσοη

173 2458 287 2504 τοῦί
317 2461 408 2505 ἔστι
443 2462 639 2517 Χριστὸν
680 2461 727 2505 ἐκ
766 2463 929 2515 νεκρῶν
967 2461 1194 2514 ἀναγαγεῖν
1225 2457 1549 2500 dubitationem,
1573 2455 1628 2498 de

173 2518 344 2561 Christi
376 2521 520 2560 reditu
560 2521 602 2560 in
638 2519 771 2561 vitam
815 2532 966 2574 parum
994 2516 1224 2573 perspicue
1250 2514 1499 2571 exprimunt
1528 2526 1630 2570 pru«

173 2580 325 2631 pterea
348 2575 463 2630 quod
486 2576 717 2626 Christus,
746 2574 962 2630 siquidem
985 2574 1028 2614 in
1048 2573 1180 2615 vitam
1200 2584 1404 2612 reversus
1425 2575 1518 2621 est,
1545 2582 1631 2610 non

174 2634 219 2673 in
243 2645 344 2672 orco
368 2638 458 2684 est,
500 2632 575 2674 sed
595 2629 830 2688 aliquando
857 2630 959 2687 ficit.
1016 2628 1161 2683 Atqui
1188 2627 1316 2684 plane
1336 2624 1389 2670 Ρ.
1416 2626 1479 2668 sic
1507 2622 1631 2681 loqui

175 2688 416 2744 potuisset:
445 2688 594 2742 ecquis
614 2689 656 2729 in
679 2701 825 2729 orcum
845 2684 1100 2736 descendet,
1128 2697 1280 2738 nempe
1309 2689 1358 2724 ut
1382 2686 1630 2736 cognoseat,

175 2750 321 2785 utrum
347 2743 550 2786 Christus
573 2744 635 2785 ibi
654 2745 736 2796 sit,
767 2757 820 2784 au
845 2756 929 2783 non
957 2737 1047 2784 sit‘.2
1077 2737 1290 2796 Apostoli
1318 2738 1476 2790 verba,
1504 2737 1544 2778 si
1573 2735 1631 2777 il-

178 2799 265 2843 lam
306 2800 626 2842 enarrationem
664 2799 872 2858 persequi
910 2796 1147 2856 placuerit,
1184 2796 1254 2839 vel
1281 2793 1632 2838 lamentationem
