1715 3115
529 166 690 214 CAP.
721 166 885 214 VIII.
916 167 1011 215 Vc.
1039 169 1083 214 7.
1112 167 1173 215 8..
1503 172 1587 214 113

106 289 218 333 quae
244 289 285 318 τ.
320 275 386 319 10.
420 274 491 319 ll.
532 274 742 327 leguntur
767 288 818 316 eo
848 275 1034 318 consilio
1061 275 1228 333 adjecta
1258 279 1384 328 sunt,
1429 281 1475 318 ut
1505 277 1581 320 illa

107 347 148 378 ν.
169 332 482 388 munirentur),
502 332 634 374 verba
657 346 698 376 V.
717 333 762 376 6.
780 332 830 372 τὸ
853 331 935 388 γὰρ
954 328 1162 388 φρόνημα
1189 329 1268 386 τῆς
1287 332 1458 387 Σαρκὸς
1484 330 1581 375 θά-

104 403 234 438 νατος
273 388 352 430 hoc
395 393 653 443 argumento
684 388 939 439 confirmat,
985 390 1101 445 quod
1133 389 1343 445 Corporis
1375 389 1578 432 Studium

103 445 362 487 inimicitias
385 460 482 487 cum
505 444 603 487 Deo
624 451 777 499 gerat,
809 445 1058 488 bominibus
1086 454 1228 488 autem
1259 447 1458 502 corporis
1485 453 1579 489 stu-

102 502 245 543 diosis
273 501 423 544 Deum
455 501 676 544 inimicum
706 516 804 544 esse
834 508 1050 558 oporteat.
1130 503 1244 545 Illud
1278 503 1432 559 primis
1461 517 1501 548 v.
1533 505 1578 549 7.

101 558 250 601 verbis
272 555 393 601 διότι
416 583 472 590 -
493 555 636 616 ἔχθρα
655 556 720 608 εἰς
741 554 853 600 θεόν
873 560 1151 611 enuntiatur,
1180 559 1340 616 quibus
1371 559 1579 618 deinceps

101 615 214 657 satis
234 615 416 656 munitis
438 616 515 672 (τῷ
537 631 574 670 y.
597 631 632 657 v.
653 630 691 657 τ.
713 617 762 657 θ.
786 611 863 666 οὐχ
890 610 1191 658 ὑποτάσσεται
1206 630 1215 640 ·
1248 613 1350 658 οὐδὲ
1371 632 1408 671 y.
1439 616 1576 659 δύνα-

98 679 195 724 ται)
223 671 298 714 hoc
328 673 511 714 effertur
541 671 764 715 vocabulis
796 685 838 714 v·
859 671 902 715 8.
924 669 966 713 οὶ
989 673 1036 713 δὲ
1060 670 1093 713 ἒ.
1118 687 1157 714 σ.
1180 665 1217 712 ὅ.
1237 675 1284 714 3.
1307 670 1348 714 ἀ.
1370 669 1422 715 οὐ
1445 674 1498 716 δ..
1519 698 1576 706 —

99 727 239 771 Διότι
261 724 480 785 —1'5'23901
509 726 577 778 εἰς
607 725 736 783 θεόν]
787 728 982 780 Corporis
1013 728 1210 770 Studium
1239 734 1415 771 mortem
1441 735 1575 784 parat

99 797 141 828 v.
173 787 216 828 6.
267 785 404 827 Nam
434 788 508 840 (v.
535 784 688 838 1‚58.)
730 784 926 838 Corporis
952 785 1151 826 Studium
1186 786 1410 828 inimicitia
1438 791 1502 829 est
1529 787 1575 829 in

97 842 244 884 Deum
281 843 598 899 (sempiternae
638 842 752 884 vitae
786 840 1102 896 praebitorem)
1128 856 1248 884 versa
1277 841 1318 884 b.
1351 857 1390 886 e.
1420 841 1470 887 C.
1503 841 1574 888 St.

96 896 198 940 Deo
217 897 471 940 inimicatur
491 912 676 954 eumque
696 897 919 940 hostiliter
945 897 1130 942 invadit.
1188 895 1351 953 (ἔχθρα
1384 896 1467 955 εἷς]
1502 899 1572 945 Cf.

97 953 245 999 Thac.
265 954 308 1008 2,
319 955 393 1000 68.
415 952 459 997 οἱ
478 956 525 997 δὲ
541 952 876 1011 Ἀμπρακιῶται
895 951 973 1008 τὴν
992 953 1072 1007 μὲν
1092 951 1260 1009 ἔχθραν
1279 953 1331 1004 ἐς
1349 952 1573 1012 τοὺςἈρ-

96 1006 245 1066 γεὶους
263 1035 319 1043 ——-
342 1007 614 1068 ἐποιήσαντο
635 1015 726 1064 -.)
785 1008 1008 1052 Probatur
1030 1010 1136 1052 haec
1157 1025 1236 1051 vox
1263 1011 1485 1054 vocabulis
1509 1013 1572 1069 τῷ

126 1100 134 1108 .
171 1083 208 1108 ν.
238 1082 277 1111 τ.
306 1069 356 1110 θ.
388 1063 466 1120 οὐχ
492 1065 796 1110 ὑποτάσσεται
823 1067 943 1122 (scil.
971 1064 1022 1108 τὸ
1052 1065 1260 1122 φρόνημα
1287 1066 1366 1124 τῆς
1385 1067 1573 1124 Σαρκός.

94 1082 262 1166 Iiadem
296 1125 617 1182 prosopopoeia
652 1123 866 1180 Polybius
885 1123 1068 1175 4‚64,8.
1102 1139 1208 1165 usus
1239 1133 1329 1167 est:
1369 1126 1441 1166 καί
1470 1127 1571 1168 λοι-

95 1177 183 1222 πὸν
201 1174 288 1238 ἤδη
306 1183 357 1224 τὸ
376 1184 457 1233 μέν
474 1179 697 1224 Αἰτωλῶν
716 1181 924 1238 φρόνημα
945 1179 1257 1235 συμπεφευγὸς
1276 1178 1340 1230 εἰς
1371 1180 1449 1231 τὰς
1477 1179 1572 1225 πό-

93 1237 191 1286 λεις
228 1231 306 1292 ἦγε
344 1238 422 1294 τὴν
458 1233 677 1294 ἡσυχίαν.)
746 1237 906 1280 Carnis
938 1235 1143 1280 Studium
1175 1236 1268 1278 Deo
1304 1238 1570 1284 inimicatur.

93 1293 213 1335 Nam
232 1298 367 1349 (teste
386 1295 680 1352 experientia)
699 1294 787 1336 Dea·
805 1294 1046 1349 praeceptis
1063 1307 1148 1336 non
1166 1297 1306 1348 paret,
1338 1308 1424 1350 quo
1441 1294 1569 1339 modo

93 1349 286 1392 rebelles
316 1351 434 1393 cives
466 1351 587 1406 regis
627 1351 827 1392 mandata
866 1354 1166 1393 contemnunt.
1235 1349 1354 1391 Haec
1395 1366 1569 1409 quoque

92 1407 312 1449 sententia
341 1408 540 1452 fulcitur.
599 1407 750 1463 Negat
778 1406 892 1448 enim
923 1405 977 1452 Ρ.
1009 1406 1222 1463 Corporis
1255 1406 1458 1449 Studium
1488 1424 1569 1465 per

92 1477 217 1505 snam
237 1469 440 1507 naturam
460 1464 547 1506 Dei
568 1464 814 1522 praeceptis
841 1464 1145 1520 obtemperare
1165 1477 1296 1520 posse
1320 1465 1463 1507 verbis
1484 1465 1568 1509 οὐ·-

92 1521 143 1562 δὲ
163 1520 245 1576 γὰρ
265 1518 450 1564 δύναται
467 1536 598 1579 neque
618 1522 730 1563 enim
742 1520 828 1562 Dei
849 1520 1024 1575 legibus
1046 1520 1224 1563 obedire
1246 1527 1408 1577 potest.
1464 1521 1567 1566 Non

91 1577 233 1628 magis
254 1583 398 1619 autem
421 1578 522 1630 hoc,
554 1578 655 1634 quia
677 1588 782 1619 suae
804 1583 987 1620 naturae
1009 1582 1249 1635 repugnat,
1277 1576 1329 1619 τό
1354 1574 1566 1635 φρόνημα

91 1639 173 1688 τῆς
192 1630 363 1690 Σαρκός
385 1634 529 1676 facere
548 1640 721 1692 potest,
753 1648 880 1690 quam
904 1635 1067 1676 serrum
1091 1634 1301 1688 aerugine
1331 1635 1566 1678 obductum

90 1690 278 1742 micare,
322 1692 435 1734 mala
457 1691 591 1734 arbor
610 1691 748 1734 bonos
775 1691 944 1732 fructus
976 1692 1119 1744 serre,
1159 1691 1369 1733 meretrix
1396 1691 1566 1749 pudici-

90 1747 180 1787 tiae
208 1745 387 1790 studere
412 1749 578 1793 Matth.
597 1748 722 1802 7,18.
754 1749 778 1790 1
799 1747 901 1792 Joh.
919 1748 960 1799 3,
971 1749 1014 1792 9.
1044 1749 1070 1790 1
1092 1747 1195 1793 Cor.
1214 1749 1256 1801 2,
1271 1749 1361 1793 14..
1417 1748 1566 1806 Impe-

91 1801 178 1843 rite
201 1803 344 1854 Galo„
372 1803 531 1859 carpz.
551 1806 610 1848 al.
637 1804 783 1847 verbis
815 1801 919 1846 οὐδὲ
946 1802 1030 1860 γὰρ
1061 1800 1248 1846 δύναται
1274 1809 1318 1847 et
1345 1806 1565 1862 proximis

89 1872 133 1902 ν.
160 1858 203 1901 8.
234 1860 460 1901 vocabulis
489 1861 570 1902 hoc
597 1861 746 1903 doceri
775 1865 958 1918 putant,
1008 1861 1226 1903 hominem
1258 1861 1566 1916 irregenitum,

87 1914 231 1971 lapidi
264 1914 469 1957 videlicet
499 1923 576 1958 aut
613 1924 768 1958 trunco
797 1917 1133 1973 comparandum
1161 1921 1223 1972 (v,
1255 1918 1394 1961 Form.
1427 1917 1563 1964 Cone.

90 1985 135 2028 p.
158 1972 260 2015 661.
283 1986 352 2027 sq.
377 1979 420 2013 et
440 1974 588 2025 073.),
630 1975 723 2015 suis
753 1973 921 2015 viribus
951 1988 1075 2014 usum
1109 1988 1249 2029 neque
1272 1975 1358 2015 Dei
1390 1976 1562 2029 legibus

89 2029 397 2085 obtemperare
422 2043 562 2085 neque
582 2029 681 2071 Deo
715 2030 884 2085 placere
917 2043 1064 2085 posse.
1134 2029 1224 2085 Qui
1251 2038 1562 2088 praeterquam

89 2083 208 2140 quod
229 2082 308 2140 τήν
338 2081 478 2141 σάρκα
503 2090 706 2128 naturam
734 2085 964 2127 humanam
993 2100 1175 2142 eamque
1200 2101 1378 2142 prorsus
1403 2089 1562 2143 depra-

87 2146 237 2184 vatam
259 2141 372 2182 male
392 2146 681 2195 enarrarunt,
712 2141 817 2197 qnid
836 2147 1039 2185 contexta
1074 2143 1216 2189 oratio
1246 2149 1289 2185 et
1310 2142 1439 2187 Pauli
1468 2145 1561 2188 sor-

87 2198 206 2241 mula
222 2204 421 2253 posceret
443 2213 528 2240 non
548 2198 895 2241 considerarunt.
938 2197 990 2243 P.
1012 2204 1061 2242 ut
1078 2200 1275 2241 homines
1298 2201 1559 2244 illecebroso

88 2255 268 2309 corpori
297 2253 497 2298 addictos
526 2261 661 2298 morte
690 2270 712 2297 a
745 2255 843 2297 Deo
873 2256 1020 2312 puniri
1048 2256 1324 2310 ostenderet,
1359 2258 1560 2300 homines

89 2311 292 2367 quamdiu
313 2311 376 2354 ita
396 2313 581 2355 animati
611 2317 749 2354 essent
779 2318 824 2354 et
846 2312 990 2354 Deum
1023 2327 1106 2354 non
1137 2328 1268 2371 posse
1301 2328 1386 2356 non
1416 2329 1560 2372 oppu-

87 2380 225 2420 gnare
252 2381 394 2424 neque
423 2383 448 2410 a
471 2368 572 2411 Deo
600 2367 728 2423 diligi
758 2383 888 2426 posse
919 2371 1109 2423 monuit,
1147 2385 1231 2412 non
1261 2372 1339 2412 hoc
1365 2373 1558 2426 negavit,

87 2421 166 2464 τὸν
195 2422 429 2479 σαρκικόν,
470 2440 600 2482 quum
630 2425 720 2480 ipse
751 2426 966 2468 voluisset
993 2431 1038 2468 et
1064 2427 1312 2469 conditione
1341 2427 1557 2471 divinitus

87 2479 235 2521 oblata
267 2495 373 2522 usus
402 2488 545 2534 esset,
583 2482 680 2523 fieri
710 2496 841 2539 posse
868 2480 1178 2534 πνευματικόν.
1250 2483 1408 2542 Neque
1438 2485 1556 2527 enim

66 2536 214 2578 .Deus
244 2534 383 2579 Paulo
411 2537 559 2594 judice
587 2552 666 2579 sua
697 2538 905 2581 beneficia
936 2539 1184 2583 hominibus
1213 2541 1433 2596 obtrudit,
1477 2542 1556 2584 sed

86 2593 192 2634 licet
212 2593 269 2634 iis
288 2599 377 2636 tum
403 2595 489 2636 Dei
510 2594 802 2637 conditionem
823 2595 1020 2652 accipere
1049 2597 1176 2639 fidem
1204 2597 1426 2650 babendo,
1462 2603 1556 2641 tum

87 2651 318 2706 aspernari
355 2651 484 2693 iidem
514 2651 785 2705 denegando.
855 2651 926 2695 Cf.
955 2667 994 2697 v.
1027 2667 1065 2696 c.
1096 2654 1267 2708 Chrysa,
1313 2655 1554 2710 Theoployl„

88 2705 215 2758 Oea,
250 2706 467 2751 Turretin.
488 2713 532 2749 et
551 2709 752 2754 Ammon.
811 2708 871 2752 V.
888 2710 931 2753 8.
961 2708 1028 2752 Δὲ
1048 2715 1192 2753 autem
1221 2712 1352 2754 valet.
1409 2711 1554 2768 Adje-

88 2763 149 2803 cit
174 2761 225 2806 P.
247 2762 359 2805 hunc
381 2779 446 2808 vs,
461 2797 474 2818 ‚
505 2772 553 2808 ut
572 2771 874 2820 argumentum
894 2767 1040 2808 verbis
1059 2780 1098 2810 V.
1117 2768 1161 2812 7.
1181 2765 1298 2809 διότι
1326 2766 1377 2809 τὸ
1409 2783 1487 2824 φρ.
1516 2782 1554 2809 τ.

89 2821 138 2860 Σ.
159 2816 195 2861 ἕ.
218 2833 252 2861 ε.
274 2822 324 2861 θ.
351 2820 601 2863 inchoatum
625 2823 946 2869 absolveretur.
1000 2822 1156 2866 Manca
1184 2825 1298 2867 enim
1323 2822 1453 2869 Pauli
1483 2838 1554 2867 ar-

139 2885 328 2922 Fnczsclae
345 2886 413 2934 ΕΡ.
434 2888 478 2925 ad
494 2888 604 2926 Rom.
630 2889 671 2928 P.
694 2890 738 2927 11.
1075 2880 1121 2924 H
