1715 3115
171 214 252 257 192
450 210 831 257 EPISTOLA
863 211 965 256 AD
995 212 1356 258 ROMANOS

167 314 397 358 dicendum
421 320 512 367 est,
542 328 627 356 non
653 315 732 356 hoc
752 313 1086 360 declarandum:
1115 316 1214 359 Deo
1244 317 1442 374 {sitoniam
1466 321 1629 359 mentes

166 373 399 428 perspiciat
420 371 608 428 spiritus
631 386 666 414 s,
681 404 692 422 ,
731 372 803 428 (μιὶ
820 372 999 427 qemiius
1021 373 1266 426 sustulerit,
1303 387 1386 415 non
1413 374 1541 415 verba
1572 374 1628 415 ad

166 428 500 484 Deum-jecerit,
529 427 758 470 consilium
783 429 1002 482 cognitum
1022 444 1143 481 esso,
1181 444 1335 486 nempe
1365 443 1461 471 eum
1489 429 1553 471 ita
1581 433 1628 470 ut

167 486 262 527 Deo
279 485 452 537 placeat
469 483 583 540 apud
605 485 743 526 Deum
764 484 1006 541 deprecari.
1065 485 1135 527 Ne
1163 486 1424 543 deprecatur
1453 483 1627 542 quidem

166 541 354 597 spiritus
374 555 412 583 s.
434 555 563 595 quum
583 541 853 595 ingemiscit,
881 547 1069 584 ceterum
1092 547 1229 595 tacet,
1267 557 1346 599 pro
1372 542 1459 599 piis
1487 542 1627 583 homi-

166 598 323 649 nibus,
353 595 429 638 sed
453 597 554 653 quia
574 597 672 639 Deo
695 598 835 639 intimi
852 599 1094 639 animorum
1114 612 1317 640 recessus
1339 601 1504 655 patent,
1535 598 1627 655 spi-

163 653 272 696 ritui
293 667 331 696 s·
353 652 544 695 studium
566 668 645 710 pro
667 653 753 710 piis
774 654 1022 696 hominihus
1042 653 1304 723 deprecandi
1335 655 1522 710 gemitus
1549 668 1627 696 ex-

163 711 325 753 citasse
346 710 469 752 Deus
490 723 573 752 non
596 710 783 765 ignorat.
853 709 1011 767 Itaque
1034 726 1140 759 τους
1167 707 1413 768 ἀλαλήτους
1443 724 1627 766 στεναγ-

164 765 279 820 μοὺς
315 767 396 808 τοῦ
434 763 684 818 πνεύματος
722 773 903 825 propter
932 782 1142 809 summam
1182 768 1270 809 Dei
1308 766 1623 825 perspicaciam

163 828 360 866 votorum
382 837 462 879 pro
486 823 573 880 piis
596 823 840 866 hominibus
862 829 1205 881 nuncupatorum
1227 824 1312 867 vim
1333 824 1493 867 hahere
1508 821 1625 865 Pau-

162 881 253 921 lum
273 880 496 921 affirmare
516 886 711 936 oportet:
741 881 853 922 scire
875 882 1017 922 Deum
1041 882 1245 938 spiritum
1265 895 1303 925 S.
1354 882 1397 923 m·
1414 881 1507 924 Deo
1525 893 1624 934 pro-

163 938 286 978 betur
303 937 420 978 modo
439 950 518 994 pro
542 936 628 993 piis
648 937 897 980 hominibus
920 937 1190 979 intercedere
1219 938 1289 979 hic
1351 939 1465 979 icere
1493 938 1624 994 plane

164 992 316 1049 nequit
340 992 401 1047 ³²²).
461 991 673 1035 Perverse
701 994 902 1050 plerique
930 994 1044 1036 inter
1079 999 1195 1037 retes
1225 991 1295 1036 ὅτι
1319 1009 1420 1036 raam
1449 997 1624 1035 vertunt

162 1050 224 1105 (v.
251 1063 290 1093 c.
309 1047 547 1102 Lutherus,
588 1064 728 1107 nuper
756 1050 914 1093 Rueck.
946 1054 990 1091 et
1016 1051 1044 1093 d
1070 1051 1154 1104 K).
1219 1050 1301 1093 Est
1330 1051 1444 1092 enim
1475 1063 1623 1102 causa,

160 1119 240 1147 cur
260 1105 384 1147 Deus
403 1105 453 1146 τὸ
476 1104 682 1161 φρόνημα
711 1105 792 1148 τοῦ
818 1104 1069 1158 πνεύματος
1097 1107 1344 1161 intelligat,
1380 1107 1423 1148 in
1455 1105 1622 1163 summai

161 1161 251 1204 Dei
289 1162 624 1218 perspicacitate
662 1160 704 1215 (ὃ
746 1163 803 1205 δὲ
841 1161 1072 1218 ἐρευνῶν
1103 1164 1200 1213 τὰς
1228 1161 1466 1216 καρδίας
1494 1164 1621 1213 οἶδε),

160 1233 246 1261 non
266 1219 308 1260 in
328 1233 378 1260 eo
401 1219 511 1271 sita,
542 1218 656 1275 quod
681 1219 865 1276 spiritus
885 1235 923 1264 s.
943 1218 1053 1260 κατὰ
1079 1218 1190 1262 θεόν
1216 1234 1296 1277 pro
1325 1219 1410 1276 piis
1437 1219 1622 1261 homini-

158 1275 241 1318 bus
261 1274 536 1331 deprecetur.

278 1333 337 1375 V.
365 1332 585 1377 280—30.
643 1329 960 1388 Praeterquam
992 1331 1107 1388 quod
1138 1330 1269 1388 hujus
1302 1332 1418 1375 vitae
1447 1346 1619 1374 aerum-

160 1402 241 1430 nas
262 1394 305 1430 et
326 1388 620 1445 sempiternae
641 1389 868 1430 felicitatis
887 1403 989 1444 spes
1010 1403 1049 1432 v.
1071 1390 1143 1434 24.
1167 1391 1237 1433 25.
1261 1393 1305 1430 et
1324 1388 1505 1446 provida
1531 1388 1620 1431 div.

161 1446 347 1502 spiritus
379 1459 481 1487 cura
515 1446 791 1498 consolatur,
822 1459 863 1489 ν.
893 1446 964 1490 26.
993 1446 1091 1498 27.,
1121 1452 1188 1488 est
1212 1446 1390 1502 aliquod
1413 1460 1620 1502 praesen-

161 1504 271 1544 tium
301 1503 512 1543 malorum
534 1503 768 1544 fomentum
793 1503 834 1543 in
858 1516 908 1543 eo
931 1502 1144 1558 positum,
1175 1502 1288 1559 quod
1308 1503 1394 1557 piis
1414 1502 1618 1545 Christia-

160 1559 229 1600 πίε
260 1559 328 1600 vel
358 1559 539 1600 acerbos
569 1573 695 1601 casus
723 1560 1016 1599 emolumento
1044 1573 1141 1600 esse
1170 1561 1348 1601 scimus.
1417 1559 1531 1600 Nam
1561 1559 1619 1599 iis

161 1629 186 1656 e
215 1614 302 1656 Dei
341 1615 542 1656 instituto
577 1614 632 1655 ad
664 1615 831 1657 Christi
861 1628 984 1654 sacra
1016 1614 1216 1656 invitatis
1243 1615 1368 1656 Deus
1395 1619 1616 1655 aeternam

160 1671 414 1713 beatitatem
445 1671 628 1713 daturus
651 1678 718 1712 ost
741 1685 780 1714 v.
803 1670 1011 1712 28—30.
1071 1669 1236 1725 Quidni
1259 1671 1396 1725 igitur
1419 1670 1540 1712 Deus
1561 1671 1617 1712 iis

161 1726 277 1784 quod
308 1728 444 1769 multo
474 1728 617 1770 minus
642 1733 711 1769 est
730 1727 969 1781 largiatur,
999 1732 1047 1768 ut
1068 1733 1143 1768 aut
1160 1727 1333 1769 tristem
1352 1726 1482 1784 hujus
1502 1727 1617 1769 vitae

158 1783 449 1827 conditionem
492 1784 535 1825 in
579 1785 739 1825 laetam
781 1784 998 1824 fortunam
1037 1788 1288 1834 convertat,
1342 1790 1419 1824 aut
1457 1783 1614 1825 saltem

159 1840 315 1882 acerba
344 1847 387 1882 et
416 1855 528 1927 qu2ae
559 1854 714 1882 nocere
745 1839 975 1882 videantur
1004 1839 1094 1881 fata
1126 1854 1178 1882 eo
1210 1840 1378 1893 flectat,
1410 1843 1458 1881 ut
1483 1840 1614 1881 etiam

159 1911 258 1940 vere
310 1896 475 1940 rosint.

270 1911 329 1996 pr·
351 1953 424 1998 28.
482 1953 551 1997 Cf.
573 1954 612 1995 J.
634 1953 691 1995 A.
711 1952 911 1995 Gadolim‘
928 1950 1056 1996 Rom.
1081 1952 1123 2004 8,
1142 1951 1347 1996 28—30.
1366 1951 1615 2009 explicandi

109 2012 111 2015 '
157 2010 399 2068 periculum
430 2010 653 2064 Helsingf.
688 2008 816 2053 1834.
847 2008 891 2052 4.
914 2034 968 2039 —
1000 2004 1180 2060 οἴδαμεν
1210 2007 1276 2063 δέ]
1304 2012 1448 2050 notum
1470 2013 1615 2050 atatem

157 2071 223 2108 est
251 2067 383 2110 nobis.
442 2066 537 2109 Hac
561 2067 747 2108 formula
774 2064 823 2108 P.
846 2064 900 2106 ad
925 2065 1131 2107 solatium
1152 2065 1314 2107 transit
1337 2065 1406 2106 vel
1429 2064 1614 2106 atrocis-

157 2123 282 2166 simis
305 2123 630 2166 calamitatibus
653 2121 869 2165 leniendis
893 2121 1187 2179 aptissimum.
1246 2119 1433 2163 Omnino
1453 2124 1614 2186 aute-m,

1547 2191 1614 2218 in-

202 2324 239 2369 *)
271 2324 390 2369 Vulgo
409 2323 600 2370 Origenern
620 2330 654 2357 et
673 2322 975 2357 Ambrosiastrum
994 2320 1085 2356 κατά
1104 2320 1190 2357 θεόν
1200 2333 1272 2365 pro
1290 2320 1416 2355 diuina
1443 2321 1512 2356 suet
1541 2333 1611 2354 rm-

249 2370 333 2403 tunt
355 2377 479 2404 contra
500 2369 669 2414 loquendi
688 2372 789 2402 usum
811 2368 1016 2414 explicuisse
1035 2369 1239 2401 observant.
1287 2367 1456 2411 Origenis
1473 2380 1508 2401 v.
1532 2380 1612 2401 am-

248 2416 358 2458 bigua
376 2422 468 2448 sunt.
517 2415 585 2449 Sed
609 2414 745 2448 videtur
764 2413 854 2448 facta
874 2414 916 2446 ab
933 2426 974 2446 eo
1003 2412 1180 2457 oppositio
1208 2412 1319 2447 divini
1351 2412 1517 2457 spiritus,
1551 2412 1612 2457 qui

248 2473 345 2504 „non
362 2460 560 2494 secundum
581 2472 724 2493 carnem
745 2460 802 2493 sed
822 2458 1015 2493 secundum
1030 2460 1148 2494 Deum
1170 2470 1233 2504 pro
1245 2457 1373 2492 sanctis
1388 2457 1613 2504 interpellet”

257 2512 290 2539 et
316 2505 461 2542 Christi,
501 2505 560 2550 qui
597 2517 703 2548 „non
729 2505 925 2539 secundum
952 2506 1092 2547 Deum,
1137 2504 1196 2538 sed
1232 2503 1429 2537 secundum
1464 2516 1608 2537 carnem

251 2558 412 2583 mortuus
432 2550 596 2584 dicatur”
615 2552 714 2583 verba
736 2551 866 2596 potius,
902 2563 1006 2595 quarn
1027 2549 1239 2583 sententiani
1261 2548 1472 2591 complecti,
1505 2548 1551 2582 ita
1573 2555 1611 2582 ut

250 2596 340 2629 κατιῖ
358 2594 445 2629 θεόν
463 2600 561 2637 apud
578 2597 699 2629 Deum
719 2597 947 2629 enarraverit.
998 2595 1154 2630 Attende
1178 2594 1220 2628 ad
1240 2606 1289 2627 v.:
1317 2593 1404 2626 Ideo
1428 2606 1503 2627 non
1527 2606 1609 2628 ver-

247 2641 300 2674 bis
319 2642 448 2682 offerret
470 2641 599 2674 dicitur
618 2640 760 2685 spiritus
781 2640 1097 2686 interpellationem
1127 2652 1192 2685 pro
1210 2637 1339 2672 sanclis
1353 2665 1360 2678 ‚
1389 2640 1448 2672 sed
1468 2641 1610 2681 gemiti·

252 2689 337 2728 bus,
387 2694 418 2718 cl
451 2698 522 2718 non
548 2687 804 2720 communibus
838 2686 911 2719 istis
946 2685 1159 2731 gemitibus,
1198 2684 1257 2717 sed
1287 2686 1610 2719 inenarrabilibus.

255 2731 452 2775 Quomodo
472 2731 563 2763 enim
584 2733 738 2765 enarrari
761 2737 874 2776 potest
892 2734 990 2774 quod
1006 2731 1156 2772 spiritus
1174 2730 1246 2763 Dei
1266 2731 1478 2772 loquitur
1498 2730 1607 2768 Deo,

252 2789 362 2821 quum
382 2775 451 2808 —?
477 2776 734 2810 ambrosiaster
752 2784 868 2810 aulem
887 2775 978 2811 κατιὶ
998 2774 1085 2810 θεόν
1105 2775 1263 2820 exposuit
1288 2777 1341 2808 ita
1368 2781 1407 2808 ut
1424 2776 1507 2810 Deo
1527 2776 1608 2816 pla·

251 2830 318 2856 cet.
368 2821 489 2864 Neque
505 2819 599 2852 enim
620 2822 694 2863 ejus
713 2821 899 2867 explicatio
916 2821 1029 2855 verbis
1046 2841 1091 2847 -
1109 2845 1133 2863 „
1147 2821 1205 2854 sed
1223 2820 1313 2853 sicut
1339 2821 1509 2866 competit
1532 2819 1607 2862 ejus

250 2866 452 2900 divinitali''
477 2865 536 2898 sed
566 2867 740 2899 vocabulis
761 2867 983 2902 continetur:
1009 2872 1078 2911 „et
1098 2866 1184 2902 hacc
1209 2866 1293 2910 petit
1320 2878 1408 2910 quae
1436 2867 1503 2901 scit
1527 2867 1605 2900 Deo

245 2913 382 2958 placere
405 2917 435 2944 cl
456 2911 556 2944 nobis
575 2911 783 2953 prod‹·sse.·’
