<?xml version="1.0" encoding="UTF-8"?>
<!DOCTYPE html PUBLIC "-//W3C//DTD XHTML 1.0 Transitional//EN"
    "http://www.w3.org/TR/xhtml1/DTD/xhtml1-transitional.dtd">
<html xmlns="http://www.w3.org/1999/xhtml" xml:lang="en" lang="en">
 <head>
  <title>
</title>
<meta http-equiv="Content-Type" content="text/html;charset=utf-8" />
  <meta name='ocr-system' content='tesseract 3.04.00' />
  <meta name='ocr-capabilities' content='ocr_page ocr_carea ocr_par ocr_line ocrx_word'/>
</head>
<body>
  <div class='ocr_page' id='page_1' title='image "./pauliadromanosep02frituoft/pauliadromanosep02frituoft_0464.png"; bbox 0 0 1715 3115; ppageno 0'>
   <div class='ocr_carea' id='block_1_1' title="bbox 197 226 1667 394">
    <p class='ocr_par' dir='ltr' id='par_1_1' title="bbox 197 226 1667 394">
     <span class='ocr_line' id='line_1_1' title="bbox 197 226 1387 281; baseline -0.006 0"><span class='ocrx_word' id='word_1_1' title='bbox 197 239 284 281; x_wconf 75' lang='lat'>450</span> <span class='ocrx_word' id='word_1_2' title='bbox 472 226 989 272; x_wconf 79' lang='lat' dir='ltr'><strong>EPISTOLAAD</strong></span> <span class='ocrx_word' id='word_1_3' title='bbox 1025 228 1387 274; x_wconf 76' lang='lat' dir='ltr'><strong>ROMANOS</strong></span> 
     </span>
     <span class='ocr_line' id='line_1_2' title="bbox 198 333 1667 394; baseline -0.003 -8"><span class='ocrx_word' id='word_1_4' title='bbox 198 346 253 388; x_wconf 82' lang='lat' dir='ltr'>ad</span> <span class='ocrx_word' id='word_1_5' title='bbox 283 341 388 393; x_wconf 79' lang='lat' dir='ltr'>vig.</span> <span class='ocrx_word' id='word_1_6' title='bbox 414 352 457 394; x_wconf 87' lang='lat' dir='ltr'>p.</span> <span class='ocrx_word' id='word_1_7' title='bbox 485 337 585 379; x_wconf 90' lang='grc'><strong>760.</strong></span> <span class='ocrx_word' id='word_1_8' title='bbox 614 339 658 376; x_wconf 89' lang='lat' dir='ltr'>et</span> <span class='ocrx_word' id='word_1_9' title='bbox 701 333 955 377; x_wconf 63' lang='grc' dir='ltr'><em>Πῖιηιὶενιιηι</em></span> <span class='ocrx_word' id='word_1_10' title='bbox 995 333 1189 380; x_wconf 87' lang='lat' dir='ltr'>Advers.</span> <span class='ocrx_word' id='word_1_11' title='bbox 1232 336 1275 378; x_wconf 92' lang='lat' dir='ltr'>in</span> <span class='ocrx_word' id='word_1_12' title='bbox 1305 336 1444 394; x_wconf 85' lang='lat' dir='ltr'>Soph.</span> <span class='ocrx_word' id='word_1_13' title='bbox 1473 336 1667 383; x_wconf 84' lang='lat' dir='ltr'>Philoct.</span> 
     </span>
    </p>
   </div>
   <div class='ocr_carea' id='block_1_2' title="bbox 179 389 1665 1693">
    <p class='ocr_par' dir='ltr' id='par_1_2' title="bbox 179 389 1665 1693">
     <span class='ocr_line' id='line_1_3' title="bbox 198 389 1664 460; baseline -0.001 -22"><span class='ocrx_word' id='word_1_14' title='bbox 198 419 243 460; x_wconf 75' lang='lat' dir='ltr'>p,</span> <span class='ocrx_word' id='word_1_15' title='bbox 264 400 373 448; x_wconf 47' lang='lat'>82),</span> <span class='ocrx_word' id='word_1_16' title='bbox 391 393 494 450; x_wconf 85' lang='lat' dir='ltr'>quin</span> <span class='ocrx_word' id='word_1_17' title='bbox 513 393 705 434; x_wconf 85' lang='lat' dir='ltr'>seriores</span> <span class='ocrx_word' id='word_1_18' title='bbox 728 390 965 447; x_wconf 76' lang='lat' dir='ltr'>scriptores</span> <span class='ocrx_word' id='word_1_19' title='bbox 987 389 1284 446; x_wconf 78' lang='grc' dir='ltr'>ἐπιτυγχάνειν</span> <span class='ocrx_word' id='word_1_20' title='bbox 1298 409 1341 436; x_wconf 91' lang='grc' dir='ltr'>τι</span> <span class='ocrx_word' id='word_1_21' title='bbox 1359 394 1509 436; x_wconf 81' lang='lat' dir='ltr'>eodem</span> <span class='ocrx_word' id='word_1_22' title='bbox 1532 409 1664 437; x_wconf 86' lang='lat' dir='ltr'>sensu</span> 
     </span>
     <span class='ocr_line' id='line_1_4' title="bbox 198 447 1664 511; baseline -0.005 -11"><span class='ocrx_word' id='word_1_23' title='bbox 198 451 507 511; x_wconf 77' lang='lat' dir='ltr'>usurpaverint</span> <span class='ocrx_word' id='word_1_24' title='bbox 525 448 719 490; x_wconf 85' lang='lat' dir='ltr'>dubitari</span> <span class='ocrx_word' id='word_1_25' title='bbox 743 448 813 488; x_wconf 75' lang='lat' dir='ltr'>vix</span> <span class='ocrx_word' id='word_1_26' title='bbox 838 451 999 504; x_wconf 87' lang='lat' dir='ltr'>potest.</span> <span class='ocrx_word' id='word_1_27' title='bbox 1060 447 1115 489; x_wconf 81' lang='lat' dir='ltr'>Et</span> <span class='ocrx_word' id='word_1_28' title='bbox 1138 462 1394 505; x_wconf 86' lang='lat' dir='ltr'>quamquam</span> <span class='ocrx_word' id='word_1_29' title='bbox 1417 451 1527 503; x_wconf 87' lang='lat' dir='ltr'>loca,</span> <span class='ocrx_word' id='word_1_30' title='bbox 1553 465 1664 507; x_wconf 81' lang='lat' dir='ltr'>quae</span> 
     </span>
     <span class='ocr_line' id='line_1_5' title="bbox 197 500 1665 565; baseline -0.005 -8"><span class='ocrx_word' id='word_1_31' title='bbox 197 523 246 557; x_wconf 86' lang='lat' dir='ltr'>ut</span> <span class='ocrx_word' id='word_1_32' title='bbox 275 516 524 553; x_wconf 77' lang='lat' dir='ltr'>structurae</span> <span class='ocrx_word' id='word_1_33' title='bbox 554 500 855 556; x_wconf 76' lang='grc' dir='ltr'>ἐπιτυγχάνειν</span> <span class='ocrx_word' id='word_1_34' title='bbox 892 519 936 545; x_wconf 88' lang='grc' dir='ltr'>τι</span> <span class='ocrx_word' id='word_1_35' title='bbox 973 505 1226 560; x_wconf 78' lang='lat' dir='ltr'>consequi</span> <span class='ocrx_word' id='word_1_36' title='bbox 1263 506 1425 564; x_wconf 73' lang='lat' dir='ltr'>aliquid</span> <span class='ocrx_word' id='word_1_37' title='bbox 1465 508 1665 565; x_wconf 76' lang='lat' dir='ltr'>probitas</span> 
     </span>
     <span class='ocr_line' id='line_1_6' title="bbox 197 560 1664 620; baseline -0.005 -7"><span class='ocrx_word' id='word_1_38' title='bbox 197 566 480 614; x_wconf 83' lang='lat' dir='ltr'>ostendatur,</span> <span class='ocrx_word' id='word_1_39' title='bbox 519 563 650 615; x_wconf 74' lang='lat' dir='ltr'>vulgo</span> <span class='ocrx_word' id='word_1_40' title='bbox 681 560 947 611; x_wconf 86' lang='lat' dir='ltr'>all&#39;eruntur,</span> <span class='ocrx_word' id='word_1_41' title='bbox 990 574 1070 601; x_wconf 91' lang='lat' dir='ltr'>non</span> <span class='ocrx_word' id='word_1_42' title='bbox 1106 560 1298 620; x_wconf 84' lang='lat' dir='ltr'>ejusdem</span> <span class='ocrx_word' id='word_1_43' title='bbox 1331 564 1459 619; x_wconf 86' lang='lat' dir='ltr'>plane</span> <span class='ocrx_word' id='word_1_44' title='bbox 1488 564 1664 617; x_wconf 75' lang='lat' dir='ltr'>generis</span> 
     </span>
     <span class='ocr_line' id='line_1_7' title="bbox 197 615 1661 676; baseline -0.008 -7"><span class='ocrx_word' id='word_1_45' title='bbox 197 631 323 676; x_wconf 85' lang='lat' dir='ltr'>sunt,</span> <span class='ocrx_word' id='word_1_46' title='bbox 352 620 607 664; x_wconf 76' lang='lat' dir='ltr'>credibilem</span> <span class='ocrx_word' id='word_1_47' title='bbox 630 625 773 659; x_wconf 83' lang='lat' dir='ltr'>tamen</span> <span class='ocrx_word' id='word_1_48' title='bbox 804 632 892 658; x_wconf 76' lang='lat' dir='ltr'>reu·</span> <span class='ocrx_word' id='word_1_49' title='bbox 926 617 1104 659; x_wconf 73' lang='lat' dir='ltr'>faciunt.</span> <span class='ocrx_word' id='word_1_50' title='bbox 1167 615 1293 660; x_wconf 84' lang='lat' dir='ltr'>Plato</span> <span class='ocrx_word' id='word_1_51' title='bbox 1324 620 1434 675; x_wconf 69' lang='lat' dir='ltr'>step.</span> <span class='ocrx_word' id='word_1_52' title='bbox 1465 619 1661 672; x_wconf 84' lang='lat' dir='ltr'>lV,431.</span> 
     </span>
     <span class='ocr_line' id='line_1_8' title="bbox 196 670 1660 732; baseline -0.007 -12"><span class='ocrx_word' id='word_1_53' title='bbox 196 685 247 728; x_wconf 78' lang='lat' dir='ltr'>C,</span> <span class='ocrx_word' id='word_1_54' title='bbox 266 707 318 714; x_wconf 90' lang='lat'>-—</span> <span class='ocrx_word' id='word_1_55' title='bbox 335 677 429 727; x_wconf 82' lang='grc' dir='ltr'><em>τὰς</em></span> <span class='ocrx_word' id='word_1_56' title='bbox 450 673 497 718; x_wconf 76' lang='grc' dir='ltr'>δέ</span> <span class='ocrx_word' id='word_1_57' title='bbox 516 691 562 731; x_wconf 89' lang='grc' dir='ltr'><em>γε</em></span> <span class='ocrx_word' id='word_1_58' title='bbox 581 670 724 716; x_wconf 76' lang='grc' dir='ltr'><em>ἁπλᾶ</em></span> <span class='ocrx_word' id='word_1_59' title='bbox 739 689 761 722; x_wconf 82' lang='grc' dir='ltr'><em>ς</em></span> <span class='ocrx_word' id='word_1_60' title='bbox 777 687 824 714; x_wconf 85' lang='grc' dir='ltr'>τε</span> <span class='ocrx_word' id='word_1_61' title='bbox 846 675 915 714; x_wconf 81' lang='grc' dir='ltr'>καὶ</span> <span class='ocrx_word' id='word_1_62' title='bbox 934 672 1166 727; x_wconf 87' lang='grc' dir='ltr'><em>μετρίας</em></span> <span class='ocrx_word' id='word_1_63' title='bbox 1195 672 1504 728; x_wconf 67' lang='grc' dir='ltr'><em>(ἐπιθυμίας),</em></span> <span class='ocrx_word' id='word_1_64' title='bbox 1535 671 1587 717; x_wconf 76' lang='grc' dir='ltr'>αἳ</span> <span class='ocrx_word' id='word_1_65' title='bbox 1608 673 1660 732; x_wconf 74' lang='grc' dir='ltr'>ὼ)</span> 
     </span>
     <span class='ocr_line' id='line_1_9' title="bbox 194 725 1662 795; baseline -0.006 -13"><span class='ocrx_word' id='word_1_66' title='bbox 194 737 305 795; x_wconf 80' lang='grc' dir='ltr'><em>μετὰ</em></span> <span class='ocrx_word' id='word_1_67' title='bbox 328 737 402 778; x_wconf 87' lang='grc' dir='ltr'><em>νοῦ</em></span> <span class='ocrx_word' id='word_1_68' title='bbox 423 749 469 775; x_wconf 90' lang='grc' dir='ltr'>τε</span> <span class='ocrx_word' id='word_1_69' title='bbox 489 731 562 773; x_wconf 87' lang='grc' dir='ltr'>καί</span> <span class='ocrx_word' id='word_1_70' title='bbox 584 729 714 784; x_wconf 73' lang='grc' dir='ltr'><em>δόξης</em></span> <span class='ocrx_word' id='word_1_71' title='bbox 735 726 876 785; x_wconf 63' lang='grc' dir='ltr'><em>ὀρθῆς</em></span> <span class='ocrx_word' id='word_1_72' title='bbox 895 730 1089 784; x_wconf 75' lang='grc' dir='ltr'><em>λογισμῷ</em></span> <span class='ocrx_word' id='word_1_73' title='bbox 1113 725 1289 782; x_wconf 74' lang='grc' dir='ltr'><em>ἄγονται</em></span> <span class='ocrx_word' id='word_1_74' title='bbox 1304 762 1313 777; x_wconf 81' lang='lat'>,</span> <span class='ocrx_word' id='word_1_75' title='bbox 1356 730 1401 774; x_wconf 74' lang='grc' dir='ltr'>ἐν</span> <span class='ocrx_word' id='word_1_76' title='bbox 1423 732 1590 787; x_wconf 80' lang='grc' dir='ltr'><strong><em>ὀλίγοις</em></strong></span> <span class='ocrx_word' id='word_1_77' title='bbox 1613 747 1662 774; x_wconf 84' lang='grc' dir='ltr'>τε</span> 
     </span>
     <span class='ocr_line' id='line_1_10' title="bbox 195 785 1662 841; baseline -0.005 -3"><span class='ocrx_word' id='word_1_78' title='bbox 195 790 484 840; x_wconf 81' lang='grc' dir='ltr'><em>ἑπιτεύξει</em></span> <span class='ocrx_word' id='word_1_79' title='bbox 513 789 697 836; x_wconf 82' lang='grc' dir='ltr'><em>καὶτοῖς</em></span> <span class='ocrx_word' id='word_1_80' title='bbox 718 786 926 838; x_wconf 79' lang='grc' dir='ltr'><em>βέλτιστα</em></span> <span class='ocrx_word' id='word_1_81' title='bbox 953 786 1031 837; x_wconf 82' lang='grc' dir='ltr'>μὲν</span> <span class='ocrx_word' id='word_1_82' title='bbox 1062 786 1195 841; x_wconf 76' lang='grc' dir='ltr'><em>φῦσι,</em></span> <span class='ocrx_word' id='word_1_83' title='bbox 1237 785 1444 839; x_wconf 74' lang='grc' dir='ltr'><em>βέλτιστα</em></span> <span class='ocrx_word' id='word_1_84' title='bbox 1472 788 1520 830; x_wconf 79' lang='grc' dir='ltr'>δὲ</span> <span class='ocrx_word' id='word_1_85' title='bbox 1547 803 1662 830; x_wconf 85' lang='grc' dir='ltr'><em>παι-</em></span> 
     </span>
     <span class='ocr_line' id='line_1_11' title="bbox 192 839 1658 897; baseline -0.012 -2"><span class='ocrx_word' id='word_1_86' title='bbox 192 853 431 895; x_wconf 65' lang='lat' dir='ltr'>devo-etam</span> <span class='ocrx_word' id='word_1_87' title='bbox 462 847 578 887; x_wconf 77' lang='lat' dir='ltr'>valet</span> <span class='ocrx_word' id='word_1_88' title='bbox 599 839 900 896; x_wconf 74' lang='grc' dir='ltr'><em>ἐπιτυγχάνειν</em></span> <span class='ocrx_word' id='word_1_89' title='bbox 921 857 963 882; x_wconf 89' lang='grc' dir='ltr'>τι</span> <span class='ocrx_word' id='word_1_90' title='bbox 986 842 1027 882; x_wconf 78' lang='lat' dir='ltr'>in</span> <span class='ocrx_word' id='word_1_91' title='bbox 1055 855 1143 884; x_wconf 82' lang='lat' dir='ltr'>rem</span> <span class='ocrx_word' id='word_1_92' title='bbox 1172 842 1379 896; x_wconf 72' lang='lat' dir='ltr'><em>incidere,</em></span> <span class='ocrx_word' id='word_1_93' title='bbox 1415 858 1507 887; x_wconf 87' lang='lat' dir='ltr'>rem</span> <span class='ocrx_word' id='word_1_94' title='bbox 1529 859 1658 897; x_wconf 82' lang='lat' dir='ltr'>rep..</span> 
     </span>
     <span class='ocr_line' id='line_1_12' title="bbox 191 895 1660 966; baseline -0.012 -16"><span class='ocrx_word' id='word_1_95' title='bbox 191 907 376 966; x_wconf 79' lang='lat' dir='ltr'>perire</span> <span class='ocrx_word' id='word_1_96' title='bbox 408 903 438 946; x_wconf 83' lang='lat' dir='ltr'>i.</span> <span class='ocrx_word' id='word_1_97' title='bbox 459 917 502 957; x_wconf 80' lang='lat' dir='ltr'>q.</span> <span class='ocrx_word' id='word_1_98' title='bbox 524 895 789 953; x_wconf 74' lang='grc' dir='ltr'><em>ἐντυγχάνειν</em></span> <span class='ocrx_word' id='word_1_99' title='bbox 807 896 893 939; x_wconf 83' lang='grc' dir='ltr'><em>τινί</em></span> <span class='ocrx_word' id='word_1_100' title='bbox 923 897 1061 952; x_wconf 85' lang='lat' dir='ltr'>(Xeu.</span> <span class='ocrx_word' id='word_1_101' title='bbox 1095 897 1199 952; x_wconf 69' lang='lat' dir='ltr'>cyr.</span> <span class='ocrx_word' id='word_1_102' title='bbox 1230 898 1414 953; x_wconf 79' lang='grc'>3,3,5,),</span> <span class='ocrx_word' id='word_1_103' title='bbox 1473 899 1660 943; x_wconf 69' lang='lat' dir='ltr'>Concin-</span> 
     </span>
     <span class='ocr_line' id='line_1_13' title="bbox 190 952 1659 1011; baseline -0.007 -3"><span class='ocrx_word' id='word_1_104' title='bbox 190 964 346 1008; x_wconf 85' lang='lat' dir='ltr'>nitatis</span> <span class='ocrx_word' id='word_1_105' title='bbox 366 959 513 1002; x_wconf 83' lang='lat' dir='ltr'>studio</span> <span class='ocrx_word' id='word_1_106' title='bbox 540 957 789 1003; x_wconf 77' lang='lat' dir='ltr'>Platonem,</span> <span class='ocrx_word' id='word_1_107' title='bbox 820 953 1040 1009; x_wconf 72' lang='lat' dir='ltr'>quintode</span> <span class='ocrx_word' id='word_1_108' title='bbox 1064 955 1135 996; x_wconf 80' lang='grc' dir='ltr'>καὶ</span> <span class='ocrx_word' id='word_1_109' title='bbox 1156 952 1242 1010; x_wconf 64' lang='grc' dir='ltr'>μὴν</span> <span class='ocrx_word' id='word_1_110' title='bbox 1261 954 1353 1006; x_wconf 85' lang='grc' dir='ltr'><em>τάς</em></span> <span class='ocrx_word' id='word_1_111' title='bbox 1371 971 1426 1011; x_wconf 90' lang='grc' dir='ltr'><em>γε</em></span> <span class='ocrx_word' id='word_1_112' title='bbox 1448 954 1659 1006; x_wconf 79' lang='grc' dir='ltr'><em>πολλὰς</em></span> 
     </span>
     <span class='ocr_line' id='line_1_14' title="bbox 189 1008 1657 1066; baseline -0.006 -3"><span class='ocrx_word' id='word_1_113' title='bbox 189 1022 279 1064; x_wconf 81' lang='grc' dir='ltr'>καὶ</span> <span class='ocrx_word' id='word_1_114' title='bbox 308 1011 679 1062; x_wconf 79' lang='grc' dir='ltr'><em>παντοδαπὰς</em></span> <span class='ocrx_word' id='word_1_115' title='bbox 711 1008 1031 1063; x_wconf 70' lang='grc' dir='ltr'><em>ἐπιθυμίας</em></span> <span class='ocrx_word' id='word_1_116' title='bbox 1064 1036 1117 1042; x_wconf 89' lang='grc'>-</span> <span class='ocrx_word' id='word_1_117' title='bbox 1147 1009 1191 1052; x_wconf 81' lang='grc' dir='ltr'>ἐν</span> <span class='ocrx_word' id='word_1_118' title='bbox 1217 1011 1330 1053; x_wconf 78' lang='grc' dir='ltr'><em>πᾶσι</em></span> <span class='ocrx_word' id='word_1_119' title='bbox 1366 1011 1562 1066; x_wconf 85' lang='grc' dir='ltr'><em>μάλιστα</em></span> <span class='ocrx_word' id='word_1_120' title='bbox 1595 1008 1657 1055; x_wconf 75' lang='grc' dir='ltr'>ἄν</span> 
     </span>
     <span class='ocr_line' id='line_1_15' title="bbox 188 1063 1654 1129; baseline 0.001 -19"><span class='ocrx_word' id='word_1_121' title='bbox 188 1092 274 1127; x_wconf 67' lang='grc' dir='ltr'>τις</span> <span class='ocrx_word' id='word_1_122' title='bbox 311 1072 467 1129; x_wconf 72' lang='grc' dir='ltr'><em>εὕροι</em></span> <span class='ocrx_word' id='word_1_123' title='bbox 497 1072 571 1112; x_wconf 81' lang='grc' dir='ltr'>καὶ</span> <span class='ocrx_word' id='word_1_124' title='bbox 600 1068 768 1125; x_wconf 80' lang='grc' dir='ltr'><em>γυναιξὶ</em></span> <span class='ocrx_word' id='word_1_125' title='bbox 796 1067 868 1108; x_wconf 81' lang='grc' dir='ltr'>καὶ</span> <span class='ocrx_word' id='word_1_126' title='bbox 901 1063 1095 1117; x_wconf 70' lang='grc' dir='ltr'><em>οἰκέταις</em></span> <span class='ocrx_word' id='word_1_127' title='bbox 1123 1066 1340 1121; x_wconf 80' lang='lat' dir='ltr'>dixisset,</span> <span class='ocrx_word' id='word_1_128' title='bbox 1387 1068 1483 1119; x_wconf 87' lang='grc' dir='ltr'><em>τὰς</em></span> <span class='ocrx_word' id='word_1_129' title='bbox 1513 1067 1571 1111; x_wconf 78' lang='grc' dir='ltr'>δέ</span> <span class='ocrx_word' id='word_1_130' title='bbox 1599 1078 1654 1124; x_wconf 81' lang='grc' dir='ltr'><em>γε</em></span> 
     </span>
     <span class='ocr_line' id='line_1_16' title="bbox 186 1121 1654 1181; baseline -0.007 -4"><span class='ocrx_word' id='word_1_131' title='bbox 186 1131 368 1181; x_wconf 82' lang='grc' dir='ltr'><em>ἆπλᾶς</em></span> <span class='ocrx_word' id='word_1_132' title='bbox 393 1145 439 1171; x_wconf 85' lang='grc' dir='ltr'>τε</span> <span class='ocrx_word' id='word_1_133' title='bbox 460 1129 533 1169; x_wconf 80' lang='grc' dir='ltr'>καὶ</span> <span class='ocrx_word' id='word_1_134' title='bbox 557 1121 789 1180; x_wconf 75' lang='grc' dir='ltr'><em>μετρίας</em></span> <span class='ocrx_word' id='word_1_135' title='bbox 808 1149 859 1153; x_wconf 91' lang='grc'>-</span> <span class='ocrx_word' id='word_1_136' title='bbox 883 1121 926 1165; x_wconf 76' lang='grc' dir='ltr'>ἐν</span> <span class='ocrx_word' id='word_1_137' title='bbox 951 1121 1116 1176; x_wconf 81' lang='grc' dir='ltr'><em>ὀλίγοις</em></span> <span class='ocrx_word' id='word_1_138' title='bbox 1142 1138 1189 1165; x_wconf 89' lang='grc' dir='ltr'>τε</span> <span class='ocrx_word' id='word_1_139' title='bbox 1219 1121 1517 1175; x_wconf 79' lang='grc' dir='ltr'><em>ἑπιτεύξαι</em></span> <span class='ocrx_word' id='word_1_140' title='bbox 1545 1124 1654 1168; x_wconf 81' lang='lat' dir='ltr'>scri-</span> 
     </span>
     <span class='ocr_line' id='line_1_17' title="bbox 184 1175 1657 1250; baseline -0.008 -17"><span class='ocrx_word' id='word_1_141' title='bbox 184 1192 339 1250; x_wconf 86' lang='lat' dir='ltr'>psisse</span> <span class='ocrx_word' id='word_1_142' title='bbox 359 1189 402 1229; x_wconf 92' lang='lat' dir='ltr'>in</span> <span class='ocrx_word' id='word_1_143' title='bbox 422 1190 595 1243; x_wconf 88' lang='lat' dir='ltr'>promtu</span> <span class='ocrx_word' id='word_1_144' title='bbox 613 1187 702 1224; x_wconf 86' lang='lat' dir='ltr'>est:</span> <span class='ocrx_word' id='word_1_145' title='bbox 722 1179 798 1222; x_wconf 88' lang='lat' dir='ltr'>sed</span> <span class='ocrx_word' id='word_1_146' title='bbox 818 1194 912 1222; x_wconf 88' lang='lat' dir='ltr'>eum</span> <span class='ocrx_word' id='word_1_147' title='bbox 937 1180 1082 1221; x_wconf 77' lang='lat' dir='ltr'>verbis</span> <span class='ocrx_word' id='word_1_148' title='bbox 1103 1178 1197 1229; x_wconf 85' lang='grc' dir='ltr'><em>τὰς</em></span> <span class='ocrx_word' id='word_1_149' title='bbox 1214 1177 1271 1223; x_wconf 85' lang='grc' dir='ltr'>δέ</span> <span class='ocrx_word' id='word_1_150' title='bbox 1291 1196 1345 1234; x_wconf 90' lang='grc' dir='ltr'><em>γε</em></span> <span class='ocrx_word' id='word_1_151' title='bbox 1365 1175 1546 1231; x_wconf 82' lang='grc' dir='ltr'><em>ἆπλᾶς</em></span> <span class='ocrx_word' id='word_1_152' title='bbox 1566 1181 1657 1226; x_wconf 83' lang='grc' dir='ltr'>καὶ</span> 
     </span>
     <span class='ocr_line' id='line_1_18' title="bbox 183 1234 1655 1303; baseline -0.01 -12"><span class='ocrx_word' id='word_1_153' title='bbox 183 1243 416 1303; x_wconf 81' lang='grc' dir='ltr'><em>μετρίας</em></span> <span class='ocrx_word' id='word_1_154' title='bbox 452 1238 782 1298; x_wconf 75' lang='lat' dir='ltr'>praecedentem</span> <span class='ocrx_word' id='word_1_155' title='bbox 822 1241 1088 1278; x_wconf 75' lang='lat' dir='ltr'>structuram</span> <span class='ocrx_word' id='word_1_156' title='bbox 1128 1234 1226 1285; x_wconf 82' lang='grc' dir='ltr'><em>τάς</em></span> <span class='ocrx_word' id='word_1_157' title='bbox 1263 1251 1309 1290; x_wconf 90' lang='grc' dir='ltr'><em>γε</em></span> <span class='ocrx_word' id='word_1_158' title='bbox 1340 1236 1550 1286; x_wconf 84' lang='grc' dir='ltr'><em>πολλὰς</em></span> <span class='ocrx_word' id='word_1_159' title='bbox 1579 1239 1655 1279; x_wconf 83' lang='grc' dir='ltr'>καὶ</span> 
     </span>
     <span class='ocr_line' id='line_1_19' title="bbox 185 1289 1651 1346; baseline -0.007 0"><span class='ocrx_word' id='word_1_160' title='bbox 185 1297 551 1346; x_wconf 63' lang='grc' dir='ltr'><em>παντοδαπὰς</em></span> <span class='ocrx_word' id='word_1_161' title='bbox 572 1291 884 1345; x_wconf 70' lang='grc' dir='ltr'><em>ἐπιθυμίας</em></span> <span class='ocrx_word' id='word_1_162' title='bbox 902 1318 953 1324; x_wconf 91' lang='grc'>-</span> <span class='ocrx_word' id='word_1_163' title='bbox 975 1290 1018 1334; x_wconf 80' lang='grc' dir='ltr'>ἐν</span> <span class='ocrx_word' id='word_1_164' title='bbox 1037 1292 1149 1334; x_wconf 80' lang='grc' dir='ltr'><em>πᾶσι</em></span> <span class='ocrx_word' id='word_1_165' title='bbox 1176 1289 1371 1345; x_wconf 82' lang='grc' dir='ltr'><em>μάλιστα</em></span> <span class='ocrx_word' id='word_1_166' title='bbox 1397 1293 1450 1336; x_wconf 82' lang='grc' dir='ltr'>ἄν</span> <span class='ocrx_word' id='word_1_167' title='bbox 1476 1308 1544 1343; x_wconf 87' lang='grc' dir='ltr'>τις</span> <span class='ocrx_word' id='word_1_168' title='bbox 1570 1290 1651 1336; x_wconf 77' lang='grc' dir='ltr'><em>εὕ-</em></span> 
     </span>
     <span class='ocr_line' id='line_1_20' title="bbox 184 1347 1651 1417; baseline -0.007 -15"><span class='ocrx_word' id='word_1_169' title='bbox 184 1376 255 1417; x_wconf 88' lang='grc' dir='ltr'>ροι</span> <span class='ocrx_word' id='word_1_170' title='bbox 275 1377 312 1401; x_wconf 90' lang='grc' dir='ltr'>κ.</span> <span class='ocrx_word' id='word_1_171' title='bbox 334 1373 370 1412; x_wconf 88' lang='grc' dir='ltr'>γ.</span> <span class='ocrx_word' id='word_1_172' title='bbox 391 1374 429 1397; x_wconf 82' lang='grc' dir='ltr'>κ.</span> <span class='ocrx_word' id='word_1_173' title='bbox 450 1351 643 1400; x_wconf 82' lang='grc' dir='ltr'><em>οἰκέταις</em></span> <span class='ocrx_word' id='word_1_174' title='bbox 663 1349 967 1402; x_wconf 81' lang='lat' dir='ltr'>continuasse,</span> <span class='ocrx_word' id='word_1_175' title='bbox 998 1347 1154 1390; x_wconf 85' lang='lat' dir='ltr'>deiude</span> <span class='ocrx_word' id='word_1_176' title='bbox 1179 1354 1280 1405; x_wconf 89' lang='lat' dir='ltr'>post</span> <span class='ocrx_word' id='word_1_177' title='bbox 1298 1349 1557 1392; x_wconf 88' lang='lat' dir='ltr'>sententiam</span> <span class='ocrx_word' id='word_1_178' title='bbox 1584 1351 1651 1392; x_wconf 89' lang='lat' dir='ltr'>in-</span> 
     </span>
     <span class='ocr_line' id='line_1_21' title="bbox 183 1401 1650 1464; baseline -0.015 -4"><span class='ocrx_word' id='word_1_179' title='bbox 183 1415 439 1460; x_wconf 81' lang='lat' dir='ltr'>termediam</span> <span class='ocrx_word' id='word_1_180' title='bbox 461 1405 513 1452; x_wconf 77' lang='grc' dir='ltr'>αἳ</span> <span class='ocrx_word' id='word_1_181' title='bbox 531 1407 582 1464; x_wconf 80' lang='grc' dir='ltr'>δὴ</span> <span class='ocrx_word' id='word_1_182' title='bbox 602 1404 713 1461; x_wconf 83' lang='grc' dir='ltr'><em>μετὰ</em></span> <span class='ocrx_word' id='word_1_183' title='bbox 734 1407 809 1447; x_wconf 85' lang='grc' dir='ltr'><em>νοῦ</em></span> <span class='ocrx_word' id='word_1_184' title='bbox 827 1420 874 1447; x_wconf 85' lang='grc' dir='ltr'>τε</span> <span class='ocrx_word' id='word_1_185' title='bbox 895 1407 968 1447; x_wconf 80' lang='grc' dir='ltr'>καὶ</span> <span class='ocrx_word' id='word_1_186' title='bbox 986 1402 1115 1461; x_wconf 78' lang='grc' dir='ltr'><em>δόξης</em></span> <span class='ocrx_word' id='word_1_187' title='bbox 1136 1401 1278 1460; x_wconf 68' lang='grc' dir='ltr'><em>ὀρθῆς</em></span> <span class='ocrx_word' id='word_1_188' title='bbox 1297 1404 1491 1461; x_wconf 74' lang='grc' dir='ltr'><em>λογισμῷ</em></span> <span class='ocrx_word' id='word_1_189' title='bbox 1512 1404 1650 1462; x_wconf 67' lang='grc' dir='ltr'><em>ἄγον..</em></span> 
     </span>
     <span class='ocr_line' id='line_1_22' title="bbox 179 1460 1647 1521; baseline -0.009 -5"><span class='ocrx_word' id='word_1_190' title='bbox 179 1490 254 1516; x_wconf 87' lang='grc' dir='ltr'>ται</span> <span class='ocrx_word' id='word_1_191' title='bbox 279 1468 646 1514; x_wconf 83' lang='lat' dir='ltr'>constructionem</span> <span class='ocrx_word' id='word_1_192' title='bbox 672 1475 751 1521; x_wconf 86' lang='lat' dir='ltr'>per</span> <span class='ocrx_word' id='word_1_193' title='bbox 781 1462 1070 1503; x_wconf 83' lang='lat' dir='ltr'>anacoluthon</span> <span class='ocrx_word' id='word_1_194' title='bbox 1102 1467 1292 1503; x_wconf 84' lang='lat' dir='ltr'>mutasse</span> <span class='ocrx_word' id='word_1_195' title='bbox 1321 1460 1364 1503; x_wconf 81' lang='grc' dir='ltr'>ἐν</span> <span class='ocrx_word' id='word_1_196' title='bbox 1397 1460 1564 1517; x_wconf 75' lang='grc' dir='ltr'><em>ὀλίγοις</em></span> <span class='ocrx_word' id='word_1_197' title='bbox 1589 1486 1647 1495; x_wconf 81' lang='lat'>—-</span> 
     </span>
     <span class='ocr_line' id='line_1_23' title="bbox 180 1518 1647 1577; baseline -0.008 -4"><span class='ocrx_word' id='word_1_198' title='bbox 180 1526 465 1577; x_wconf 74' lang='grc' dir='ltr'><em>ἐπιτεύξει</em></span> <span class='ocrx_word' id='word_1_199' title='bbox 496 1523 608 1570; x_wconf 82' lang='grc' dir='ltr'><em>κτλ.,</em></span> <span class='ocrx_word' id='word_1_200' title='bbox 658 1533 788 1576; x_wconf 90' lang='lat' dir='ltr'>quum</span> <span class='ocrx_word' id='word_1_201' title='bbox 821 1518 952 1574; x_wconf 81' lang='lat' dir='ltr'>hujus</span> <span class='ocrx_word' id='word_1_202' title='bbox 991 1518 1056 1559; x_wconf 90' lang='lat' dir='ltr'>rei</span> <span class='ocrx_word' id='word_1_203' title='bbox 1095 1518 1260 1559; x_wconf 89' lang='lat' dir='ltr'>nullum</span> <span class='ocrx_word' id='word_1_204' title='bbox 1298 1518 1532 1573; x_wconf 82' lang='lat' dir='ltr'>vestigium</span> <span class='ocrx_word' id='word_1_205' title='bbox 1569 1519 1647 1572; x_wconf 78' lang='lat' dir='ltr'>sit,</span> 
     </span>
     <span class='ocr_line' id='line_1_24' title="bbox 179 1571 1646 1635; baseline -0.008 -6"><span class='ocrx_word' id='word_1_206' title='bbox 179 1584 431 1629; x_wconf 68' lang='lat' dir='ltr'>Mattleiaeo</span> <span class='ocrx_word' id='word_1_207' title='bbox 453 1595 518 1634; x_wconf 84' lang='lat' dir='ltr'>gr.</span> <span class='ocrx_word' id='word_1_208' title='bbox 542 1576 643 1635; x_wconf 86' lang='lat' dir='ltr'>maj.</span> <span class='ocrx_word' id='word_1_209' title='bbox 662 1579 704 1630; x_wconf 87' lang='lat'>§.</span> <span class='ocrx_word' id='word_1_210' title='bbox 721 1575 845 1627; x_wconf 87' lang='lat'><strong>328.‚</strong></span> <span class='ocrx_word' id='word_1_211' title='bbox 875 1573 1050 1615; x_wconf 71' lang='lat' dir='ltr'>Reichio</span> <span class='ocrx_word' id='word_1_212' title='bbox 1068 1581 1112 1615; x_wconf 90' lang='lat' dir='ltr'>et</span> <span class='ocrx_word' id='word_1_213' title='bbox 1130 1571 1307 1626; x_wconf 72' lang='lat' dir='ltr'>Meyero</span> <span class='ocrx_word' id='word_1_214' title='bbox 1333 1588 1416 1616; x_wconf 89' lang='lat' dir='ltr'>non</span> <span class='ocrx_word' id='word_1_215' title='bbox 1443 1575 1646 1617; x_wconf 78' lang='lat' dir='ltr'>concedi·</span> 
     </span>
     <span class='ocr_line' id='line_1_25' title="bbox 180 1628 1645 1693; baseline -0.012 -11"><span class='ocrx_word' id='word_1_216' title='bbox 180 1657 293 1685; x_wconf 87' lang='lat' dir='ltr'>mus.</span> <span class='ocrx_word' id='word_1_217' title='bbox 355 1636 570 1693; x_wconf 85' lang='lat' dir='ltr'>Metaphr.</span> <span class='ocrx_word' id='word_1_218' title='bbox 599 1647 679 1674; x_wconf 88' lang='lat' dir='ltr'>ms.</span> <span class='ocrx_word' id='word_1_219' title='bbox 711 1632 762 1685; x_wconf 86' lang='lat' dir='ltr'>(i.</span> <span class='ocrx_word' id='word_1_220' title='bbox 790 1644 830 1673; x_wconf 88' lang='lat' dir='ltr'>e.</span> <span class='ocrx_word' id='word_1_221' title='bbox 858 1629 1142 1687; x_wconf 81' lang='lat' dir='ltr'>paraphrasis</span> <span class='ocrx_word' id='word_1_222' title='bbox 1162 1628 1345 1671; x_wconf 82' lang='lat' dir='ltr'>Homeri</span> <span class='ocrx_word' id='word_1_223' title='bbox 1371 1633 1426 1672; x_wconf 86' lang='lat' dir='ltr'>ab</span> <span class='ocrx_word' id='word_1_224' title='bbox 1456 1631 1499 1676; x_wconf 79' lang='lat' dir='ltr'>J,</span> <span class='ocrx_word' id='word_1_225' title='bbox 1527 1631 1645 1674; x_wconf 53' lang='grc' dir='ltr'>Βοὴ-</span> 
     </span>
    </p>
   </div>
   <div class='ocr_carea' id='block_1_3' title="bbox 159 1685 1641 2488">
    <p class='ocr_par' dir='ltr' id='par_1_3' title="bbox 159 1685 1641 2488">
     <span class='ocr_line' id='line_1_26' title="bbox 177 1685 1641 1748; baseline -0.014 -6"><span class='ocrx_word' id='word_1_226' title='bbox 177 1699 285 1741; x_wconf 82' lang='lat' dir='ltr'>kero</span> <span class='ocrx_word' id='word_1_227' title='bbox 306 1695 447 1746; x_wconf 85' lang='lat' dir='ltr'>edita,</span> <span class='ocrx_word' id='word_1_228' title='bbox 478 1705 605 1748; x_wconf 85' lang='lat' dir='ltr'>quam</span> <span class='ocrx_word' id='word_1_229' title='bbox 627 1686 826 1730; x_wconf 72' lang='lat' dir='ltr'>Reichius</span> <span class='ocrx_word' id='word_1_230' title='bbox 846 1700 940 1727; x_wconf 79' lang='lat' dir='ltr'>cuin</span> <span class='ocrx_word' id='word_1_231' title='bbox 963 1685 1155 1727; x_wconf 86' lang='lat' dir='ltr'>Homero</span> <span class='ocrx_word' id='word_1_232' title='bbox 1177 1685 1393 1742; x_wconf 76' lang='lat' dir='ltr'>confudit)</span> <span class='ocrx_word' id='word_1_233' title='bbox 1416 1686 1469 1730; x_wconf 85' lang='grc' dir='ltr'>ΙΙ.</span> <span class='ocrx_word' id='word_1_234' title='bbox 1491 1687 1525 1738; x_wconf 84' lang='grc' dir='ltr'>ξ,</span> <span class='ocrx_word' id='word_1_235' title='bbox 1539 1688 1641 1732; x_wconf 80' lang='grc'>450,</span> 
     </span>
     <span class='ocr_line' id='line_1_27' title="bbox 177 1737 1641 1806; baseline -0.01 -9"><span class='ocrx_word' id='word_1_236' title='bbox 177 1754 256 1797; x_wconf 71' lang='grc' dir='ltr'>ἐπὶ</span> <span class='ocrx_word' id='word_1_237' title='bbox 279 1753 420 1806; x_wconf 58' lang='grc' dir='ltr'><em>τοῦτο)</em></span> <span class='ocrx_word' id='word_1_238' title='bbox 451 1750 496 1791; x_wconf 78' lang='grc' dir='ltr'>δὲ</span> <span class='ocrx_word' id='word_1_239' title='bbox 525 1743 548 1788; x_wconf 80' lang='grc' dir='ltr'>ὁ</span> <span class='ocrx_word' id='word_1_240' title='bbox 571 1739 843 1795; x_wconf 78' lang='grc' dir='ltr'><em>Πολυδάμας</em></span> <span class='ocrx_word' id='word_1_241' title='bbox 866 1742 916 1784; x_wconf 84' lang='grc' dir='ltr'><em>τὸ</em></span> <span class='ocrx_word' id='word_1_242' title='bbox 943 1741 1053 1796; x_wconf 78' lang='grc' dir='ltr'><em>δόρυ</em></span> <span class='ocrx_word' id='word_1_243' title='bbox 1081 1739 1234 1791; x_wconf 87' lang='grc' dir='ltr'><em>σείων,</em></span> <span class='ocrx_word' id='word_1_244' title='bbox 1275 1737 1387 1798; x_wconf 68' lang='grc' dir='ltr'><em>ἦλθε</em></span> <span class='ocrx_word' id='word_1_245' title='bbox 1413 1743 1586 1799; x_wconf 66' lang='grc' dir='ltr'><em>βοηθὸς</em></span> <span class='ocrx_word' id='word_1_246' title='bbox 1617 1740 1641 1786; x_wconf 86' lang='grc' dir='ltr'><em>ὃ</em></span> 
     </span>
     <span class='ocr_line' id='line_1_28' title="bbox 175 1796 1641 1855; baseline -0.003 -10"><span class='ocrx_word' id='word_1_247' title='bbox 175 1809 367 1852; x_wconf 67' lang='grc' dir='ltr'><em>Πάνθου</em></span> <span class='ocrx_word' id='word_1_248' title='bbox 385 1804 499 1855; x_wconf 61' lang='lat' dir='ltr'>vioe·</span> <span class='ocrx_word' id='word_1_249' title='bbox 533 1801 761 1850; x_wconf 75' lang='grc' dir='ltr'><em>ἐπέτυχε</em></span> <span class='ocrx_word' id='word_1_250' title='bbox 794 1799 842 1841; x_wconf 81' lang='grc' dir='ltr'>δὲ</span> <span class='ocrx_word' id='word_1_251' title='bbox 862 1796 1245 1854; x_wconf 67' lang='grc' dir='ltr'><em>Προθοήνορα</em></span> <span class='ocrx_word' id='word_1_252' title='bbox 1271 1798 1379 1840; x_wconf 83' lang='grc' dir='ltr'><em>κατὰ</em></span> <span class='ocrx_word' id='word_1_253' title='bbox 1398 1800 1474 1841; x_wconf 85' lang='grc' dir='ltr'><em>τὸν</em></span> <span class='ocrx_word' id='word_1_254' title='bbox 1496 1798 1641 1849; x_wconf 82' lang='grc' dir='ltr'><em>δεξιὸν</em></span> 
     </span>
     <span class='ocr_line' id='line_1_29' title="bbox 175 1851 1640 1920; baseline -0.007 -12"><span class='ocrx_word' id='word_1_255' title='bbox 175 1864 316 1920; x_wconf 80' lang='grc' dir='ltr'><em>ὦμον,</em></span> <span class='ocrx_word' id='word_1_256' title='bbox 352 1861 428 1906; x_wconf 84' lang='grc' dir='ltr'><em>τὸν</em></span> <span class='ocrx_word' id='word_1_257' title='bbox 454 1858 533 1903; x_wconf 86' lang='grc' dir='ltr'>τοῦ</span> <span class='ocrx_word' id='word_1_258' title='bbox 557 1852 820 1913; x_wconf 73' lang='grc' dir='ltr'><em>Ἀρηϊλύκου</em></span> <span class='ocrx_word' id='word_1_259' title='bbox 845 1851 941 1896; x_wconf 75' lang='grc' dir='ltr'><em>υἱόν</em></span> <span class='ocrx_word' id='word_1_260' title='bbox 969 1853 1234 1903; x_wconf 55' lang='lat' dir='ltr'>(Homerum</span> <span class='ocrx_word' id='word_1_261' title='bbox 1270 1851 1405 1907; x_wconf 81' lang='grc' dir='ltr'><em>βάλε</em></span> <span class='ocrx_word' id='word_1_262' title='bbox 1435 1856 1483 1898; x_wconf 81' lang='grc' dir='ltr'>δὲ</span> <span class='ocrx_word' id='word_1_263' title='bbox 1509 1855 1640 1911; x_wconf 87' lang='grc' dir='ltr'><em>Προ-</em></span> 
     </span>
     <span class='ocr_line' id='line_1_30' title="bbox 172 1908 1638 1979; baseline -0.008 -16"><span class='ocrx_word' id='word_1_264' title='bbox 172 1921 376 1979; x_wconf 68' lang='grc' dir='ltr'><em>θοήνορα</em></span> <span class='ocrx_word' id='word_1_265' title='bbox 398 1916 541 1968; x_wconf 79' lang='grc' dir='ltr'><em>δεξιὸν</em></span> <span class='ocrx_word' id='word_1_266' title='bbox 560 1910 699 1967; x_wconf 80' lang='grc' dir='ltr'><em>ὦμον,</em></span> <span class='ocrx_word' id='word_1_267' title='bbox 728 1913 733 1968; x_wconf 82' lang='grc' dir='ltr'>Ι</span> <span class='ocrx_word' id='word_1_268' title='bbox 759 1909 854 1953; x_wconf 73' lang='grc' dir='ltr'><em>υἱὸν</em></span> <span class='ocrx_word' id='word_1_269' title='bbox 869 1909 1183 1966; x_wconf 83' lang='grc' dir='ltr'><em>Ἀρηϊλύκοιο).</em></span> <span class='ocrx_word' id='word_1_270' title='bbox 1245 1908 1314 1952; x_wconf 87' lang='lat' dir='ltr'>Ibi</span> <span class='ocrx_word' id='word_1_271' title='bbox 1337 1909 1638 1966; x_wconf 80' lang='grc' dir='ltr'><em>ἐπιτυγχάνειν</em></span> 
     </span>
     <span class='ocr_line' id='line_1_31' title="bbox 171 1964 1636 2039; baseline -0.008 -18"><span class='ocrx_word' id='word_1_272' title='bbox 171 1979 269 2022; x_wconf 82' lang='grc' dir='ltr'><em>τινά</em></span> <span class='ocrx_word' id='word_1_273' title='bbox 289 1978 497 2032; x_wconf 78' lang='lat' dir='ltr'>aliquem,</span> <span class='ocrx_word' id='word_1_274' title='bbox 535 1973 580 2014; x_wconf 76' lang='lat' dir='ltr'>in</span> <span class='ocrx_word' id='word_1_275' title='bbox 598 1983 719 2039; x_wconf 57' lang='lat' dir='ltr'>quem</span> <span class='ocrx_word' id='word_1_276' title='bbox 748 1969 877 2009; x_wconf 74' lang='lat' dir='ltr'>ictum</span> <span class='ocrx_word' id='word_1_277' title='bbox 904 1967 1159 2019; x_wconf 75' lang='lat' dir='ltr'>intenderis,</span> <span class='ocrx_word' id='word_1_278' title='bbox 1196 1964 1396 2021; x_wconf 79' lang='lat' dir='ltr'>ferire,</span> <span class='ocrx_word' id='word_1_279' title='bbox 1432 1981 1636 2020; x_wconf 78' lang='lat' dir='ltr'>percu-</span> 
     </span>
     <span class='ocr_line' id='line_1_32' title="bbox 168 2021 1635 2087; baseline 0.006 -28"><span class='ocrx_word' id='word_1_280' title='bbox 168 2041 286 2078; x_wconf 58' lang='lat' dir='ltr'>tere</span> <span class='ocrx_word' id='word_1_281' title='bbox 313 2034 533 2087; x_wconf 64' lang='lat' dir='ltr'>designat.</span> <span class='ocrx_word' id='word_1_282' title='bbox 593 2028 642 2070; x_wconf 69' lang='lat' dir='ltr'>b.</span> <span class='ocrx_word' id='word_1_283' title='bbox 665 2025 724 2068; x_wconf 84' lang='lat' dir='ltr'>V.</span> <span class='ocrx_word' id='word_1_284' title='bbox 744 2022 1144 2075; x_wconf 73' lang='lat' dir='ltr'>Bretsclzneiderns,</span> <span class='ocrx_word' id='word_1_285' title='bbox 1171 2023 1238 2064; x_wconf 91' lang='lat' dir='ltr'>vir</span> <span class='ocrx_word' id='word_1_286' title='bbox 1267 2024 1496 2078; x_wconf 82' lang='lat' dir='ltr'>egregius,</span> <span class='ocrx_word' id='word_1_287' title='bbox 1524 2021 1635 2069; x_wconf 78' lang='lat' dir='ltr'>Lex.</span> 
     </span>
     <span class='ocr_line' id='line_1_33' title="bbox 168 2075 1634 2143; baseline -0.01 -10"><span class='ocrx_word' id='word_1_288' title='bbox 168 2091 322 2143; x_wconf 84' lang='lat' dir='ltr'>J,480.</span> <span class='ocrx_word' id='word_1_289' title='bbox 354 2090 467 2130; x_wconf 85' lang='lat' dir='ltr'>hunc</span> <span class='ocrx_word' id='word_1_290' title='bbox 497 2086 529 2129; x_wconf 89' lang='lat' dir='ltr'>l.</span> <span class='ocrx_word' id='word_1_291' title='bbox 561 2084 625 2125; x_wconf 88' lang='lat' dir='ltr'>sie</span> <span class='ocrx_word' id='word_1_292' title='bbox 657 2080 893 2136; x_wconf 86' lang='lat' dir='ltr'>explicuit:</span> <span class='ocrx_word' id='word_1_293' title='bbox 923 2103 977 2111; x_wconf 92' lang='lat'>—-</span> <span class='ocrx_word' id='word_1_294' title='bbox 1005 2079 1137 2120; x_wconf 81' lang='grc' dir='ltr'><em>τοῦτο</em></span> <span class='ocrx_word' id='word_1_295' title='bbox 1170 2075 1248 2120; x_wconf 81' lang='grc' dir='ltr'><em>οὐκ</em></span> <span class='ocrx_word' id='word_1_296' title='bbox 1278 2078 1484 2131; x_wconf 77' lang='grc' dir='ltr'><em>ἐπέτυχεν</em></span> <span class='ocrx_word' id='word_1_297' title='bbox 1513 2080 1634 2134; x_wconf 82' lang='lat' dir='ltr'>(scil.</span> 
     </span>
     <span class='ocr_line' id='line_1_34' title="bbox 169 2132 1635 2204; baseline -0.008 -15"><span class='ocrx_word' id='word_1_298' title='bbox 169 2146 309 2203; x_wconf 76' lang='grc' dir='ltr'><em>αὐτῷ,</em></span> <span class='ocrx_word' id='word_1_299' title='bbox 341 2147 402 2201; x_wconf 72' lang='grc' dir='ltr'><em>τῷ</em></span> <span class='ocrx_word' id='word_1_300' title='bbox 420 2140 629 2198; x_wconf 67' lang='grc' dir='ltr'><em>Ἰσραὴλ),</em></span> <span class='ocrx_word' id='word_1_301' title='bbox 651 2134 676 2194; x_wconf 83' lang='grc' dir='ltr'>ἡ</span> <span class='ocrx_word' id='word_1_302' title='bbox 698 2139 746 2179; x_wconf 77' lang='grc' dir='ltr'>ὁὲ</span> <span class='ocrx_word' id='word_1_303' title='bbox 766 2133 924 2192; x_wconf 70' lang='grc' dir='ltr'><em>ἐκλογή</em></span> <span class='ocrx_word' id='word_1_304' title='bbox 943 2133 1149 2186; x_wconf 80' lang='grc' dir='ltr'><em>ἐπέτυχεν</em></span> <span class='ocrx_word' id='word_1_305' title='bbox 1165 2149 1238 2191; x_wconf 87' lang='lat' dir='ltr'>up.</span> <span class='ocrx_word' id='word_1_306' title='bbox 1259 2132 1378 2204; x_wconf 51' lang='grc' dir='ltr'><em>αὐτῇ</em></span> <span class='ocrx_word' id='word_1_307' title='bbox 1394 2149 1522 2191; x_wconf 77' lang='lat' dir='ltr'>queem</span> <span class='ocrx_word' id='word_1_308' title='bbox 1543 2150 1635 2178; x_wconf 87' lang='lat' dir='ltr'>rem</span> 
     </span>
     <span class='ocr_line' id='line_1_35' title="bbox 169 2189 1634 2248; baseline -0.007 -4"><span class='ocrx_word' id='word_1_309' title='bbox 169 2203 401 2246; x_wconf 71' lang='lat' dir='ltr'>Israelitae</span> <span class='ocrx_word' id='word_1_310' title='bbox 423 2199 690 2245; x_wconf 71' lang='lat' dir='ltr'>desiderant,</span> <span class='ocrx_word' id='word_1_311' title='bbox 719 2208 771 2235; x_wconf 82' lang='lat' dir='ltr'>ea</span> <span class='ocrx_word' id='word_1_312' title='bbox 790 2193 841 2233; x_wconf 75' lang='lat' dir='ltr'>iis</span> <span class='ocrx_word' id='word_1_313' title='bbox 858 2206 938 2233; x_wconf 82' lang='lat' dir='ltr'>non</span> <span class='ocrx_word' id='word_1_314' title='bbox 957 2189 1154 2245; x_wconf 75' lang='lat' dir='ltr'>contiyz&#39;t,</span> <span class='ocrx_word' id='word_1_315' title='bbox 1189 2191 1264 2233; x_wconf 83' lang='lat' dir='ltr'>sed</span> <span class='ocrx_word' id='word_1_316' title='bbox 1292 2189 1318 2248; x_wconf 81' lang='grc' dir='ltr'><em>ἦ</em></span> <span class='ocrx_word' id='word_1_317' title='bbox 1350 2191 1549 2248; x_wconf 86' lang='grc' dir='ltr'><em>εκλογή</em></span> <span class='ocrx_word' id='word_1_318' title='bbox 1579 2191 1634 2234; x_wconf 73' lang='lat' dir='ltr'>iis</span> 
     </span>
     <span class='ocr_line' id='line_1_36' title="bbox 165 2247 1634 2313; baseline -0.008 -11"><span class='ocrx_word' id='word_1_319' title='bbox 165 2259 354 2313; x_wconf 66' lang='lat' dir='ltr'>contiyzt.</span> <span class='ocrx_word' id='word_1_320' title='bbox 424 2255 547 2298; x_wconf 87' lang='lat' dir='ltr'>Haec</span> <span class='ocrx_word' id='word_1_321' title='bbox 575 2249 907 2307; x_wconf 80' lang='lat' dir='ltr'>interpretatio,</span> <span class='ocrx_word' id='word_1_322' title='bbox 947 2260 1057 2303; x_wconf 86' lang='lat' dir='ltr'>quae</span> <span class='ocrx_word' id='word_1_323' title='bbox 1086 2247 1316 2289; x_wconf 77' lang='lat' dir='ltr'>Koellnero</span> <span class='ocrx_word' id='word_1_324' title='bbox 1345 2247 1533 2304; x_wconf 80' lang='lat' dir='ltr'>placuit,</span> <span class='ocrx_word' id='word_1_325' title='bbox 1562 2247 1634 2290; x_wconf 86' lang='lat' dir='ltr'>vel</span> 
     </span>
     <span class='ocr_line' id='line_1_37' title="bbox 164 2300 1632 2373; baseline -0.007 -16"><span class='ocrx_word' id='word_1_326' title='bbox 164 2322 398 2373; x_wconf 85' lang='lat' dir='ltr'>propterea</span> <span class='ocrx_word' id='word_1_327' title='bbox 417 2311 520 2354; x_wconf 87' lang='lat' dir='ltr'>iniri</span> <span class='ocrx_word' id='word_1_328' title='bbox 541 2308 716 2365; x_wconf 88' lang='lat' dir='ltr'>nequit,</span> <span class='ocrx_word' id='word_1_329' title='bbox 745 2304 860 2360; x_wconf 83' lang='lat' dir='ltr'>quod</span> <span class='ocrx_word' id='word_1_330' title='bbox 878 2302 1040 2346; x_wconf 83' lang='lat' dir='ltr'>Graeci</span> <span class='ocrx_word' id='word_1_331' title='bbox 1062 2315 1146 2344; x_wconf 90' lang='lat' dir='ltr'>non</span> <span class='ocrx_word' id='word_1_332' title='bbox 1168 2302 1374 2345; x_wconf 86' lang='lat' dir='ltr'>dixerunt</span> <span class='ocrx_word' id='word_1_333' title='bbox 1392 2300 1632 2358; x_wconf 76' lang='grc' dir='ltr'><em>ἐπιτυγχά-</em></span> 
     </span>
     <span class='ocr_line' id='line_1_38' title="bbox 163 2357 1630 2416; baseline -0.008 -2"><span class='ocrx_word' id='word_1_334' title='bbox 163 2388 227 2414; x_wconf 89' lang='grc' dir='ltr'>νει</span> <span class='ocrx_word' id='word_1_335' title='bbox 255 2367 342 2412; x_wconf 87' lang='grc' dir='ltr'><em>τινί</em></span> <span class='ocrx_word' id='word_1_336' title='bbox 357 2385 401 2411; x_wconf 88' lang='grc' dir='ltr'>τι</span> <span class='ocrx_word' id='word_1_337' title='bbox 419 2367 555 2411; x_wconf 78' lang='lat' dir='ltr'>evenit</span> <span class='ocrx_word' id='word_1_338' title='bbox 573 2380 642 2407; x_wconf 81' lang='lat' dir='ltr'>res</span> <span class='ocrx_word' id='word_1_339' title='bbox 658 2362 788 2405; x_wconf 66' lang='lat' dir='ltr'>alicua·</span> <span class='ocrx_word' id='word_1_340' title='bbox 798 2392 810 2416; x_wconf 85' lang='grc'>,</span> <span class='ocrx_word' id='word_1_341' title='bbox 841 2360 955 2402; x_wconf 89' lang='lat' dir='ltr'>sicut</span> <span class='ocrx_word' id='word_1_342' title='bbox 973 2361 1169 2412; x_wconf 81' lang='grc' dir='ltr'><em>τυγχάνει</em></span> <span class='ocrx_word' id='word_1_343' title='bbox 1186 2357 1271 2400; x_wconf 88' lang='grc' dir='ltr'><em>τινί</em></span> <span class='ocrx_word' id='word_1_344' title='bbox 1288 2373 1329 2400; x_wconf 90' lang='grc' dir='ltr'>τι</span> <span class='ocrx_word' id='word_1_345' title='bbox 1358 2363 1472 2401; x_wconf 75' lang='lat' dir='ltr'>sorte</span> <span class='ocrx_word' id='word_1_346' title='bbox 1499 2358 1630 2402; x_wconf 75' lang='lat' dir='ltr'>alicui</span> 
     </span>
     <span class='ocr_line' id='line_1_39' title="bbox 159 2413 1630 2488; baseline -0.01 -16"><span class='ocrx_word' id='word_1_347' title='bbox 159 2443 230 2472; x_wconf 83' lang='lat' dir='ltr'>res</span> <span class='ocrx_word' id='word_1_348' title='bbox 256 2426 417 2469; x_wconf 73' lang='lat' dir='ltr'>obvenit</span> <span class='ocrx_word' id='word_1_349' title='bbox 447 2424 718 2488; x_wconf 85' lang='lat' dir='ltr'>usurparunt</span> <span class='ocrx_word' id='word_1_350' title='bbox 741 2419 803 2473; x_wconf 80' lang='grc' dir='ltr'>(ν.</span> <span class='ocrx_word' id='word_1_351' title='bbox 825 2417 931 2459; x_wconf 82' lang='lat' dir='ltr'>Lex.</span> <span class='ocrx_word' id='word_1_352' title='bbox 960 2417 1065 2470; x_wconf 62' lang='lat' dir='ltr'>gn).</span> <span class='ocrx_word' id='word_1_353' title='bbox 1123 2413 1399 2457; x_wconf 74' lang='lat' dir='ltr'>Matthaeius</span> <span class='ocrx_word' id='word_1_354' title='bbox 1423 2414 1492 2458; x_wconf 85' lang='lat' dir='ltr'>ed.</span> <span class='ocrx_word' id='word_1_355' title='bbox 1526 2416 1630 2460; x_wconf 85' lang='lat' dir='ltr'>min.</span> 
     </span>
    </p>
   </div>
   <div class='ocr_carea' id='block_1_4' title="bbox 158 2469 1629 2582">
    <p class='ocr_par' dir='ltr' id='par_1_4' title="bbox 158 2469 1629 2582">
     <span class='ocr_line' id='line_1_40' title="bbox 161 2469 1629 2538; baseline -0.008 -13"><span class='ocrx_word' id='word_1_356' title='bbox 161 2486 272 2526; x_wconf 87' lang='lat' dir='ltr'>hanc</span> <span class='ocrx_word' id='word_1_357' title='bbox 292 2483 696 2538; x_wconf 76' lang='lat' dir='ltr'>interpretationem</span> <span class='ocrx_word' id='word_1_358' title='bbox 717 2473 969 2532; x_wconf 88' lang='lat' dir='ltr'>proposuit:</span> <span class='ocrx_word' id='word_1_359' title='bbox 1001 2470 1117 2528; x_wconf 86' lang='lat' dir='ltr'>quod</span> <span class='ocrx_word' id='word_1_360' title='bbox 1139 2469 1373 2512; x_wconf 84' lang='lat' dir='ltr'>Israelitae</span> <span class='ocrx_word' id='word_1_361' title='bbox 1397 2476 1629 2527; x_wconf 83' lang='lat' dir='ltr'>appetunt,</span> 
     </span>
     <span class='ocr_line' id='line_1_41' title="bbox 158 2526 1629 2582; baseline -0.009 0"><span class='ocrx_word' id='word_1_362' title='bbox 158 2542 205 2582; x_wconf 72' lang='lat' dir='ltr'>in</span> <span class='ocrx_word' id='word_1_363' title='bbox 226 2553 273 2580; x_wconf 86' lang='lat' dir='ltr'>eo</span> <span class='ocrx_word' id='word_1_364' title='bbox 301 2537 488 2580; x_wconf 67' lang='lat' dir='ltr'>secunda</span> <span class='ocrx_word' id='word_1_365' title='bbox 520 2532 693 2577; x_wconf 69' lang='lat' dir='ltr'>fortuna</span> <span class='ocrx_word' id='word_1_366' title='bbox 728 2545 810 2571; x_wconf 86' lang='lat' dir='ltr'>uon</span> <span class='ocrx_word' id='word_1_367' title='bbox 843 2529 913 2571; x_wconf 84' lang='lat' dir='ltr'>usi</span> <span class='ocrx_word' id='word_1_368' title='bbox 942 2534 1069 2578; x_wconf 87' lang='lat' dir='ltr'>sunt,</span> <span class='ocrx_word' id='word_1_369' title='bbox 1105 2526 1181 2568; x_wconf 85' lang='lat' dir='ltr'>sed</span> <span class='ocrx_word' id='word_1_370' title='bbox 1209 2526 1366 2568; x_wconf 87' lang='lat' dir='ltr'>delecti</span> <span class='ocrx_word' id='word_1_371' title='bbox 1393 2527 1629 2569; x_wconf 76' lang='lat' dir='ltr'>israelitae</span> 
     </span>
    </p>
   </div>
   <div class='ocr_carea' id='block_1_5' title="bbox 151 2581 1626 2928">
    <p class='ocr_par' dir='ltr' id='par_1_5' title="bbox 151 2581 1626 2928">
     <span class='ocr_line' id='line_1_42' title="bbox 159 2581 1626 2652; baseline -0.007 -17"><span class='ocrx_word' id='word_1_372' title='bbox 159 2609 415 2652; x_wconf 78' lang='lat' dir='ltr'>prosperam</span> <span class='ocrx_word' id='word_1_373' title='bbox 449 2596 665 2635; x_wconf 77' lang='lat' dir='ltr'>fortunam</span> <span class='ocrx_word' id='word_1_374' title='bbox 699 2587 957 2628; x_wconf 81' lang='lat' dir='ltr'>hahuerunt.</span> <span class='ocrx_word' id='word_1_375' title='bbox 1018 2584 1077 2626; x_wconf 86' lang='lat' dir='ltr'>V.</span> <span class='ocrx_word' id='word_1_376' title='bbox 1102 2581 1415 2628; x_wconf 76' lang='lat' dir='ltr'>XemHessen.</span> <span class='ocrx_word' id='word_1_377' title='bbox 1445 2584 1542 2634; x_wconf 83' lang='grc'>4.,5,</span> <span class='ocrx_word' id='word_1_378' title='bbox 1558 2585 1626 2629; x_wconf 82' lang='lat'>19.</span> 
     </span>
     <span class='ocr_line' id='line_1_43' title="bbox 158 2637 1626 2701; baseline -0.009 -7"><span class='ocrx_word' id='word_1_379' title='bbox 158 2653 204 2694; x_wconf 77' lang='grc' dir='ltr'>ἐκ</span> <span class='ocrx_word' id='word_1_380' title='bbox 224 2649 383 2693; x_wconf 78' lang='grc' dir='ltr'><em>τούτου</em></span> <span class='ocrx_word' id='word_1_381' title='bbox 405 2651 450 2692; x_wconf 68' lang='grc' dir='ltr'>δεῖ</span> <span class='ocrx_word' id='word_1_382' title='bbox 471 2649 591 2701; x_wconf 75' lang='grc' dir='ltr'><em>μάλα</em></span> <span class='ocrx_word' id='word_1_383' title='bbox 608 2647 680 2686; x_wconf 78' lang='grc' dir='ltr'>καὶ</span> <span class='ocrx_word' id='word_1_384' title='bbox 703 2643 766 2683; x_wconf 79' lang='grc' dir='ltr'><em>τᾶ</em></span> <span class='ocrx_word' id='word_1_385' title='bbox 779 2643 874 2683; x_wconf 87' lang='grc' dir='ltr'>λλα</span> <span class='ocrx_word' id='word_1_386' title='bbox 905 2640 1042 2698; x_wconf 85' lang='lat' dir='ltr'>(quod</span> <span class='ocrx_word' id='word_1_387' title='bbox 1062 2640 1115 2680; x_wconf 86' lang='lat' dir='ltr'>ad</span> <span class='ocrx_word' id='word_1_388' title='bbox 1135 2645 1276 2680; x_wconf 87' lang='lat' dir='ltr'>cetera</span> <span class='ocrx_word' id='word_1_389' title='bbox 1308 2640 1487 2694; x_wconf 88' lang='lat' dir='ltr'>attinet)</span> <span class='ocrx_word' id='word_1_390' title='bbox 1516 2637 1626 2682; x_wconf 72' lang='grc' dir='ltr'><em>ἑπε-</em></span> 
     </span>
     <span class='ocr_line' id='line_1_44' title="bbox 156 2693 1622 2762; baseline -0.001 -23"><span class='ocrx_word' id='word_1_391' title='bbox 156 2704 623 2762; x_wconf 54' lang='grc' dir='ltr'>τύγχωιὸμἸφικράτης</span> <span class='ocrx_word' id='word_1_392' title='bbox 643 2701 697 2743; x_wconf 87' lang='lat' dir='ltr'>cl.</span> <span class='ocrx_word' id='word_1_393' title='bbox 717 2699 908 2752; x_wconf 72' lang='lat'>4,8,21..</span> <span class='ocrx_word' id='word_1_394' title='bbox 968 2699 1036 2738; x_wconf 82' lang='lat' dir='ltr'>At</span> <span class='ocrx_word' id='word_1_395' title='bbox 1065 2693 1298 2736; x_wconf 83' lang='lat' dir='ltr'>Israelitae</span> <span class='ocrx_word' id='word_1_396' title='bbox 1326 2696 1367 2737; x_wconf 92' lang='lat' dir='ltr'>in</span> <span class='ocrx_word' id='word_1_397' title='bbox 1397 2695 1567 2738; x_wconf 88' lang='lat' dir='ltr'>delectu</span> <span class='ocrx_word' id='word_1_398' title='bbox 1597 2710 1622 2738; x_wconf 88' lang='lat' dir='ltr'>a</span> 
     </span>
     <span class='ocr_line' id='line_1_45' title="bbox 156 2752 1620 2819; baseline -0.004 -14"><span class='ocrx_word' id='word_1_399' title='bbox 156 2764 252 2805; x_wconf 80' lang='lat' dir='ltr'>Deo</span> <span class='ocrx_word' id='word_1_400' title='bbox 284 2761 513 2819; x_wconf 82' lang='lat' dir='ltr'>praeteriti</span> <span class='ocrx_word' id='word_1_401' title='bbox 544 2758 702 2800; x_wconf 73' lang='lat' dir='ltr'>nullum</span> <span class='ocrx_word' id='word_1_402' title='bbox 736 2769 941 2812; x_wconf 85' lang='lat' dir='ltr'>prorsus,</span> <span class='ocrx_word' id='word_1_403' title='bbox 988 2759 1034 2794; x_wconf 81' lang='lat' dir='ltr'>ut</span> <span class='ocrx_word' id='word_1_404' title='bbox 1065 2752 1330 2799; x_wconf 58' lang='lat' dir='ltr'>felicitatem</span> <span class='ocrx_word' id='word_1_405' title='bbox 1360 2752 1620 2794; x_wconf 65' lang='lat' dir='ltr'>mes-slanam</span> 
     </span>
     <span class='ocr_line' id='line_1_46' title="bbox 154 2808 1622 2876; baseline -0.007 -16"><span class='ocrx_word' id='word_1_406' title='bbox 154 2820 529 2876; x_wconf 79' lang='lat' dir='ltr'>adipiscerentur,</span> <span class='ocrx_word' id='word_1_407' title='bbox 577 2819 777 2855; x_wconf 86' lang='lat' dir='ltr'>conatum</span> <span class='ocrx_word' id='word_1_408' title='bbox 811 2817 1044 2863; x_wconf 83' lang='lat' dir='ltr'>ceperunt,</span> <span class='ocrx_word' id='word_1_409' title='bbox 1091 2808 1131 2848; x_wconf 89' lang='lat' dir='ltr'>in</span> <span class='ocrx_word' id='word_1_410' title='bbox 1164 2823 1248 2864; x_wconf 82' lang='lat' dir='ltr'>quo</span> <span class='ocrx_word' id='word_1_411' title='bbox 1277 2814 1353 2851; x_wconf 87' lang='lat' dir='ltr'>aut</span> <span class='ocrx_word' id='word_1_412' title='bbox 1379 2809 1535 2850; x_wconf 85' lang='lat' dir='ltr'>adesse</span> <span class='ocrx_word' id='word_1_413' title='bbox 1565 2808 1622 2850; x_wconf 86' lang='lat' dir='ltr'>iis</span> 
     </span>
     <span class='ocr_line' id='line_1_47' title="bbox 151 2863 1620 2928; baseline -0.008 -10"><span class='ocrx_word' id='word_1_414' title='bbox 151 2876 338 2919; x_wconf 84' lang='lat' dir='ltr'>secunda</span> <span class='ocrx_word' id='word_1_415' title='bbox 360 2877 531 2916; x_wconf 68' lang='lat' dir='ltr'>fortuna</span> <span class='ocrx_word' id='word_1_416' title='bbox 556 2875 727 2928; x_wconf 76' lang='lat' dir='ltr'>posset,</span> <span class='ocrx_word' id='word_1_417' title='bbox 759 2874 834 2910; x_wconf 85' lang='lat' dir='ltr'>aut</span> <span class='ocrx_word' id='word_1_418' title='bbox 854 2868 1032 2910; x_wconf 84' lang='lat' dir='ltr'>deesse:</span> <span class='ocrx_word' id='word_1_419' title='bbox 1060 2863 1184 2907; x_wconf 76' lang='lat' dir='ltr'>tidem</span> <span class='ocrx_word' id='word_1_420' title='bbox 1206 2865 1317 2908; x_wconf 88' lang='lat' dir='ltr'>enim</span> <span class='ocrx_word' id='word_1_421' title='bbox 1341 2878 1474 2922; x_wconf 85' lang='lat' dir='ltr'>quum</span> <span class='ocrx_word' id='word_1_422' title='bbox 1495 2863 1620 2907; x_wconf 84' lang='lat' dir='ltr'>Deus</span> 
     </span>
    </p>
   </div>
  </div>
 </body>
</html>
