<?xml version="1.0" encoding="UTF-8"?>
<!DOCTYPE html PUBLIC "-//W3C//DTD XHTML 1.0 Transitional//EN"
    "http://www.w3.org/TR/xhtml1/DTD/xhtml1-transitional.dtd">
<html xmlns="http://www.w3.org/1999/xhtml" xml:lang="en" lang="en">
 <head>
  <title>
</title>
<meta http-equiv="Content-Type" content="text/html;charset=utf-8" />
  <meta name='ocr-system' content='tesseract 3.04.00' />
  <meta name='ocr-capabilities' content='ocr_page ocr_carea ocr_par ocr_line ocrx_word'/>
</head>
<body>
  <div class='ocr_page' id='page_1' title='image "./pauliadromanosep02frituoft/pauliadromanosep02frituoft_0256.png"; bbox 0 0 1715 3115; ppageno 0'>
   <div class='ocr_carea' id='block_1_1' title="bbox 147 208 1336 256">
    <p class='ocr_par' dir='ltr' id='par_1_1' title="bbox 147 208 1336 256">
     <span class='ocr_line' id='line_1_1' title="bbox 147 208 1336 256; baseline 0 0"><span class='ocrx_word' id='word_1_1' title='bbox 147 214 235 256; x_wconf 76' lang='lat'>242</span> <span class='ocrx_word' id='word_1_2' title='bbox 422 208 804 253; x_wconf 85' lang='lat' dir='ltr'><strong>EPISTOLA</strong></span> <span class='ocrx_word' id='word_1_3' title='bbox 835 209 939 254; x_wconf 86' lang='lat' dir='ltr'>AD</span> <span class='ocrx_word' id='word_1_4' title='bbox 972 209 1336 256; x_wconf 81' lang='lat' dir='ltr'><strong>ROMANOS</strong></span> 
     </span>
    </p>
   </div>
   <div class='ocr_carea' id='block_1_2' title="bbox 152 316 1686 2515">
    <p class='ocr_par' dir='ltr' id='par_1_2' title="bbox 152 316 1686 2515">
     <span class='ocr_line' id='line_1_2' title="bbox 152 316 1629 375; baseline 0 -15"><span class='ocrx_word' id='word_1_5' title='bbox 152 320 241 362; x_wconf 81' lang='lat' dir='ltr'>div.</span> <span class='ocrx_word' id='word_1_6' title='bbox 261 317 465 375; x_wconf 83' lang='lat' dir='ltr'>spiritum</span> <span class='ocrx_word' id='word_1_7' title='bbox 485 319 643 357; x_wconf 87' lang='lat' dir='ltr'>testem</span> <span class='ocrx_word' id='word_1_8' title='bbox 673 316 886 358; x_wconf 73' lang='lat' dir='ltr'><strong>excitasse</strong></span> <span class='ocrx_word' id='word_1_9' title='bbox 916 317 1054 360; x_wconf 85' lang='lat' dir='ltr'>videri</span> <span class='ocrx_word' id='word_1_10' title='bbox 1074 316 1351 372; x_wconf 60' lang='lat' dir='ltr'>debeam.*).</span> <span class='ocrx_word' id='word_1_11' title='bbox 1409 316 1498 361; x_wconf 89' lang='lat' dir='ltr'>Sed</span> <span class='ocrx_word' id='word_1_12' title='bbox 1519 318 1629 360; x_wconf 81' lang='lat' dir='ltr'>haec</span> 
     </span>
     <span class='ocr_line' id='line_1_3' title="bbox 155 372 1630 439; baseline -0.001 -21"><span class='ocrx_word' id='word_1_13' title='bbox 155 389 329 433; x_wconf 81' lang='lat' dir='ltr'>quoque</span> <span class='ocrx_word' id='word_1_14' title='bbox 361 372 667 439; x_wconf 73' lang='lat' dir='ltr'>interpretatio</span> <span class='ocrx_word' id='word_1_15' title='bbox 694 373 906 416; x_wconf 81' lang='lat' dir='ltr'>orationis</span> <span class='ocrx_word' id='word_1_16' title='bbox 934 375 1269 417; x_wconf 81' lang='lat' dir='ltr'>concinnitatem</span> <span class='ocrx_word' id='word_1_17' title='bbox 1290 375 1428 419; x_wconf 89' lang='lat' dir='ltr'>tollit.</span> <span class='ocrx_word' id='word_1_18' title='bbox 1485 374 1630 417; x_wconf 82' lang='lat' dir='ltr'>Mani-</span> 
     </span>
     <span class='ocr_line' id='line_1_4' title="bbox 155 427 1630 488; baseline -0.002 -13"><span class='ocrx_word' id='word_1_19' title='bbox 155 436 315 475; x_wconf 73' lang='lat' dir='ltr'>festum</span> <span class='ocrx_word' id='word_1_20' title='bbox 335 435 403 471; x_wconf 84' lang='lat' dir='ltr'>est</span> <span class='ocrx_word' id='word_1_21' title='bbox 422 443 560 479; x_wconf 84' lang='lat' dir='ltr'>emm,</span> <span class='ocrx_word' id='word_1_22' title='bbox 590 443 706 473; x_wconf 84' lang='lat' dir='ltr'>vocc.</span> <span class='ocrx_word' id='word_1_23' title='bbox 729 427 782 470; x_wconf 82' lang='grc' dir='ltr'>οὐ</span> <span class='ocrx_word' id='word_1_24' title='bbox 808 429 1033 485; x_wconf 75' lang='grc' dir='ltr'><strong><em>ψεύδομαι</em></strong></span> <span class='ocrx_word' id='word_1_25' title='bbox 1062 428 1106 472; x_wconf 81' lang='grc' dir='ltr'>ἑν</span> <span class='ocrx_word' id='word_1_26' title='bbox 1134 445 1205 473; x_wconf 76' lang='lat' dir='ltr'>nv.</span> <span class='ocrx_word' id='word_1_27' title='bbox 1226 430 1338 488; x_wconf 75' lang='grc' dir='ltr'>ἁγίῳ</span> <span class='ocrx_word' id='word_1_28' title='bbox 1359 431 1502 475; x_wconf 85' lang='lat' dir='ltr'>verbis</span> <span class='ocrx_word' id='word_1_29' title='bbox 1522 430 1630 485; x_wconf 83' lang='grc' dir='ltr'><em>ἀλή-</em></span> 
     </span>
     <span class='ocr_line' id='line_1_5' title="bbox 154 484 1629 543; baseline 0 -13"><span class='ocrx_word' id='word_1_30' title='bbox 154 493 286 530; x_wconf 62' lang='grc' dir='ltr'><strong><em>θειαν</em></strong></span> <span class='ocrx_word' id='word_1_31' title='bbox 315 486 426 541; x_wconf 67' lang='grc' dir='ltr'>λέγω</span> <span class='ocrx_word' id='word_1_32' title='bbox 455 484 500 528; x_wconf 79' lang='grc' dir='ltr'>ἐν</span> <span class='ocrx_word' id='word_1_33' title='bbox 525 487 611 540; x_wconf 82' lang='grc' dir='ltr'>Χρ.</span> <span class='ocrx_word' id='word_1_34' title='bbox 643 487 925 541; x_wconf 85' lang='lat' dir='ltr'>respondere.</span> <span class='ocrx_word' id='word_1_35' title='bbox 991 487 1148 529; x_wconf 81' lang='lat' dir='ltr'>Restat</span> <span class='ocrx_word' id='word_1_36' title='bbox 1171 488 1330 543; x_wconf 86' lang='lat' dir='ltr'>igitur,</span> <span class='ocrx_word' id='word_1_37' title='bbox 1362 493 1411 530; x_wconf 89' lang='lat' dir='ltr'>ut</span> <span class='ocrx_word' id='word_1_38' title='bbox 1434 486 1479 530; x_wconf 79' lang='grc' dir='ltr'>ἑν</span> <span class='ocrx_word' id='word_1_39' title='bbox 1497 487 1629 530; x_wconf 73' lang='grc' dir='ltr'><em>πνεύ-</em></span> 
     </span>
     <span class='ocr_line' id='line_1_6' title="bbox 154 538 1629 601; baseline -0.001 -15"><span class='ocrx_word' id='word_1_40' title='bbox 154 560 262 598; x_wconf 78' lang='grc' dir='ltr'><strong><em>ματι</em></strong></span> <span class='ocrx_word' id='word_1_41' title='bbox 284 539 393 598; x_wconf 67' lang='grc' dir='ltr'>ἁγίῳ</span> <span class='ocrx_word' id='word_1_42' title='bbox 412 556 507 583; x_wconf 92' lang='lat' dir='ltr'>cum</span> <span class='ocrx_word' id='word_1_43' title='bbox 531 539 582 583; x_wconf 78' lang='grc' dir='ltr'>οὗ</span> <span class='ocrx_word' id='word_1_44' title='bbox 606 538 827 594; x_wconf 32' lang='grc' dir='ltr'>ι”νεύδομαι</span> <span class='ocrx_word' id='word_1_45' title='bbox 855 549 1182 596; x_wconf 89' lang='lat' dir='ltr'>connectamus,</span> <span class='ocrx_word' id='word_1_46' title='bbox 1215 559 1297 586; x_wconf 91' lang='lat' dir='ltr'>non</span> <span class='ocrx_word' id='word_1_47' title='bbox 1325 559 1410 601; x_wconf 91' lang='lat' dir='ltr'>quo</span> <span class='ocrx_word' id='word_1_48' title='bbox 1431 545 1629 587; x_wconf 74' lang='lat' dir='ltr'>Noesset-</span> 
     </span>
     <span class='ocr_line' id='line_1_7' title="bbox 155 597 1629 656; baseline -0.001 -13"><span class='ocrx_word' id='word_1_49' title='bbox 155 611 224 643; x_wconf 72' lang='lat' dir='ltr'>tus</span> <span class='ocrx_word' id='word_1_50' title='bbox 243 601 275 643; x_wconf 90' lang='lat' dir='ltr'>l.</span> <span class='ocrx_word' id='word_1_51' title='bbox 296 601 327 643; x_wconf 91' lang='lat' dir='ltr'>l.</span> <span class='ocrx_word' id='word_1_52' title='bbox 348 613 392 656; x_wconf 85' lang='lat' dir='ltr'>p.</span> <span class='ocrx_word' id='word_1_53' title='bbox 416 599 511 640; x_wconf 84' lang='lat'>132.</span> <span class='ocrx_word' id='word_1_54' title='bbox 526 630 537 648; x_wconf 81' lang='lat'>‚</span> <span class='ocrx_word' id='word_1_55' title='bbox 569 597 723 640; x_wconf 77' lang='lat' dir='ltr'>Morus</span> <span class='ocrx_word' id='word_1_56' title='bbox 741 599 906 655; x_wconf 88' lang='lat' dir='ltr'>aliique</span> <span class='ocrx_word' id='word_1_57' title='bbox 928 600 1121 641; x_wconf 83' lang='lat' dir='ltr'>fecerunt</span> <span class='ocrx_word' id='word_1_58' title='bbox 1142 599 1292 644; x_wconf 89' lang='lat' dir='ltr'>modo:</span> <span class='ocrx_word' id='word_1_59' title='bbox 1334 615 1416 642; x_wconf 89' lang='lat' dir='ltr'>non</span> <span class='ocrx_word' id='word_1_60' title='bbox 1443 601 1629 642; x_wconf 89' lang='lat' dir='ltr'>mentior</span> 
     </span>
     <span class='ocr_line' id='line_1_8' title="bbox 156 653 1629 714; baseline 0.001 -17"><span class='ocrx_word' id='word_1_61' title='bbox 156 682 212 688; x_wconf 87' lang='lat'><em>-</em></span> <span class='ocrx_word' id='word_1_62' title='bbox 231 671 310 712; x_wconf 76' lang='lat' dir='ltr'>per</span> <span class='ocrx_word' id='word_1_63' title='bbox 331 656 533 712; x_wconf 86' lang='lat' dir='ltr'>spiritum</span> <span class='ocrx_word' id='word_1_64' title='bbox 557 669 594 698; x_wconf 90' lang='lat' dir='ltr'>s.</span> <span class='ocrx_word' id='word_1_65' title='bbox 625 658 745 709; x_wconf 83' lang='lat' dir='ltr'>(nam</span> <span class='ocrx_word' id='word_1_66' title='bbox 772 653 816 697; x_wconf 82' lang='grc' dir='ltr'>ἐν</span> <span class='ocrx_word' id='word_1_67' title='bbox 836 672 906 698; x_wconf 72' lang='lat' dir='ltr'>nv.</span> <span class='ocrx_word' id='word_1_68' title='bbox 927 654 1036 711; x_wconf 75' lang='grc' dir='ltr'>ἁγίῳ</span> <span class='ocrx_word' id='word_1_69' title='bbox 1057 670 1138 697; x_wconf 91' lang='lat' dir='ltr'>non</span> <span class='ocrx_word' id='word_1_70' title='bbox 1172 658 1310 711; x_wconf 81' lang='lat' dir='ltr'>magis</span> <span class='ocrx_word' id='word_1_71' title='bbox 1323 657 1518 714; x_wconf 84' lang='lat' dir='ltr'>jurantis</span> <span class='ocrx_word' id='word_1_72' title='bbox 1537 657 1629 698; x_wconf 83' lang='lat' dir='ltr'>sor-</span> 
     </span>
     <span class='ocr_line' id='line_1_9' title="bbox 159 709 1628 769; baseline -0.001 -14"><span class='ocrx_word' id='word_1_73' title='bbox 159 715 274 756; x_wconf 88' lang='lat' dir='ltr'>mula</span> <span class='ocrx_word' id='word_1_74' title='bbox 296 727 395 754; x_wconf 84' lang='lat' dir='ltr'>esse</span> <span class='ocrx_word' id='word_1_75' title='bbox 416 714 586 769; x_wconf 85' lang='lat' dir='ltr'>potest,</span> <span class='ocrx_word' id='word_1_76' title='bbox 616 725 744 768; x_wconf 88' lang='lat' dir='ltr'>quam</span> <span class='ocrx_word' id='word_1_77' title='bbox 767 709 811 752; x_wconf 70' lang='grc' dir='ltr'>ἐν</span> <span class='ocrx_word' id='word_1_78' title='bbox 832 713 1056 767; x_wconf 74' lang='grc' dir='ltr'>Χριστῷ),</span> <span class='ocrx_word' id='word_1_79' title='bbox 1100 712 1175 753; x_wconf 88' lang='lat' dir='ltr'>sed</span> <span class='ocrx_word' id='word_1_80' title='bbox 1207 720 1255 755; x_wconf 86' lang='lat' dir='ltr'>ut</span> <span class='ocrx_word' id='word_1_81' title='bbox 1274 711 1318 756; x_wconf 79' lang='grc' dir='ltr'>ἐν</span> <span class='ocrx_word' id='word_1_82' title='bbox 1337 729 1410 756; x_wconf 77' lang='lat' dir='ltr'>nv.</span> <span class='ocrx_word' id='word_1_83' title='bbox 1429 712 1493 767; x_wconf 80' lang='grc' dir='ltr'>ἀγ.</span> <span class='ocrx_word' id='word_1_84' title='bbox 1514 713 1628 755; x_wconf 87' lang='lat' dir='ltr'>idem</span> 
     </span>
     <span class='ocr_line' id='line_1_10' title="bbox 156 763 1630 824; baseline -0.001 -12"><span class='ocrx_word' id='word_1_85' title='bbox 156 784 255 812; x_wconf 85' lang='lat' dir='ltr'>esse</span> <span class='ocrx_word' id='word_1_86' title='bbox 275 769 493 821; x_wconf 82' lang='lat' dir='ltr'>dicamus,</span> <span class='ocrx_word' id='word_1_87' title='bbox 524 769 640 824; x_wconf 85' lang='lat' dir='ltr'>quod</span> <span class='ocrx_word' id='word_1_88' title='bbox 666 763 724 817; x_wconf 77' lang='grc' dir='ltr'>ὥς</span> <span class='ocrx_word' id='word_1_89' title='bbox 743 765 788 809; x_wconf 75' lang='grc' dir='ltr'>ἐν</span> <span class='ocrx_word' id='word_1_90' title='bbox 811 768 1028 820; x_wconf 76' lang='grc' dir='ltr'>πνεύματι</span> <span class='ocrx_word' id='word_1_91' title='bbox 1054 763 1163 823; x_wconf 77' lang='grc' dir='ltr'><em>ἁγίῳ</em></span> <span class='ocrx_word' id='word_1_92' title='bbox 1185 769 1268 821; x_wconf 76' lang='grc' dir='ltr'>ὢν,</span> <span class='ocrx_word' id='word_1_93' title='bbox 1300 765 1359 818; x_wconf 82' lang='grc' dir='ltr'>ὡς</span> <span class='ocrx_word' id='word_1_94' title='bbox 1385 784 1630 823; x_wconf 75' lang='grc' dir='ltr'><strong><em>πνευματι-</em></strong></span> 
     </span>
     <span class='ocr_line' id='line_1_11' title="bbox 157 823 1628 882; baseline -0.002 -13"><span class='ocrx_word' id='word_1_95' title='bbox 157 824 248 876; x_wconf 84' lang='grc' dir='ltr'><strong>κός.</strong></span> <span class='ocrx_word' id='word_1_96' title='bbox 303 823 677 882; x_wconf 70' lang='lat' dir='ltr'>Quemadmodum</span> <span class='ocrx_word' id='word_1_97' title='bbox 701 825 813 865; x_wconf 90' lang='lat' dir='ltr'>enim</span> <span class='ocrx_word' id='word_1_98' title='bbox 832 824 908 866; x_wconf 88' lang='lat' dir='ltr'>ille</span> <span class='ocrx_word' id='word_1_99' title='bbox 933 838 1079 866; x_wconf 88' lang='lat' dir='ltr'>vocum</span> <span class='ocrx_word' id='word_1_100' title='bbox 1101 823 1145 867; x_wconf 77' lang='grc' dir='ltr'>ἐν</span> <span class='ocrx_word' id='word_1_101' title='bbox 1159 823 1342 880; x_wconf 73' lang='grc' dir='ltr'><strong><em>Χριστῷ</em></strong></span> <span class='ocrx_word' id='word_1_102' title='bbox 1360 832 1404 868; x_wconf 89' lang='lat' dir='ltr'>et</span> <span class='ocrx_word' id='word_1_103' title='bbox 1427 823 1471 867; x_wconf 78' lang='grc' dir='ltr'>ἐν</span> <span class='ocrx_word' id='word_1_104' title='bbox 1492 823 1628 880; x_wconf 82' lang='grc' dir='ltr'><strong><em>κυρίῳ</em></strong></span> 
     </span>
     <span class='ocr_line' id='line_1_12' title="bbox 157 875 1630 936; baseline -0.002 -11"><span class='ocrx_word' id='word_1_105' title='bbox 157 898 265 926; x_wconf 85' lang='lat' dir='ltr'>usus</span> <span class='ocrx_word' id='word_1_106' title='bbox 297 897 320 924; x_wconf 92' lang='lat' dir='ltr'>e</span> <span class='ocrx_word' id='word_1_107' title='bbox 360 881 549 924; x_wconf 69' lang='lat' dir='ltr'>formula</span> <span class='ocrx_word' id='word_1_108' title='bbox 586 875 697 922; x_wconf 75' lang='grc' dir='ltr'><strong><em>εἶναι</em></strong></span> <span class='ocrx_word' id='word_1_109' title='bbox 734 878 779 922; x_wconf 75' lang='grc' dir='ltr'>ἓν</span> <span class='ocrx_word' id='word_1_110' title='bbox 815 881 1001 936; x_wconf 78' lang='grc' dir='ltr'><strong><em>Χριστῷ</em></strong></span> <span class='ocrx_word' id='word_1_111' title='bbox 1038 885 1167 922; x_wconf 85' lang='lat' dir='ltr'>natus</span> <span class='ocrx_word' id='word_1_112' title='bbox 1206 887 1297 933; x_wconf 85' lang='lat' dir='ltr'>est,</span> <span class='ocrx_word' id='word_1_113' title='bbox 1334 881 1394 923; x_wconf 86' lang='lat' dir='ltr'>ita</span> <span class='ocrx_word' id='word_1_114' title='bbox 1423 881 1555 923; x_wconf 83' lang='lat' dir='ltr'>etiam</span> <span class='ocrx_word' id='word_1_115' title='bbox 1585 880 1630 924; x_wconf 80' lang='grc' dir='ltr'>ἐν</span> 
     </span>
     <span class='ocr_line' id='line_1_13' title="bbox 157 934 1632 994; baseline -0.002 -13"><span class='ocrx_word' id='word_1_116' title='bbox 157 939 376 993; x_wconf 73' lang='grc' dir='ltr'><strong><em>πνεύματι</em></strong></span> <span class='ocrx_word' id='word_1_117' title='bbox 399 934 509 993; x_wconf 81' lang='grc' dir='ltr'><em>ἁγίῳ</em></span> <span class='ocrx_word' id='word_1_118' title='bbox 529 937 623 994; x_wconf 87' lang='lat' dir='ltr'>pari</span> <span class='ocrx_word' id='word_1_119' title='bbox 643 936 811 978; x_wconf 87' lang='lat' dir='ltr'>ratione</span> <span class='ocrx_word' id='word_1_120' title='bbox 831 937 1038 994; x_wconf 87' lang='lat' dir='ltr'>usurpari</span> <span class='ocrx_word' id='word_1_121' title='bbox 1061 938 1219 994; x_wconf 87' lang='lat' dir='ltr'>potuit,</span> <span class='ocrx_word' id='word_1_122' title='bbox 1250 938 1292 978; x_wconf 89' lang='lat' dir='ltr'>in</span> <span class='ocrx_word' id='word_1_123' title='bbox 1313 938 1408 980; x_wconf 89' lang='lat' dir='ltr'>loco</span> <span class='ocrx_word' id='word_1_124' title='bbox 1429 937 1632 990; x_wconf 84' lang='lat' dir='ltr'>maxime,</span> 
     </span>
     <span class='ocr_line' id='line_1_14' title="bbox 157 993 1629 1053; baseline -0.002 -15"><span class='ocrx_word' id='word_1_125' title='bbox 157 996 232 1038; x_wconf 87' lang='lat' dir='ltr'>ubi</span> <span class='ocrx_word' id='word_1_126' title='bbox 253 995 444 1051; x_wconf 77' lang='lat' dir='ltr'>scriptor</span> <span class='ocrx_word' id='word_1_127' title='bbox 456 993 790 1036; x_wconf 84' lang='lat' dir='ltr'>concinnitatem</span> <span class='ocrx_word' id='word_1_128' title='bbox 808 999 1084 1035; x_wconf 83' lang='lat' dir='ltr'>consectatus</span> <span class='ocrx_word' id='word_1_129' title='bbox 1105 1002 1189 1038; x_wconf 85' lang='lat' dir='ltr'>est.</span> <span class='ocrx_word' id='word_1_130' title='bbox 1241 993 1629 1053; x_wconf 78' lang='lat' dir='ltr'>Quippeloquutio</span> 
     </span>
     <span class='ocr_line' id='line_1_15' title="bbox 157 1047 1628 1106; baseline 0 -12"><span class='ocrx_word' id='word_1_131' title='bbox 157 1047 294 1105; x_wconf 81' lang='grc' dir='ltr'><strong><em>εἶναι,</em></strong></span> <span class='ocrx_word' id='word_1_132' title='bbox 324 1049 527 1106; x_wconf 69' lang='grc' dir='ltr'><strong><em>γίνεσθαι</em></strong></span> <span class='ocrx_word' id='word_1_133' title='bbox 557 1047 602 1092; x_wconf 84' lang='grc' dir='ltr'>ἕν</span> <span class='ocrx_word' id='word_1_134' title='bbox 634 1050 850 1102; x_wconf 77' lang='grc' dir='ltr'><strong><em>πνεύματι</em></strong></span> <span class='ocrx_word' id='word_1_135' title='bbox 871 1065 952 1091; x_wconf 89' lang='lat' dir='ltr'>usu</span> <span class='ocrx_word' id='word_1_136' title='bbox 981 1050 1086 1091; x_wconf 87' lang='lat' dir='ltr'>trita</span> <span class='ocrx_word' id='word_1_137' title='bbox 1109 1056 1206 1092; x_wconf 84' lang='lat' dir='ltr'>erat</span> <span class='ocrx_word' id='word_1_138' title='bbox 1227 1050 1362 1094; x_wconf 86' lang='lat' dir='ltr'>Marc.</span> <span class='ocrx_word' id='word_1_139' title='bbox 1389 1052 1510 1104; x_wconf 81' lang='lat'>1‚23.</span> <span class='ocrx_word' id='word_1_140' title='bbox 1531 1050 1628 1102; x_wconf 86' lang='grc'><strong>5,2.</strong></span> 
     </span>
     <span class='ocr_line' id='line_1_16' title="bbox 158 1104 1628 1166; baseline -0.001 -15"><span class='ocrx_word' id='word_1_141' title='bbox 158 1111 304 1166; x_wconf 86' lang='lat' dir='ltr'>Apoc.</span> <span class='ocrx_word' id='word_1_142' title='bbox 329 1109 466 1161; x_wconf 86' lang='lat'>1‚10..</span> <span class='ocrx_word' id='word_1_143' title='bbox 526 1104 648 1148; x_wconf 89' lang='lat' dir='ltr'>Idem</span> <span class='ocrx_word' id='word_1_144' title='bbox 678 1106 870 1148; x_wconf 76' lang='lat' dir='ltr'>voluisse</span> <span class='ocrx_word' id='word_1_145' title='bbox 901 1106 1074 1148; x_wconf 81' lang='lat' dir='ltr'>videtur</span> <span class='ocrx_word' id='word_1_146' title='bbox 1099 1106 1215 1151; x_wconf 88' lang='lat' dir='ltr'>Ven.</span> <span class='ocrx_word' id='word_1_147' title='bbox 1242 1106 1466 1151; x_wconf 69' lang='lat' dir='ltr'>Wsuzerus</span> <span class='ocrx_word' id='word_1_148' title='bbox 1493 1107 1564 1148; x_wconf 87' lang='lat' dir='ltr'>his</span> <span class='ocrx_word' id='word_1_149' title='bbox 1587 1120 1628 1151; x_wconf 76' lang='lat' dir='ltr'>v,</span> 
     </span>
     <span class='ocr_line' id='line_1_17' title="bbox 157 1162 1630 1222; baseline -0.002 -16"><span class='ocrx_word' id='word_1_150' title='bbox 157 1169 222 1222; x_wconf 91' lang='lat' dir='ltr'>(p.</span> <span class='ocrx_word' id='word_1_151' title='bbox 250 1166 343 1221; x_wconf 86' lang='lat'>4.):</span> <span class='ocrx_word' id='word_1_152' title='bbox 382 1178 466 1205; x_wconf 92' lang='lat' dir='ltr'>non</span> <span class='ocrx_word' id='word_1_153' title='bbox 494 1164 703 1213; x_wconf 84' lang='lat' dir='ltr'>mentior,</span> <span class='ocrx_word' id='word_1_154' title='bbox 739 1163 974 1205; x_wconf 71' lang='lat' dir='ltr'>instructus</span> <span class='ocrx_word' id='word_1_155' title='bbox 1005 1163 1160 1219; x_wconf 74' lang='lat' dir='ltr'>quippe</span> <span class='ocrx_word' id='word_1_156' title='bbox 1179 1163 1335 1219; x_wconf 77' lang='lat' dir='ltr'>spiritu</span> <span class='ocrx_word' id='word_1_157' title='bbox 1351 1179 1406 1208; x_wconf 80' lang='lat' dir='ltr'>s..</span> <span class='ocrx_word' id='word_1_158' title='bbox 1430 1188 1483 1195; x_wconf 89' lang='lat'>—</span> <span class='ocrx_word' id='word_1_159' title='bbox 1529 1162 1630 1204; x_wconf 78' lang='grc' dir='ltr'>Ὅτι</span> 
     </span>
     <span class='ocr_line' id='line_1_18' title="bbox 157 1217 1627 1277; baseline -0.003 -14"><span class='ocrx_word' id='word_1_160' title='bbox 157 1236 222 1265; x_wconf 78' lang='lat' dir='ltr'>vs,</span> <span class='ocrx_word' id='word_1_161' title='bbox 243 1222 287 1264; x_wconf 87' lang='lat'>2.</span> <span class='ocrx_word' id='word_1_162' title='bbox 309 1222 438 1275; x_wconf 83' lang='lat' dir='ltr'>vulgo</span> <span class='ocrx_word' id='word_1_163' title='bbox 460 1234 543 1262; x_wconf 90' lang='lat' dir='ltr'>non</span> <span class='ocrx_word' id='word_1_164' title='bbox 574 1220 843 1260; x_wconf 89' lang='lat' dir='ltr'>intellectum</span> <span class='ocrx_word' id='word_1_165' title='bbox 873 1223 942 1260; x_wconf 85' lang='lat' dir='ltr'>est</span> <span class='ocrx_word' id='word_1_166' title='bbox 962 1219 1017 1260; x_wconf 89' lang='lat' dir='ltr'>ab</span> <span class='ocrx_word' id='word_1_167' title='bbox 1038 1219 1372 1277; x_wconf 80' lang='lat' dir='ltr'>interpretibus.</span> <span class='ocrx_word' id='word_1_168' title='bbox 1430 1217 1627 1274; x_wconf 74' lang='lat' dir='ltr'>Quorum</span> 
     </span>
     <span class='ocr_line' id='line_1_19' title="bbox 158 1275 1628 1335; baseline -0.002 -16"><span class='ocrx_word' id='word_1_169' title='bbox 158 1279 236 1320; x_wconf 87' lang='lat' dir='ltr'>alii</span> <span class='ocrx_word' id='word_1_170' title='bbox 265 1277 364 1335; x_wconf 78' lang='lat' dir='ltr'>qnia</span> <span class='ocrx_word' id='word_1_171' title='bbox 390 1276 474 1333; x_wconf 84' lang='lat' dir='ltr'>(lt.</span> <span class='ocrx_word' id='word_1_172' title='bbox 507 1275 645 1330; x_wconf 86' lang='lat' dir='ltr'>Vulg.</span> <span class='ocrx_word' id='word_1_173' title='bbox 675 1276 897 1331; x_wconf 77' lang='lat' dir='ltr'>qecom’am)</span> <span class='ocrx_word' id='word_1_174' title='bbox 926 1276 1207 1332; x_wconf 84' lang='lat' dir='ltr'>interpretati</span> <span class='ocrx_word' id='word_1_175' title='bbox 1233 1281 1362 1329; x_wconf 82' lang='lat' dir='ltr'>sunt,</span> <span class='ocrx_word' id='word_1_176' title='bbox 1399 1289 1628 1318; x_wconf 80' lang='lat' dir='ltr'>assevera-</span> 
     </span>
     <span class='ocr_line' id='line_1_20' title="bbox 157 1331 1628 1388; baseline -0.002 -12"><span class='ocrx_word' id='word_1_177' title='bbox 157 1335 320 1376; x_wconf 80' lang='lat' dir='ltr'>tionem</span> <span class='ocrx_word' id='word_1_178' title='bbox 356 1349 398 1378; x_wconf 82' lang='lat' dir='ltr'>v.</span> <span class='ocrx_word' id='word_1_179' title='bbox 419 1336 463 1377; x_wconf 78' lang='grc'>1.</span> <span class='ocrx_word' id='word_1_180' title='bbox 483 1332 537 1374; x_wconf 84' lang='lat' dir='ltr'>ad</span> <span class='ocrx_word' id='word_1_181' title='bbox 566 1346 631 1376; x_wconf 82' lang='lat' dir='ltr'>vs.</span> <span class='ocrx_word' id='word_1_182' title='bbox 649 1331 692 1374; x_wconf 90' lang='lat'>3.</span> <span class='ocrx_word' id='word_1_183' title='bbox 724 1337 924 1388; x_wconf 87' lang='lat' dir='ltr'>spectare</span> <span class='ocrx_word' id='word_1_184' title='bbox 955 1337 1000 1373; x_wconf 90' lang='lat' dir='ltr'>et</span> <span class='ocrx_word' id='word_1_185' title='bbox 1019 1347 1147 1374; x_wconf 89' lang='lat' dir='ltr'>versu</span> <span class='ocrx_word' id='word_1_186' title='bbox 1162 1334 1204 1376; x_wconf 85' lang='lat'>2.</span> <span class='ocrx_word' id='word_1_187' title='bbox 1225 1333 1315 1375; x_wconf 86' lang='lat' dir='ltr'>voti</span> <span class='ocrx_word' id='word_1_188' title='bbox 1333 1344 1373 1376; x_wconf 63' lang='lat' dir='ltr'>v,-</span> <span class='ocrx_word' id='word_1_189' title='bbox 1392 1332 1434 1376; x_wconf 88' lang='lat'>3.</span> <span class='ocrx_word' id='word_1_190' title='bbox 1453 1345 1628 1374; x_wconf 79' lang='lat' dir='ltr'>causam</span> 
     </span>
     <span class='ocr_line' id='line_1_21' title="bbox 156 1383 1624 1448; baseline -0.002 -16"><span class='ocrx_word' id='word_1_191' title='bbox 156 1391 306 1432; x_wconf 79' lang='lat' dir='ltr'>afferri</span> <span class='ocrx_word' id='word_1_192' title='bbox 329 1390 497 1448; x_wconf 85' lang='lat' dir='ltr'>opinati</span> <span class='ocrx_word' id='word_1_193' title='bbox 517 1388 750 1444; x_wconf 74' lang='lat' dir='ltr'>(Benqel.)‚</span> <span class='ocrx_word' id='word_1_194' title='bbox 775 1388 852 1429; x_wconf 91' lang='lat' dir='ltr'>alii</span> <span class='ocrx_word' id='word_1_195' title='bbox 875 1388 970 1430; x_wconf 84' lang='lat' dir='ltr'>colo</span> <span class='ocrx_word' id='word_1_196' title='bbox 993 1389 1137 1446; x_wconf 87' lang='lat' dir='ltr'>posito</span> <span class='ocrx_word' id='word_1_197' title='bbox 1158 1395 1259 1446; x_wconf 86' lang='lat' dir='ltr'>post</span> <span class='ocrx_word' id='word_1_198' title='bbox 1281 1387 1324 1431; x_wconf 81' lang='grc' dir='ltr'>ἐν</span> <span class='ocrx_word' id='word_1_199' title='bbox 1342 1403 1415 1430; x_wconf 77' lang='lat' dir='ltr'>nv.</span> <span class='ocrx_word' id='word_1_200' title='bbox 1435 1383 1502 1443; x_wconf 78' lang='grc' dir='ltr'>ἆγ,</span> <span class='ocrx_word' id='word_1_201' title='bbox 1523 1402 1624 1429; x_wconf 87' lang='lat' dir='ltr'>ver-</span> 
     </span>
     <span class='ocr_line' id='line_1_22' title="bbox 157 1446 1626 1505; baseline -0.001 -15"><span class='ocrx_word' id='word_1_202' title='bbox 157 1463 251 1490; x_wconf 83' lang='lat' dir='ltr'>sum</span> <span class='ocrx_word' id='word_1_203' title='bbox 273 1449 316 1492; x_wconf 83' lang='lat'>2.</span> <span class='ocrx_word' id='word_1_204' title='bbox 340 1450 404 1490; x_wconf 89' lang='lat' dir='ltr'>sic</span> <span class='ocrx_word' id='word_1_205' title='bbox 421 1449 745 1505; x_wconf 84' lang='lat' dir='ltr'>exposuerunt:</span> <span class='ocrx_word' id='word_1_206' title='bbox 780 1459 930 1500; x_wconf 77' lang='lat' dir='ltr'>nempe</span> <span class='ocrx_word' id='word_1_207' title='bbox 950 1460 1101 1500; x_wconf 82' lang='lat' dir='ltr'>magna</span> <span class='ocrx_word' id='word_1_208' title='bbox 1124 1446 1228 1488; x_wconf 87' lang='lat' dir='ltr'>mibi</span> <span class='ocrx_word' id='word_1_209' title='bbox 1248 1446 1431 1487; x_wconf 83' lang='lat' dir='ltr'>tristitia</span> <span class='ocrx_word' id='word_1_210' title='bbox 1454 1448 1523 1486; x_wconf 86' lang='lat' dir='ltr'>est</span> <span class='ocrx_word' id='word_1_211' title='bbox 1541 1449 1626 1488; x_wconf 84' lang='lat' dir='ltr'>ete.</span> 
     </span>
     <span class='ocr_line' id='line_1_23' title="bbox 155 1501 1628 1561; baseline -0.003 -15"><span class='ocrx_word' id='word_1_212' title='bbox 155 1506 236 1561; x_wconf 79' lang='lat' dir='ltr'>(cf.</span> <span class='ocrx_word' id='word_1_213' title='bbox 258 1504 450 1557; x_wconf 67' lang='lat' dir='ltr'>Griesb„</span> <span class='ocrx_word' id='word_1_214' title='bbox 479 1503 683 1556; x_wconf 59' lang='lat' dir='ltr'>Knapp„</span> <span class='ocrx_word' id='word_1_215' title='bbox 729 1501 906 1553; x_wconf 63' lang='lat' dir='ltr'>Tium„</span> <span class='ocrx_word' id='word_1_216' title='bbox 945 1503 1125 1556; x_wconf 75' lang='lat' dir='ltr'>Stolz.).</span> <span class='ocrx_word' id='word_1_217' title='bbox 1191 1502 1421 1544; x_wconf 85' lang='lat' dir='ltr'>Enimvero</span> <span class='ocrx_word' id='word_1_218' title='bbox 1454 1502 1628 1555; x_wconf 84' lang='lat' dir='ltr'>virgula</span> 
     </span>
     <span class='ocr_line' id='line_1_24' title="bbox 155 1557 1626 1619; baseline -0.003 -16"><span class='ocrx_word' id='word_1_219' title='bbox 155 1568 258 1619; x_wconf 88' lang='lat' dir='ltr'>post</span> <span class='ocrx_word' id='word_1_220' title='bbox 287 1558 332 1602; x_wconf 80' lang='grc' dir='ltr'>ὲν</span> <span class='ocrx_word' id='word_1_221' title='bbox 359 1575 433 1604; x_wconf 74' lang='lat' dir='ltr'>nv.</span> <span class='ocrx_word' id='word_1_222' title='bbox 464 1559 530 1614; x_wconf 78' lang='grc' dir='ltr'>ἆγ.</span> <span class='ocrx_word' id='word_1_223' title='bbox 562 1557 814 1599; x_wconf 87' lang='lat' dir='ltr'>collocanda</span> <span class='ocrx_word' id='word_1_224' title='bbox 846 1565 928 1599; x_wconf 81' lang='lat' dir='ltr'>est.</span> <span class='ocrx_word' id='word_1_225' title='bbox 986 1558 1043 1599; x_wconf 79' lang='lat' dir='ltr'>Et</span> <span class='ocrx_word' id='word_1_226' title='bbox 1069 1559 1172 1600; x_wconf 88' lang='lat' dir='ltr'>haec</span> <span class='ocrx_word' id='word_1_227' title='bbox 1192 1559 1367 1614; x_wconf 89' lang='lat' dir='ltr'>quidem</span> <span class='ocrx_word' id='word_1_228' title='bbox 1389 1559 1626 1616; x_wconf 80' lang='lat' dir='ltr'>explicatio</span> 
     </span>
     <span class='ocr_line' id='line_1_25' title="bbox 156 1612 1628 1660; baseline -0.003 -1"><span class='ocrx_word' id='word_1_229' title='bbox 156 1619 235 1660; x_wconf 69' lang='lat' dir='ltr'>sua</span> <span class='ocrx_word' id='word_1_230' title='bbox 266 1617 480 1659; x_wconf 78' lang='lat' dir='ltr'>facilitate</span> <span class='ocrx_word' id='word_1_231' title='bbox 505 1614 639 1656; x_wconf 88' lang='lat' dir='ltr'>alicui</span> <span class='ocrx_word' id='word_1_232' title='bbox 678 1612 954 1656; x_wconf 83' lang='lat' dir='ltr'>blandiatur:</span> <span class='ocrx_word' id='word_1_233' title='bbox 1001 1629 1148 1655; x_wconf 79' lang='lat' dir='ltr'>verum</span> <span class='ocrx_word' id='word_1_234' title='bbox 1178 1616 1274 1656; x_wconf 87' lang='lat' dir='ltr'>dico</span> <span class='ocrx_word' id='word_1_235' title='bbox 1303 1639 1358 1646; x_wconf 88' lang='lat'>——</span> <span class='ocrx_word' id='word_1_236' title='bbox 1388 1629 1472 1656; x_wconf 91' lang='lat' dir='ltr'>non</span> <span class='ocrx_word' id='word_1_237' title='bbox 1509 1628 1628 1656; x_wconf 88' lang='lat' dir='ltr'>men-</span> 
     </span>
     <span class='ocr_line' id='line_1_26' title="bbox 155 1669 1627 1727; baseline -0.003 -11"><span class='ocrx_word' id='word_1_238' title='bbox 155 1675 244 1716; x_wconf 87' lang='lat' dir='ltr'>tior</span> <span class='ocrx_word' id='word_1_239' title='bbox 267 1699 311 1704; x_wconf 97' lang='lat'><strong>—</strong></span> <span class='ocrx_word' id='word_1_240' title='bbox 346 1673 391 1714; x_wconf 80' lang='lat' dir='ltr'>in</span> <span class='ocrx_word' id='word_1_241' title='bbox 416 1686 462 1714; x_wconf 90' lang='lat' dir='ltr'>eo</span> <span class='ocrx_word' id='word_1_242' title='bbox 492 1671 599 1727; x_wconf 73' lang='grc' dir='ltr'>ιμιοά</span> <span class='ocrx_word' id='word_1_243' title='bbox 628 1670 781 1723; x_wconf 67' lang='lat' dir='ltr'>magna</span> <span class='ocrx_word' id='word_1_244' title='bbox 812 1669 998 1711; x_wconf 65' lang='lat' dir='ltr'>tristitia</span> <span class='ocrx_word' id='word_1_245' title='bbox 1027 1670 1211 1712; x_wconf 75' lang='lat' dir='ltr'>affectus</span> <span class='ocrx_word' id='word_1_246' title='bbox 1240 1685 1334 1712; x_wconf 88' lang='lat' dir='ltr'>sum</span> <span class='ocrx_word' id='word_1_247' title='bbox 1368 1671 1397 1713; x_wconf 91' lang='lat' dir='ltr'>i.</span> <span class='ocrx_word' id='word_1_248' title='bbox 1418 1685 1456 1714; x_wconf 87' lang='lat' dir='ltr'>e.</span> <span class='ocrx_word' id='word_1_249' title='bbox 1485 1671 1528 1712; x_wconf 91' lang='lat' dir='ltr'>in</span> <span class='ocrx_word' id='word_1_250' title='bbox 1559 1684 1627 1721; x_wconf 89' lang='lat' dir='ltr'>eo,</span> 
     </span>
     <span class='ocr_line' id='line_1_27' title="bbox 157 1724 1627 1787; baseline -0.003 -15"><span class='ocrx_word' id='word_1_251' title='bbox 157 1730 273 1787; x_wconf 87' lang='lat' dir='ltr'>quod</span> <span class='ocrx_word' id='word_1_252' title='bbox 295 1744 359 1772; x_wconf 92' lang='lat' dir='ltr'>me</span> <span class='ocrx_word' id='word_1_253' title='bbox 380 1730 425 1771; x_wconf 91' lang='lat' dir='ltr'>in</span> <span class='ocrx_word' id='word_1_254' title='bbox 446 1727 599 1782; x_wconf 64' lang='lat' dir='ltr'>magnii</span> <span class='ocrx_word' id='word_1_255' title='bbox 625 1725 807 1767; x_wconf 68' lang='lat' dir='ltr'>tristitia</span> <span class='ocrx_word' id='word_1_256' title='bbox 829 1740 926 1767; x_wconf 86' lang='lat' dir='ltr'>esse</span> <span class='ocrx_word' id='word_1_257' title='bbox 949 1740 1100 1770; x_wconf 83' lang='lat' dir='ltr'>narro:</span> <span class='ocrx_word' id='word_1_258' title='bbox 1131 1725 1347 1782; x_wconf 68' lang='grc' dir='ltr'>ἀλήθειαν</span> <span class='ocrx_word' id='word_1_259' title='bbox 1366 1724 1477 1781; x_wconf 76' lang='grc' dir='ltr'><em>λέγω</em></span> <span class='ocrx_word' id='word_1_260' title='bbox 1499 1751 1550 1758; x_wconf 92' lang='grc'>--</span> <span class='ocrx_word' id='word_1_261' title='bbox 1575 1725 1627 1767; x_wconf 83' lang='grc' dir='ltr'>οὗ</span> 
     </span>
     <span class='ocr_line' id='line_1_28' title="bbox 155 1779 1626 1842; baseline -0.003 -14"><span class='ocrx_word' id='word_1_262' title='bbox 155 1783 387 1842; x_wconf 78' lang='grc' dir='ltr'><strong><em>ψεύδομαι</em></strong></span> <span class='ocrx_word' id='word_1_263' title='bbox 414 1809 470 1816; x_wconf 94' lang='lat'>—-</span> <span class='ocrx_word' id='word_1_264' title='bbox 498 1808 553 1816; x_wconf 92' lang='lat'>—</span> <span class='ocrx_word' id='word_1_265' title='bbox 595 1779 990 1839; x_wconf 69' lang='grc' dir='ltr'><strong><em>διηγούμενος,</em></strong></span> <span class='ocrx_word' id='word_1_266' title='bbox 1041 1781 1208 1837; x_wconf 80' lang='grc' dir='ltr'><em>λέγων</em></span> <span class='ocrx_word' id='word_1_267' title='bbox 1259 1782 1348 1825; x_wconf 82' lang='grc' dir='ltr'>ὅτι</span> <span class='ocrx_word' id='word_1_268' title='bbox 1379 1807 1462 1826; x_wconf 85' lang='grc'>--.</span> <span class='ocrx_word' id='word_1_269' title='bbox 1537 1781 1626 1826; x_wconf 87' lang='lat' dir='ltr'>Sed</span> 
     </span>
     <span class='ocr_line' id='line_1_29' title="bbox 155 1838 1626 1898; baseline -0.003 -13"><span class='ocrx_word' id='word_1_270' title='bbox 155 1844 228 1886; x_wconf 78' lang='lat' dir='ltr'>vix</span> <span class='ocrx_word' id='word_1_271' title='bbox 259 1842 453 1884; x_wconf 88' lang='lat' dir='ltr'>dubitari</span> <span class='ocrx_word' id='word_1_272' title='bbox 481 1844 648 1898; x_wconf 86' lang='lat' dir='ltr'>potest,</span> <span class='ocrx_word' id='word_1_273' title='bbox 696 1839 799 1895; x_wconf 87' lang='lat' dir='ltr'>quin</span> <span class='ocrx_word' id='word_1_274' title='bbox 836 1852 885 1880; x_wconf 87' lang='lat' dir='ltr'>ea</span> <span class='ocrx_word' id='word_1_275' title='bbox 915 1838 1223 1895; x_wconf 85' lang='lat' dir='ltr'>interpretatio</span> <span class='ocrx_word' id='word_1_276' title='bbox 1258 1853 1361 1881; x_wconf 86' lang='lat' dir='ltr'>vera</span> <span class='ocrx_word' id='word_1_277' title='bbox 1391 1839 1474 1892; x_wconf 88' lang='lat' dir='ltr'>sit,</span> <span class='ocrx_word' id='word_1_278' title='bbox 1514 1851 1626 1895; x_wconf 82' lang='lat' dir='ltr'>quae</span> 
     </span>
     <span class='ocr_line' id='line_1_30' title="bbox 154 1894 1624 1957; baseline -0.003 -16"><span class='ocrx_word' id='word_1_279' title='bbox 154 1900 296 1957; x_wconf 85' lang='lat' dir='ltr'>primo</span> <span class='ocrx_word' id='word_1_280' title='bbox 325 1899 481 1941; x_wconf 91' lang='lat' dir='ltr'>obtutu</span> <span class='ocrx_word' id='word_1_281' title='bbox 508 1895 622 1939; x_wconf 83' lang='lat' dir='ltr'>haud</span> <span class='ocrx_word' id='word_1_282' title='bbox 644 1896 793 1952; x_wconf 85' lang='lat' dir='ltr'>paullo</span> <span class='ocrx_word' id='word_1_283' title='bbox 821 1894 1047 1936; x_wconf 82' lang='lat' dir='ltr'>difficilior</span> <span class='ocrx_word' id='word_1_284' title='bbox 1065 1895 1281 1940; x_wconf 82' lang='lat' dir='ltr'>videatur.</span> <span class='ocrx_word' id='word_1_285' title='bbox 1339 1894 1520 1938; x_wconf 84' lang='lat' dir='ltr'>Scilicet</span> <span class='ocrx_word' id='word_1_286' title='bbox 1536 1909 1624 1937; x_wconf 89' lang='lat' dir='ltr'>non</span> 
     </span>
     <span class='ocr_line' id='line_1_31' title="bbox 154 1946 1625 2012; baseline -0.003 -15"><span class='ocrx_word' id='word_1_287' title='bbox 154 1956 329 2012; x_wconf 89' lang='lat' dir='ltr'>quidem</span> <span class='ocrx_word' id='word_1_288' title='bbox 359 1954 405 1997; x_wconf 79' lang='grc' dir='ltr'>ἐν</span> <span class='ocrx_word' id='word_1_289' title='bbox 424 1949 607 2009; x_wconf 71' lang='grc' dir='ltr'><strong><em>Χριστῷ</em></strong></span> <span class='ocrx_word' id='word_1_290' title='bbox 627 1957 703 1993; x_wconf 89' lang='lat' dir='ltr'>aut</span> <span class='ocrx_word' id='word_1_291' title='bbox 730 1947 776 1994; x_wconf 77' lang='grc' dir='ltr'>ἒν</span> <span class='ocrx_word' id='word_1_292' title='bbox 804 1966 876 1992; x_wconf 77' lang='lat' dir='ltr'>nv.</span> <span class='ocrx_word' id='word_1_293' title='bbox 904 1946 971 2008; x_wconf 81' lang='grc' dir='ltr'>ἁγ.</span> <span class='ocrx_word' id='word_1_294' title='bbox 1000 1966 1040 1995; x_wconf 82' lang='lat' dir='ltr'>v,</span> <span class='ocrx_word' id='word_1_295' title='bbox 1066 1954 1106 1997; x_wconf 89' lang='lat' dir='ltr'>l.</span> <span class='ocrx_word' id='word_1_296' title='bbox 1126 1951 1316 2009; x_wconf 79' lang='lat' dir='ltr'>jurantis</span> <span class='ocrx_word' id='word_1_297' title='bbox 1335 1952 1520 1995; x_wconf 77' lang='lat' dir='ltr'>formula</span> <span class='ocrx_word' id='word_1_298' title='bbox 1542 1956 1625 2005; x_wconf 78' lang='lat' dir='ltr'>est,</span> 
     </span>
     <span class='ocr_line' id='line_1_32' title="bbox 153 2007 1686 2066; baseline -0.003 -12"><span class='ocrx_word' id='word_1_299' title='bbox 153 2019 205 2055; x_wconf 91' lang='lat' dir='ltr'>ut</span> <span class='ocrx_word' id='word_1_300' title='bbox 242 2007 441 2054; x_wconf 84' lang='lat' dir='ltr'>nonnulli</span> <span class='ocrx_word' id='word_1_301' title='bbox 469 2009 556 2052; x_wconf 86' lang='lat' dir='ltr'>sibi</span> <span class='ocrx_word' id='word_1_302' title='bbox 576 2013 907 2066; x_wconf 84' lang='lat' dir='ltr'>persuaserunt,</span> <span class='ocrx_word' id='word_1_303' title='bbox 943 2008 1018 2050; x_wconf 87' lang='lat' dir='ltr'>sed</span> <span class='ocrx_word' id='word_1_304' title='bbox 1039 2014 1160 2051; x_wconf 83' lang='lat' dir='ltr'>totus</span> <span class='ocrx_word' id='word_1_305' title='bbox 1189 2024 1252 2053; x_wconf 86' lang='lat' dir='ltr'>vs.</span> <span class='ocrx_word' id='word_1_306' title='bbox 1275 2011 1315 2053; x_wconf 94' lang='grc'>1.</span> <span class='ocrx_word' id='word_1_307' title='bbox 1335 2009 1484 2063; x_wconf 82' lang='lat' dir='ltr'>gravis</span> <span class='ocrx_word' id='word_1_308' title='bbox 1501 2022 1625 2050; x_wconf 83' lang='lat' dir='ltr'>asse·</span> <span class='ocrx_word' id='word_1_309' title='bbox 1683 2058 1686 2061; x_wconf 10' lang='grc' dir='ltr'><em>Δ</em></span> 
     </span>
     <span class='ocr_line' id='line_1_33' title="bbox 153 2062 1624 2122; baseline -0.004 -12"><span class='ocrx_word' id='word_1_310' title='bbox 153 2068 392 2111; x_wconf 80' lang='lat' dir='ltr'>verationis</span> <span class='ocrx_word' id='word_1_311' title='bbox 419 2067 505 2110; x_wconf 85' lang='lat' dir='ltr'>vim</span> <span class='ocrx_word' id='word_1_312' title='bbox 536 2065 689 2117; x_wconf 85' lang='lat' dir='ltr'>habet,</span> <span class='ocrx_word' id='word_1_313' title='bbox 728 2078 778 2106; x_wconf 85' lang='lat' dir='ltr'>ex</span> <span class='ocrx_word' id='word_1_314' title='bbox 806 2066 889 2121; x_wconf 66' lang='lat' dir='ltr'>qua</span> <span class='ocrx_word' id='word_1_315' title='bbox 918 2079 960 2108; x_wconf 86' lang='lat' dir='ltr'>v.</span> <span class='ocrx_word' id='word_1_316' title='bbox 984 2067 1026 2106; x_wconf 90' lang='lat'>2.</span> <span class='ocrx_word' id='word_1_317' title='bbox 1056 2063 1123 2107; x_wconf 76' lang='grc' dir='ltr'>ὅτι</span> <span class='ocrx_word' id='word_1_318' title='bbox 1154 2062 1238 2107; x_wconf 74' lang='grc' dir='ltr'>κτὲ.</span> <span class='ocrx_word' id='word_1_319' title='bbox 1269 2078 1481 2122; x_wconf 83' lang='lat' dir='ltr'>suspensa</span> <span class='ocrx_word' id='word_1_320' title='bbox 1503 2070 1624 2109; x_wconf 85' lang='lat' dir='ltr'>sunt.</span> 
     </span>
     <span class='ocr_line' id='line_1_34' title="bbox 154 2117 1624 2178; baseline -0.003 -11"><span class='ocrx_word' id='word_1_321' title='bbox 154 2125 399 2168; x_wconf 90' lang='lat' dir='ltr'>Struuntur</span> <span class='ocrx_word' id='word_1_322' title='bbox 418 2123 531 2166; x_wconf 91' lang='lat' dir='ltr'>enim</span> <span class='ocrx_word' id='word_1_323' title='bbox 551 2122 892 2164; x_wconf 82' lang='lat' dir='ltr'>asseverantium</span> <span class='ocrx_word' id='word_1_324' title='bbox 913 2122 1126 2163; x_wconf 81' lang='lat' dir='ltr'>formulae</span> <span class='ocrx_word' id='word_1_325' title='bbox 1147 2136 1239 2164; x_wconf 89' lang='lat' dir='ltr'>cum</span> <span class='ocrx_word' id='word_1_326' title='bbox 1262 2122 1353 2170; x_wconf 82' lang='grc' dir='ltr'><strong><em>ὅτι,</em></strong></span> <span class='ocrx_word' id='word_1_327' title='bbox 1398 2121 1498 2178; x_wconf 85' lang='lat' dir='ltr'>quia</span> <span class='ocrx_word' id='word_1_328' title='bbox 1523 2117 1624 2162; x_wconf 79' lang='lat' dir='ltr'>sen‘-</span> 
     </span>
     <span class='ocr_line' id='line_1_35' title="bbox 154 2174 1624 2236; baseline -0.005 -12"><span class='ocrx_word' id='word_1_329' title='bbox 154 2182 291 2224; x_wconf 84' lang='lat' dir='ltr'>tentia</span> <span class='ocrx_word' id='word_1_330' title='bbox 323 2181 379 2223; x_wconf 86' lang='lat' dir='ltr'>iis</span> <span class='ocrx_word' id='word_1_331' title='bbox 409 2179 605 2236; x_wconf 87' lang='lat' dir='ltr'>subjecta</span> <span class='ocrx_word' id='word_1_332' title='bbox 632 2176 829 2231; x_wconf 78' lang='lat' dir='ltr'>confirmo</span> <span class='ocrx_word' id='word_1_333' title='bbox 844 2192 922 2231; x_wconf 87' lang='lat' dir='ltr'>per</span> <span class='ocrx_word' id='word_1_334' title='bbox 946 2192 1037 2219; x_wconf 88' lang='lat' dir='ltr'>rem</span> <span class='ocrx_word' id='word_1_335' title='bbox 1070 2184 1147 2221; x_wconf 79' lang='lat' dir='ltr'>aut</span> <span class='ocrx_word' id='word_1_336' title='bbox 1170 2191 1394 2230; x_wconf 78' lang='lat' dir='ltr'>personam</span> <span class='ocrx_word' id='word_1_337' title='bbox 1426 2174 1624 2231; x_wconf 82' lang='grc' dir='ltr'><strong><em>(ἰσχυρί-</em></strong></span> 
     </span>
     <span class='ocr_line' id='line_1_36' title="bbox 156 2231 1623 2291; baseline -0.004 -12"><span class='ocrx_word' id='word_1_338' title='bbox 156 2236 287 2290; x_wconf 84' lang='grc' dir='ltr'><strong><em>ζομαι</em></strong></span> <span class='ocrx_word' id='word_1_339' title='bbox 308 2233 426 2291; x_wconf 86' lang='grc' dir='ltr'><strong><em>πρός</em></strong></span> <span class='ocrx_word' id='word_1_340' title='bbox 444 2239 604 2285; x_wconf 84' lang='grc' dir='ltr'><strong><em>τινος),</em></strong></span> <span class='ocrx_word' id='word_1_341' title='bbox 642 2235 754 2276; x_wconf 78' lang='lat' dir='ltr'>facio</span> <span class='ocrx_word' id='word_1_342' title='bbox 776 2234 882 2275; x_wconf 87' lang='lat' dir='ltr'>mihi</span> <span class='ocrx_word' id='word_1_343' title='bbox 901 2234 1090 2290; x_wconf 83' lang='lat' dir='ltr'>aliquem</span> <span class='ocrx_word' id='word_1_344' title='bbox 1110 2231 1341 2289; x_wconf 81' lang='lat' dir='ltr'>(aliquid),</span> <span class='ocrx_word' id='word_1_345' title='bbox 1371 2234 1445 2288; x_wconf 88' lang='lat' dir='ltr'>qui</span> <span class='ocrx_word' id='word_1_346' title='bbox 1467 2232 1623 2288; x_wconf 86' lang='lat' dir='ltr'>(quod)</span> 
     </span>
     <span class='ocr_line' id='line_1_37' title="bbox 153 2288 1618 2350; baseline -0.002 -15"><span class='ocrx_word' id='word_1_347' title='bbox 153 2307 245 2335; x_wconf 87' lang='lat' dir='ltr'>rem</span> <span class='ocrx_word' id='word_1_348' title='bbox 269 2291 573 2350; x_wconf 86' lang='lat' dir='ltr'>alicujusmodi</span> <span class='ocrx_word' id='word_1_349' title='bbox 592 2305 690 2332; x_wconf 85' lang='lat' dir='ltr'>esse</span> <span class='ocrx_word' id='word_1_350' title='bbox 708 2295 890 2333; x_wconf 74' lang='lat' dir='ltr'>testetur</span> <span class='ocrx_word' id='word_1_351' title='bbox 918 2289 1067 2343; x_wconf 84' lang='lat' dir='ltr'>(Rom.</span> <span class='ocrx_word' id='word_1_352' title='bbox 1090 2293 1128 2342; x_wconf 90' lang='lat'>1,</span> <span class='ocrx_word' id='word_1_353' title='bbox 1148 2291 1191 2333; x_wconf 88' lang='lat'>9.</span> <span class='ocrx_word' id='word_1_354' title='bbox 1223 2288 1338 2330; x_wconf 85' lang='lat' dir='ltr'>Phil.</span> <span class='ocrx_word' id='word_1_355' title='bbox 1358 2290 1449 2339; x_wconf 88' lang='lat'>1,8.</span> <span class='ocrx_word' id='word_1_356' title='bbox 1471 2290 1499 2329; x_wconf 91' lang='lat'>2</span> <span class='ocrx_word' id='word_1_357' title='bbox 1521 2291 1618 2332; x_wconf 77' lang='lat' dir='ltr'>Cor.</span> 
     </span>
     <span class='ocr_line' id='line_1_38' title="bbox 156 2341 1622 2400; baseline -0.005 -8"><span class='ocrx_word' id='word_1_358' title='bbox 156 2352 195 2400; x_wconf 89' lang='lat' dir='ltr'>l,</span> <span class='ocrx_word' id='word_1_359' title='bbox 215 2351 286 2393; x_wconf 86' lang='lat'>23.</span> <span class='ocrx_word' id='word_1_360' title='bbox 324 2350 443 2394; x_wconf 88' lang='lat' dir='ltr'>Xen.</span> <span class='ocrx_word' id='word_1_361' title='bbox 471 2348 616 2391; x_wconf 84' lang='lat' dir='ltr'>Anah.</span> <span class='ocrx_word' id='word_1_362' title='bbox 646 2349 689 2399; x_wconf 87' lang='grc'>7,</span> <span class='ocrx_word' id='word_1_363' title='bbox 707 2347 750 2398; x_wconf 89' lang='grc'>7,</span> <span class='ocrx_word' id='word_1_364' title='bbox 769 2346 840 2389; x_wconf 89' lang='grc'>39.</span> <span class='ocrx_word' id='word_1_365' title='bbox 868 2344 1013 2388; x_wconf 80' lang='grc' dir='ltr'><strong><em>καίτοι</em></strong></span> <span class='ocrx_word' id='word_1_366' title='bbox 1031 2342 1165 2388; x_wconf 75' lang='grc' dir='ltr'><em>αὐτόν</em></span> <span class='ocrx_word' id='word_1_367' title='bbox 1182 2359 1231 2386; x_wconf 87' lang='grc' dir='ltr'>σε</span> <span class='ocrx_word' id='word_1_368' title='bbox 1259 2341 1511 2400; x_wconf 80' lang='grc' dir='ltr'><strong><em>μάρτυρα</em></strong></span> <span class='ocrx_word' id='word_1_369' title='bbox 1542 2342 1622 2386; x_wconf 75' lang='grc' dir='ltr'>σὺν</span> 
     </span>
     <span class='ocr_line' id='line_1_39' title="bbox 152 2397 1621 2457; baseline -0.003 -9"><span class='ocrx_word' id='word_1_370' title='bbox 152 2409 246 2456; x_wconf 81' lang='grc' dir='ltr'><em>τοῖς</em></span> <span class='ocrx_word' id='word_1_371' title='bbox 271 2409 398 2455; x_wconf 68' lang='grc' dir='ltr'><strong><em>θεοῖς</em></strong></span> <span class='ocrx_word' id='word_1_372' title='bbox 421 2401 567 2448; x_wconf 80' lang='grc' dir='ltr'><strong><em>εἰδόσι</em></strong></span> <span class='ocrx_word' id='word_1_373' title='bbox 595 2403 814 2455; x_wconf 82' lang='grc' dir='ltr'><em>ποιοῦμαι</em></span> <span class='ocrx_word' id='word_1_374' title='bbox 843 2397 928 2442; x_wconf 82' lang='grc' dir='ltr'>ὅτι</span> <span class='ocrx_word' id='word_1_375' title='bbox 948 2406 1040 2455; x_wconf 84' lang='grc'>-.)</span> <span class='ocrx_word' id='word_1_376' title='bbox 1060 2399 1357 2444; x_wconf 88' lang='lat' dir='ltr'>tantummodo</span> <span class='ocrx_word' id='word_1_377' title='bbox 1381 2404 1621 2457; x_wconf 85' lang='lat' dir='ltr'>spectatur.</span> 
     </span>
     <span class='ocr_line' id='line_1_40' title="bbox 154 2453 1622 2515; baseline -0.004 -9"><span class='ocrx_word' id='word_1_378' title='bbox 154 2462 224 2506; x_wconf 80' lang='lat' dir='ltr'>Cf.</span> <span class='ocrx_word' id='word_1_379' title='bbox 265 2463 293 2503; x_wconf 86' lang='lat'>2</span> <span class='ocrx_word' id='word_1_380' title='bbox 324 2462 426 2507; x_wconf 82' lang='lat' dir='ltr'>Cor.</span> <span class='ocrx_word' id='word_1_381' title='bbox 459 2461 610 2515; x_wconf 89' lang='lat'><strong>11,10.</strong></span> <span class='ocrx_word' id='word_1_382' title='bbox 640 2455 794 2503; x_wconf 77' lang='grc' dir='ltr'><strong><em>ἔστιν</em></strong></span> <span class='ocrx_word' id='word_1_383' title='bbox 821 2453 1073 2515; x_wconf 73' lang='grc' dir='ltr'><strong><em>ἀλήθεια</em></strong></span> <span class='ocrx_word' id='word_1_384' title='bbox 1102 2456 1359 2515; x_wconf 78' lang='grc' dir='ltr'><strong><em>Χριστοῦ</em></strong></span> <span class='ocrx_word' id='word_1_385' title='bbox 1388 2456 1443 2500; x_wconf 81' lang='grc' dir='ltr'>ἐν</span> <span class='ocrx_word' id='word_1_386' title='bbox 1479 2455 1622 2511; x_wconf 79' lang='grc' dir='ltr'><strong><em>ἐμοί,</em></strong></span> 
     </span>
    </p>
   </div>
   <div class='ocr_carea' id='block_1_3' title="bbox 194 2631 1619 2912">
    <p class='ocr_par' dir='ltr' id='par_1_3' title="bbox 194 2631 1619 2683">
     <span class='ocr_line' id='line_1_41' title="bbox 194 2631 1619 2683; baseline -0.001 -12"><span class='ocrx_word' id='word_1_387' title='bbox 194 2638 232 2683; x_wconf 64' lang='lat'>²⁶)</span> <span class='ocrx_word' id='word_1_388' title='bbox 259 2638 360 2672; x_wconf 82' lang='lat' dir='ltr'>Hanc</span> <span class='ocrx_word' id='word_1_389' title='bbox 399 2635 669 2680; x_wconf 79' lang='lat' dir='ltr'>explicationem</span> <span class='ocrx_word' id='word_1_390' title='bbox 714 2635 817 2671; x_wconf 80' lang='lat' dir='ltr'>etiam</span> <span class='ocrx_word' id='word_1_391' title='bbox 857 2635 1100 2669; x_wconf 78' lang='lat' dir='ltr'>oecumenius</span> <span class='ocrx_word' id='word_1_392' title='bbox 1140 2633 1238 2668; x_wconf 85' lang='lat' dir='ltr'>iniit=</span> <span class='ocrx_word' id='word_1_393' title='bbox 1279 2631 1474 2680; x_wconf 72' lang='grc' dir='ltr'>ἆλῆθειαν,</span> <span class='ocrx_word' id='word_1_394' title='bbox 1513 2633 1619 2682; x_wconf 73' lang='grc' dir='ltr'><strong><em>φησί,</em></strong></span> 
     </span>
    </p>

    <p class='ocr_par' dir='ltr' id='par_1_4' title="bbox 240 2677 1617 2741">
     <span class='ocr_line' id='line_1_42' title="bbox 240 2677 1617 2741; baseline -0.002 -22"><span class='ocrx_word' id='word_1_395' title='bbox 240 2685 333 2741; x_wconf 56' lang='grc' dir='ltr'>λέγω</span> <span class='ocrx_word' id='word_1_396' title='bbox 359 2683 398 2718; x_wconf 69' lang='grc' dir='ltr'>ἒν</span> <span class='ocrx_word' id='word_1_397' title='bbox 428 2686 578 2729; x_wconf 77' lang='grc' dir='ltr'><strong><em>Χριστῷ</em></strong></span> <span class='ocrx_word' id='word_1_398' title='bbox 602 2683 662 2717; x_wconf 79' lang='grc' dir='ltr'>καὶ</span> <span class='ocrx_word' id='word_1_399' title='bbox 686 2680 729 2718; x_wconf 79' lang='grc' dir='ltr'>οὐ</span> <span class='ocrx_word' id='word_1_400' title='bbox 752 2680 935 2726; x_wconf 76' lang='grc' dir='ltr'><strong><em>ψεύδομαι</em></strong></span> <span class='ocrx_word' id='word_1_401' title='bbox 968 2681 1030 2716; x_wconf 84' lang='grc' dir='ltr'>καὶ</span> <span class='ocrx_word' id='word_1_402' title='bbox 1057 2677 1079 2723; x_wconf 79' lang='grc' dir='ltr'><strong><em>ἧ</em></strong></span> <span class='ocrx_word' id='word_1_403' title='bbox 1102 2680 1308 2723; x_wconf 80' lang='grc' dir='ltr'><strong><em>συνείδησίς</em></strong></span> <span class='ocrx_word' id='word_1_404' title='bbox 1333 2695 1399 2727; x_wconf 84' lang='grc' dir='ltr'>μοι</span> <span class='ocrx_word' id='word_1_405' title='bbox 1426 2684 1476 2721; x_wconf 77' lang='grc' dir='ltr'>εἰς</span> <span class='ocrx_word' id='word_1_406' title='bbox 1507 2683 1617 2718; x_wconf 79' lang='grc' dir='ltr'><strong><em>τοῦτο</em></strong></span> 
     </span>
    </p>

    <p class='ocr_par' dir='ltr' id='par_1_5' title="bbox 268 2725 1617 2774">
     <span class='ocr_line' id='line_1_43' title="bbox 268 2725 1617 2774; baseline -0.002 -10"><span class='ocrx_word' id='word_1_407' title='bbox 268 2742 374 2774; x_wconf 78' lang='grc' dir='ltr'><strong><em>αρῐυς</em></strong></span> <span class='ocrx_word' id='word_1_408' title='bbox 397 2728 480 2765; x_wconf 70' lang='grc' dir='ltr'>σύν</span> <span class='ocrx_word' id='word_1_409' title='bbox 503 2731 552 2774; x_wconf 73' lang='grc' dir='ltr'>τῷ</span> <span class='ocrx_word' id='word_1_410' title='bbox 577 2726 666 2774; x_wconf 82' lang='grc' dir='ltr'>ἁγίῳ</span> <span class='ocrx_word' id='word_1_411' title='bbox 691 2725 903 2773; x_wconf 70' lang='grc' dir='ltr'>πνεύματι.,</span> <span class='ocrx_word' id='word_1_412' title='bbox 940 2727 1006 2760; x_wconf 84' lang='lat' dir='ltr'>nisi</span> <span class='ocrx_word' id='word_1_413' title='bbox 1032 2726 1126 2761; x_wconf 78' lang='lat' dir='ltr'>sorte</span> <span class='ocrx_word' id='word_1_414' title='bbox 1149 2726 1236 2762; x_wconf 73' lang='grc' dir='ltr'>σύν</span> <span class='ocrx_word' id='word_1_415' title='bbox 1267 2740 1331 2763; x_wconf 75' lang='lat' dir='ltr'>nv.</span> <span class='ocrx_word' id='word_1_416' title='bbox 1354 2725 1414 2773; x_wconf 78' lang='lat' dir='ltr'>oe‘y.</span> <span class='ocrx_word' id='word_1_417' title='bbox 1439 2727 1544 2772; x_wconf 83' lang='lat' dir='ltr'>legit,</span> <span class='ocrx_word' id='word_1_418' title='bbox 1576 2733 1617 2761; x_wconf 84' lang='lat' dir='ltr'>ut</span> 
     </span>
    </p>

    <p class='ocr_par' dir='ltr' id='par_1_6' title="bbox 252 2771 1615 2819">
     <span class='ocr_line' id='line_1_44' title="bbox 252 2771 1615 2819; baseline -0.002 -10"><span class='ocrx_word' id='word_1_419' title='bbox 252 2777 272 2809; x_wconf 80' lang='grc'>“.</span> <span class='ocrx_word' id='word_1_420' title='bbox 301 2775 347 2809; x_wconf 89' lang='lat' dir='ltr'>G.</span> <span class='ocrx_word' id='word_1_421' title='bbox 372 2774 483 2819; x_wconf 77' lang='lat' dir='ltr'>Saepe</span> <span class='ocrx_word' id='word_1_422' title='bbox 511 2786 531 2807; x_wconf 83' lang='lat' dir='ltr'>a</span> <span class='ocrx_word' id='word_1_423' title='bbox 564 2774 719 2808; x_wconf 72' lang='lat' dir='ltr'>librariis</span> <span class='ocrx_word' id='word_1_424' title='bbox 750 2774 790 2808; x_wconf 69' lang='grc' dir='ltr'>ἐν</span> <span class='ocrx_word' id='word_1_425' title='bbox 823 2779 856 2807; x_wconf 84' lang='lat' dir='ltr'>et</span> <span class='ocrx_word' id='word_1_426' title='bbox 885 2772 956 2808; x_wconf 84' lang='grc' dir='ltr'>σύν</span> <span class='ocrx_word' id='word_1_427' title='bbox 985 2771 1137 2806; x_wconf 77' lang='lat' dir='ltr'>confusa</span> <span class='ocrx_word' id='word_1_428' title='bbox 1163 2778 1266 2806; x_wconf 84' lang='lat' dir='ltr'>sunt:</span> <span class='ocrx_word' id='word_1_429' title='bbox 1303 2786 1340 2808; x_wconf 82' lang='lat' dir='ltr'>v.</span> <span class='ocrx_word' id='word_1_430' title='bbox 1366 2774 1494 2807; x_wconf 70' lang='lat' dir='ltr'>Bastia·</span> <span class='ocrx_word' id='word_1_431' title='bbox 1511 2785 1615 2808; x_wconf 87' lang='lat' dir='ltr'>com-</span> 
     </span>
    </p>

    <p class='ocr_par' dir='ltr' id='par_1_7' title="bbox 233 2815 1613 2912">
     <span class='ocr_line' id='line_1_45' title="bbox 235 2815 1613 2865; baseline -0.001 -11"><span class='ocrx_word' id='word_1_432' title='bbox 235 2828 344 2854; x_wconf 79' lang='lat' dir='ltr'>mem.</span> <span class='ocrx_word' id='word_1_433' title='bbox 378 2819 551 2864; x_wconf 77' lang='lat' dir='ltr'>palaeogr.</span> <span class='ocrx_word' id='word_1_434' title='bbox 585 2830 616 2862; x_wconf 85' lang='lat' dir='ltr'>p.</span> <span class='ocrx_word' id='word_1_435' title='bbox 646 2820 742 2854; x_wconf 80' lang='lat'><strong>714..</strong></span> <span class='ocrx_word' id='word_1_436' title='bbox 786 2816 834 2855; x_wconf 82' lang='lat' dir='ltr'>H.</span> <span class='ocrx_word' id='word_1_437' title='bbox 856 2818 882 2853; x_wconf 93' lang='lat' dir='ltr'>l.</span> <span class='ocrx_word' id='word_1_438' title='bbox 914 2818 962 2854; x_wconf 73' lang='grc' dir='ltr'>ὲν</span> <span class='ocrx_word' id='word_1_439' title='bbox 990 2815 1173 2865; x_wconf 81' lang='grc' dir='ltr'>πνεύματι</span> <span class='ocrx_word' id='word_1_440' title='bbox 1203 2815 1262 2864; x_wconf 78' lang='grc' dir='ltr'>ἆγ.</span> <span class='ocrx_word' id='word_1_441' title='bbox 1291 2819 1470 2856; x_wconf 69' lang='lat' dir='ltr'>stabilitur</span> <span class='ocrx_word' id='word_1_442' title='bbox 1498 2817 1613 2854; x_wconf 83' lang='lat' dir='ltr'>verbi:</span> 
     </span>
     <span class='ocr_line' id='line_1_46' title="bbox 233 2865 839 2912; baseline -0.007 -10"><span class='ocrx_word' id='word_1_443' title='bbox 233 2866 273 2902; x_wconf 66' lang='lat' dir='ltr'>lu</span> <span class='ocrx_word' id='word_1_444' title='bbox 297 2865 465 2912; x_wconf 74' lang='grc' dir='ltr'><strong><em>Χριστῷ,</em></strong></span> <span class='ocrx_word' id='word_1_445' title='bbox 497 2876 585 2909; x_wconf 76' lang='lat' dir='ltr'>quae</span> <span class='ocrx_word' id='word_1_446' title='bbox 609 2865 839 2908; x_wconf 74' lang='lat' dir='ltr'>praecedunt.</span> 
     </span>
    </p>
   </div>
  </div>
 </body>
</html>
