1715 3115
510 165 597 209 CA
616 163 668 210 P.
700 162 865 210 VIII.
897 163 992 209 Vs.
1022 163 1082 209 2..
1476 163 1533 206 8¹.)

62 274 321 330 relliyionem
340 272 486 315 christ.
508 272 566 327 [3‚
588 272 679 326 27.]
702 276 745 312 et
764 270 839 311 τὸν
856 271 988 322 νόμην
1009 268 1087 326 τῆς
1108 264 1182 322 ἅμ.
1205 285 1242 310 κ.
1264 283 1304 310 τ.
1322 271 1370 310 θ.
1393 268 1531 322 legem

64 346 169 374 mos.
211 331 377 385 (Wolf.
411 330 584 382 „legem
615 328 819 369 moralem
850 329 941 382 (Ξ),
990 333 1205 383 quintenus
1242 339 1320 382 per
1351 340 1444 366 eam
1474 326 1535 367 sit

64 388 233 441 agnitio
264 387 426 443 pou—‚cati
451 393 493 426 et
516 399 632 426 mors
655 386 876 438 irrogetur
897 383 1224 441 percantihns”)
1245 383 1331 423 dici
1352 383 1535 439 opinan-

66 451 156 486 tur.
213 447 279 485 At
300 457 339 485 v.
363 442 385 482 ὁ
411 443 541 494 νόμος
565 440 639 496 ιῆς
657 440 713 493 ὰμ
755 443 826 482 καὶ
850 456 888 483 τ.
911 446 955 481 ι’).
980 442 1044 482 vel
1067 446 1299 497 propterea
1321 439 1374 479 nd
1397 440 1534 491 legem

66 515 170 543 mos,
193 501 349 541 reterri
375 505 619 554 noqueunt,
651 497 765 553 quod
789 512 870 538 non
895 498 1024 550 haec,
1055 497 1217 553 quippe
1244 496 1540 547 sanctissima,

67 557 266 599 homines
288 557 486 612 corrupit
506 563 825 611 corruptosque
845 556 1037 605 necavit,
1069 555 1144 594 sed
1173 552 1385 595 Peccatus
1410 567 1538 608 prae-

67 615 185 655 clara
214 613 295 654 Dei
318 615 439 665 lege,
480 621 523 652 ut
554 613 743 652 animum
775 613 993 667 expleret,
1035 611 1198 651 abusus
1229 611 1295 664 (7,
1321 609 1537 664 7—24.).

67 670 227 726 Itaque
258 685 309 711 ne
342 670 538 710 homines
573 669 726 709 mortis
755 667 1148 708 comlemnarentnr
1191 681 1273 708 non
1302 666 1413 707 satis
1443 672 1540 708 erat

67 729 207 781 legem
241 741 347 769 mos.
380 727 627 781 antiquari,
669 724 744 766 sed
778 731 823 765 ut
850 726 1006 764 malum
1034 723 1246 764 radicitus
1269 723 1541 778 exstirpare-

70 791 143 826 tur
164 786 228 825 vis
256 783 464 824 Peccatus
485 782 675 824 tollenda
698 788 795 823 erat
814 787 875 831 (ν.
894 780 1100 834 Hoc-lla).
1154 780 1267 821 Hinc
1288 778 1365 834 τὴν
1380 779 1541 834 Ἄμαρ-

68 838 167 882 τιάν
189 842 229 882 h.
249 842 279 883 l.
303 841 414 882 idem
438 841 580 880 valere
605 838 719 895 quod
739 841 780 890 7,
799 839 870 880 23.
898 838 939 888 8,
960 841 1000 879 3.
1025 838 1299 878 manifestum
1321 841 1404 880 est.
1456 836 1539 879 Ce-

71 904 212 938 terum
245 911 343 938 esse
375 911 485 936 nunc
507 896 645 938 Musis
670 897 807 948 legem
840 895 1094 948 abrogatam
1123 893 1170 937 P.
1194 908 1243 934 ex
1267 908 1317 934 eo
1350 893 1542 948 intelligi

71 954 235 1005 voluit,
268 953 381 1009 quod
401 954 520 993 Deus
539 967 617 1007 per
637 953 846 994 Christum
871 951 923 992 ad
956 951 1153 993 ellectum
1184 950 1444 992 adduxisset
1472 965 1544 992 res

72 1011 259 1065 utique
296 1010 680 1065 perficiendas
718 1014 758 1050 et
790 1023 895 1065 (ptus
926 1007 1104 1050 ssIosis·
1134 1008 1226 1049 leae
1253 1006 1426 1061 efficere
1460 1021 1542 1048 non

69 1067 276 1121 potuisset
309 1066 351 1109 h.
385 1080 423 1109 e.
450 1064 660 1107 l'eceatus
682 1066 944 1106 amotionem
974 1070 1017 1105 et
1038 1066 1150 1106 vitae
1180 1063 1459 1116 largitionem
1482 1066 1543 1118 (v.

72 1124 116 1166 3.
133 1123 210 1175 4.).
270 1120 564 1177 Quamobrem
595 1122 710 1178 quod
740 1123 807 1163 illi
833 1121 918 1163 dici
942 1122 984 1164 h.
1007 1123 1038 1164 l.
1058 1120 1134 1163 τὸν
1155 1122 1289 1173 νόμον
1307 1118 1386 1168 τῖἷς
1406 1118 1480 1172 ἁμ.
1505 1136 1542 1161 κ.

72 1194 110 1221 τ.
131 1181 182 1221 θ.
203 1180 343 1234 legem
376 1194 481 1223 mos.
504 1194 657 1221 versus
690 1181 732 1222 3.
755 1185 797 1220 et
818 1180 889 1232 4.,
920 1179 992 1219 ubi
1015 1177 1037 1221 ὁ
1064 1179 1198 1230 νόμως
1217 1178 1275 1217 sit
1298 1159 1440 1218 Musis
1456 1178 1546 1229 leoe,

75 1235 306 1278 ostendere
329 1236 588 1290 observant,
630 1236 670 1276 id
692 1237 859 1278 nullum
892 1250 1067 1277 sensum
1101 1235 1246 1276 habet.
1309 1231 1547 1274 Praeterea

75 1298 281 1349 potuerat
306 1307 411 1335 sane
435 1291 484 1336 P.
508 1300 608 1351 post
628 1307 693 1345 ea,
717 1306 827 1350 quae
849 1299 938 1334 tum
960 1292 1011 1333 de
1030 1292 1142 1346 legis
1163 1305 1272 1332 mos.
1294 1290 1547 1342 sanctitate,

75 1357 170 1391 tum
191 1349 244 1391 de
265 1349 477 1392 Peccatus
498 1350 779 1407 improbitate
800 1351 892 1393 c.7.
915 1349 1211 1400 disseruerat,
1245 1347 1383 1387 Mosis
1404 1347 1547 1401 legem

74 1404 151 1447 τὸν
169 1407 303 1459 νόμον
322 1403 508 1461 τῆςἉμ.
532 1423 568 1449 κ.
591 1422 629 1447 τ.
657 1407 708 1448 Θ.
730 1407 861 1461 quem
883 1410 966 1463 qul?
992 1406 1197 1447 Pecccetns
1228 1408 1269 1445 et
1289 1402 1416 1445 Mors
1439 1418 1548 1459 yan-

75 1463 224 1505 derent
244 1464 338 1504 sine
358 1464 519 1505 invidia
541 1477 719 1515 vocare,
751 1477 886 1519 quare
905 1477 988 1504 non
1010 1462 1120 1513 fuit,
1158 1459 1271 1517 quod
1293 1460 1549 1517 Theophyl.

75 1519 316 1572 impietatis
349 1534 424 1562 eos
452 1519 754 1572 insimularet,
795 1519 870 1574 qui
898 1516 973 1559 τὸν
1000 1519 1134 1570 νόμον
1152 1512 1339 1571 τῆςᾌμ.
1363 1532 1401 1557 κ.
1423 1532 1461 1557 τ.
1492 1517 1545 1557 Θ.

77 1574 133 1616 ad
158 1576 296 1628 legem
317 1591 426 1620 mos.
447 1577 743 1618 rettulissent.
802 1574 1107 1617 Nihilominus
1127 1573 1326 1629 loquutio
1352 1570 1374 1612 ὁ
1398 1569 1552 1624 Νόμος

76 1630 157 1687 τῆς
170 1630 265 1684 ‘Apu
285 1634 357 1674 καὶ
388 1648 424 1674 τ.
454 1634 505 1675 Θ.
527 1640 613 1674 tam
637 1645 793 1689 aspera
827 1639 917 1681 est,
957 1636 1006 1672 ut
1028 1631 1295 1686 Apostolum
1318 1634 1551 1684 tantopere

79 1689 218 1741 legem
239 1703 347 1733 mos.
364 1690 600 1731 reveritum
625 1691 686 1744 (7,
708 1690 774 1731 12.
790 1689 880 1742 14.)
900 1692 1108 1743 tantaque
1131 1687 1171 1726 in
1195 1686 1262 1726 his
1285 1685 1430 1727 literis
1451 1699 1552 1726 cau-

80 1745 200 1786 tione
229 1760 379 1799 usum,
419 1761 471 1788 ne
500 1752 777 1787 contemnere
807 1746 926 1785 illam
961 1745 1185 1786 videretur
1216 1745 1278 1797 (7,
1307 1743 1348 1785 5.
1370 1743 1413 1785 7.
1439 1743 1556 1797 sq.),

82 1815 176 1842 eam
199 1800 251 1843 de
274 1802 361 1846 div.
384 1804 480 1857 lege
505 1803 751 1860 positurum
774 1802 912 1843 fuisse
924 1801 999 1842 vix
1030 1800 1220 1842 credam.
1282 1798 1396 1840 Tum
1429 1799 1554 1839 relli-

83 1858 254 1912 gionem
276 1859 429 1902 christ.
453 1874 547 1900 cum
575 1861 723 1915 aliquo
748 1865 949 1914 respectu
973 1857 1026 1898 ad
1050 1857 1186 1898 Mosis
1209 1858 1347 1908 legem
1378 1855 1440 1909 (3,
1460 1855 1557 1909 27.)

82 1913 161 1957 τὸν
185 1915 317 1966 νόμον
337 1915 415 1956 τοῦ
437 1931 507 1956 nv.
537 1930 574 1956 τ.
600 1914 633 1966 ζ.
656 1918 786 1969 leyem
809 1930 915 1970 (lutee
942 1915 1116 1955 vitalem
1137 1914 1335 1966 spiritum
1360 1912 1556 1964 imperii-

82 1975 148 2013 ret
171 1979 269 2027 apte
293 1972 531 2028 nuncupari
554 1972 750 2027 potuisse
773 1971 995 2011 fatendum
1017 1977 1099 2012 est.
1161 1969 1248 2011 Sed
1275 1983 1355 2009 non
1385 1968 1553 2022 relliyio

83 2028 260 2070 vitalem
280 2028 482 2085 spiritum
501 2028 704 2079 all'erens,
735 2028 810 2068 sed
831 2027 1119 2081 spirittcsile'r.‚
1150 2026 1220 2082 qni
1240 2026 1371 2067 citam
1393 2024 1556 2077 (aeter-

83 2086 205 2140 nam)
230 2090 461 2139 procurat,
500 2090 590 2125 tum
623 2082 834 2125 Peccatus
872 2089 960 2123 tum
995 2082 1150 2123 Mortis
1185 2083 1270 2123 vim
1301 2081 1484 2123 sustulit
1515 2095 1558 2125 v,

83 2141 231 2185 4—(5.
268 2142 486 2184 13—17..
559 2140 685 2182 Unde
714 2139 966 2197 primariam
998 2139 1213 2180 notionem
1244 2153 1326 2179 non
1358 2137 1507 2179 verbis
1532 2137 1558 2181 ὁ

73 2199 244 2250 νόμος,
275 2198 351 2239 sed
382 2198 604 2240 vocabulis
636 2199 714 2238 τοῦ
749 2198 998 2247 πνεύματος
1028 2195 1107 2251 τῆς
1130 2194 1242 2250 ζωῆς
1270 2194 1486 2238 contineri
1509 2209 1560 2236 ao

84 2255 173 2297 dici
194 2254 244 2296 τὸ
266 2255 438 2308 πνεῦμα
459 2254 539 2310 τῆς
564 2254 676 2310 ζωῆς
696 2254 880 2295 divinum
899 2253 1120 2307 spiritum,
1163 2252 1278 2292 vitae
1309 2251 1558 2308 (sempiter-

86 2313 190 2366 nae)
220 2312 503 2365 largitorem,
542 2317 589 2352 ut
619 2311 766 2366 paullo
798 2314 896 2366 post
917 2308 1088 2360 πνεῦμα
1117 2313 1160 2349 et
1178 2307 1228 2348 τὸ
1258 2309 1431 2360 πνεῦμα
1452 2322 1492 2352 ν.
1513 2308 1560 2352 4.

87 2383 183 2425 sq„
208 2370 508 2426 consequitur.
566 2368 652 2410 His
683 2366 955 2419 argumentis
984 2379 1133 2406 eorum
1158 2379 1331 2421 quoque
1353 2365 1468 2406 ratio
1493 2366 1561 2407 in-

86 2426 324 2478 Iringitur,
356 2426 430 2482 qui
452 2440 596 2467 veram
620 2426 769 2466 harum
797 2423 1082 2464 formularum
1106 2422 1442 2477 explicationem
1465 2436 1562 2464 cum

88 2483 364 2539 expositione
405 2482 529 2523 modo
569 2482 757 2523 refutata
798 2480 1082 2521 miscuerunt.
1153 2478 1337 2521 Scilicet
1365 2478 1564 2532 Turres„

89 2539 248 2583 Rueck.
278 2539 338 2582 al.
368 2538 444 2579 τὸν
475 2541 608 2592 νόμον
637 2544 718 2579 τοῦ
736 2553 805 2578 πυ.
827 2552 862 2577 τ.
887 2537 918 2587 ζ.
942 2535 1214 2587 relligionem
1242 2535 1418 2585 christ„
1451 2549 1564 2590 quae

74 2596 295 2652 ‘spiritum
325 2596 501 2637 vitalem
535 2595 813 2651 suppeditat,
845 2600 889 2634 et
912 2591 983 2633 τὸν
1015 2594 1146 2645 νόμον
1168 2597 1247 2648 τῆς
1271 2592 1365 2644 (Λμ.
1389 2607 1426 2633 κ.
1447 2607 1484 2633 τ.
1509 2594 1562 2634 Θ.

92 2654 209 2702 vim,
246 2652 548 2708 tyrannidem,
582 2651 792 2693 l'eocatus
817 2657 860 2691 et
883 2649 1041 2690 Mortis
1060 2649 1431 2705 explanaverunt3
1461 2663 1564 2689 con-

92 2716 160 2749 tra
196 2709 426 2760 metamus,
459 2708 629 2752 Roehm.
650 2710 707 2751 al.
734 2706 805 2748 [131¹
830 2708 957 2757 νόμον
978 2721 1012 2746 τ.
1033 2721 1102 2747 ην.
1122 2721 1160 2747 τ.
1183 2705 1239 2758 lg,
1271 2707 1409 2759 legem
1433 2719 1563 2760 quam

93 2767 242 2807 vitalis
264 2765 348 2806 Dei
369 2767 556 2821 spiritus
579 2766 701 2822 ponit
723 2772 764 2804 et
785 2763 858 2804 ἰὸν
882 2763 1012 2816 νόμον
1030 2768 1108 2816 τῆς
1120 2761 1212 2814 ‘Apa
1234 2779 1271 2804 κ.
1292 2777 1329 2802 τ.
1349 2762 1400 2802 Θ.
1423 2762 1562 2815 legem

96 2836 200 2868 mos.
220 2836 532 2880 ezposuerunt.
578 2822 831 2866 Koellnerus
858 2824 919 2876 (ν.
944 2820 1084 2876 Λορρ.
1115 2827 1158 2862 et
1180 2818 1354 2875 Morus)
1382 2814 1458 2860 τὸν
1486 2819 1564 2861 νό-
