1715 3115
482 204 572 249 CA
591 203 640 250 P.
674 204 804 251 vll.
866 206 958 251 Vs.
988 209 1031 254 7.
1062 212 1112 250 et
1141 209 1203 254 8..
1529 215 1587 256 33

103 311 208 354 tiam
230 310 385 353 salsam
409 324 506 353 esse
527 311 589 354 sic
612 326 784 368 quoque
805 312 917 354 citici
941 328 1092 369 posse,
1123 319 1170 356 ut
1191 328 1284 356 eam
1306 316 1453 373 potius
1475 332 1577 361 sen·

102 368 285 410 tentiam
307 382 450 408 veram
475 383 597 419 esse,
635 384 744 424 quae
779 370 930 410 natm-:⁴1
962 372 1037 411 sus}
1062 371 1180 412 illam
1214 372 1441 426 excludat,
1472 390 1576 416 con-

100 425 256 466 tendas
275 425 336 476 (3,
349 426 420 467 31.
454 426 520 475 ll,
539 427 642 478 11.).
695 421 752 466 ‘ll
767 422 960 478 ἁμαριία
977 432 1198 480 peccatum
1218 428 1425 481 declarat,
1456 431 1574 486 quod

100 481 173 523 hic
197 488 239 522 et
272 480 314 521 in
339 495 427 523 vs5.
455 495 553 536 sqq.
588 496 802 538 personae
829 483 1084 534 dignitatem
1116 484 1262 528 hahet.
1336 483 1572 530 Ιίνώσκειν

99 535 178 592 ’τὴν
201 531 294 589 Ἀμ.
326 535 377 581 P.
405 537 516 578 dixit
546 553 630 593 quo
661 538 787 580 modo
816 537 1044 592 γινώσκειν
1071 533 1313 594 ἄνθρωπον
1331 550 1571 598 usurpatur

98 593 284 636 Lucian.
312 592 372 637 D.
405 592 538 637 Mort.
568 596 636 646 ll,
660 596 700 637 1.
747 595 904 637 matth.
931 597 969 643 7,
990 596 1079 640 23..
1159 597 1392 650 Cognoscit
1423 605 1568 643 autem

99 648 334 692 Peccatum
362 651 437 706 qui
464 657 613 706 peccat
641 652 698 692 ei(
717 667 768 693 ue
798 658 866 692 est
893 649 1064 693 Peccati
1094 654 1246 695 notitia
1275 656 1348 710 qui
1377 659 1570 711 peccavit

97 706 390 758 2cor.5‚21..
452 706 672 750 Particula
697 665 748 749 ibv
768 709 902 762 (unus
926 708 1057 751 Mt.8.
1081 709 1210 751 habet
1234 707 1312 753 οὐκ
1334 707 1393 753 ἂν
1414 710 1570 768 ἔγνων)

96 763 316 805 rhetorice
336 764 497 806 omissa
522 770 605 808 est.
674 764 893 806 Nimirum
917 779 1003 806 rem
1025 766 1143 820 lonye
1163 766 1445 810 certissimam
1468 784 1567 812 esse

99 819 259 863 Graeci
280 821 569 873 significaturi
590 821 703 878 quod
729 822 783 863 ob
806 820 1096 862 conditionem
1127 835 1208 864 non
1241 823 1459 880 impletam
1481 841 1569 869 uon

97 881 167 918 est
204 877 363 918 sactum
405 878 568 919 omisso
617 872 669 918 ὅν
707 879 802 919 sine
833 878 1081 919 conditione
1123 887 1171 920 ut
1210 880 1367 922 sactum
1399 888 1568 935 ponunt

96 935 160 1031 g.
185 933 337 976 Herm.
367 934 437 975 De
467 935 678 990 particula
708 928 759 974 ἅν
786 935 816 977 1.
840 933 875 986 Ι,
906 949 943 976 c.
971 937 1035 977 13.
1077 934 1241 991 Opusc.
1267 936 1346 989 lv,
1366 939 1437 981 70.
1458 941 1566 994 sep).

139 989 290 1031 andem
321 990 503 1043 figuram
535 990 720 1033 Romani
753 992 1108 1048 frequentarunt:
1149 992 1238 1035 Cic.
1268 993 1321 1034 ad
1349 993 1470 1037 Fam.
1496 998 1565 1049 12,

96 1047 169 1098 24,
195 1046 238 1089 2.
280 1045 485 1088 Nondum
516 1048 651 1101 legati
688 1049 905 1090 redierant
932 1073 983 1078 —
1015 1047 1100 1089 nisi
1134 1049 1377 1103 legatorum
1409 1053 1564 1093 nuntio

95 1102 334 1160 paruisset.
411 1103 590 1145 Fortius
621 1105 758 1158 igitur
791 1104 953 1145 dicitur
979 1101 1057 1158 τὴν
1081 1101 1169 1157 {Aa
1205 1103 1283 1146 οὐκ
1315 1104 1469 1160 ἔγνων,
1521 1105 1566 1151 εἰ

94 1158 155 1215 μὴ
173 1183 229 1190 —-
251 1158 481 1201 Peccatum
508 1175 587 1202 non
616 1175 841 1216 coquorum
870 1161 932 1213 (h.
952 1176 991 1204 e.
1015 1161 1127 1202 haud
1147 1161 1277 1203 dubie
1301 1177 1381 1204 non
1405 1178 1566 1218 cogno-

95 1216 279 1269 vissem)
312 1216 420 1269 nisi,
439 1242 518 1269 —,
559 1232 684 1273 quam
707 1218 929 1258 diceretur
956 1215 1034 1273 τὴν
1053 1213 1145 1269 (Αμ.
1177 1217 1255 1260 οὔκ
1285 1219 1346 1260 ἄν
1375 1216 1482 1272 ἐ’γν.,
1523 1215 1564 1262 εἰ

93 1273 155 1325 μὴ
188 1295 246 1303 —-
275 1271 326 1315 P.
356 1287 438 1315 non
472 1275 773 1327 coynove'ssem,
813 1274 898 1315 nisi
927 1298 997 1318 —.
1064 1273 1134 1317 Ne
1157 1275 1203 1315 in
1225 1275 1284 1318 N.
1307 1276 1479 1331 quidem
1503 1276 1566 1321 T.

94 1329 258 1370 talibus
280 1329 322 1370 in
347 1329 379 1370 l.
401 1323 452 1370 ἷὶν
471 1331 717 1386 promiscue
742 1344 851 1371 nunc
872 1329 1072 1382 additur,
1109 1345 1221 1372 nunc
1247 1333 1564 1387 praetermitti—

94 1390 191 1438 tur,
229 1385 306 1428 sed
335 1385 503 1428 obtinet
536 1386 607 1428 hic
635 1401 806 1443 quoque
833 1387 971 1440 figura
1002 1385 1117 1443 quod
1146 1387 1236 1429 dixi
1268 1389 1437 1444 pondus
1465 1404 1565 1431 sen-

94 1443 258 1484 tentiae
295 1442 507 1501 adjiciens
545 1442 645 1486 Job.
674 1445 714 1494 8,
735 1445 806 1485 39.
845 1446 886 1494 9,
906 1444 977 1486 33.
1021 1444 1088 1494 19,
1116 1446 1182 1487 ll.
1242 1447 1348 1487 Act.
1381 1447 1448 1493 26,
1473 1447 1565 1489 32..

93 1496 135 1541 εἰ
153 1498 213 1555 μὴ
238 1497 312 1540 διὰ
334 1497 488 1554 νόμου]
518 1514 579 1543 sc.
603 1496 735 1553 ἔγνων
754 1496 904 1552 αὐτήν.
972 1499 1064 1541 [mo
1090 1500 1314 1543 Peccatum
1338 1501 1440 1543 mihi
1465 1505 1563 1556 (ge-

94 1556 190 1598 neri
212 1556 420 1610 humano)
451 1570 531 1597 non
550 1557 796 1597 emeruisset
826 1556 890 1610 (h.
913 1570 951 1598 e.
973 1557 1116 1597 minus
1139 1557 1450 1611 innotuisset),
1480 1557 1564 1600 nisi

91 1626 169 1668 per
195 1613 325 1668 Ieyem
356 1626 460 1654 mos.
490 1613 739 1654 innotuisset
760 1612 788 1653 i.
812 1626 852 1656 e.
877 1612 1068 1653 detracta
1095 1615 1435 1670 prosopopoeia:
1475 1616 1562 1655 imo

92 1668 213 1711 nulla
238 1683 376 1723 genus
408 1669 637 1710 humanum
667 1675 844 1724 peccata
875 1674 1098 1725 patrasset
1127 1671 1192 1724 (h.
1220 1685 1260 1713 e.
1293 1672 1423 1713 mulfo
1454 1685 1565 1722 pruc-

95 1726 211 1767 ciora
231 1739 273 1779 g.
297 1726 338 1768 h.
359 1732 532 1781 peccata
556 1731 801 1781 patrasset:
832 1731 1077 1780 comparate
1099 1727 1211 1768 enim
1238 1729 1276 1769 A
1288 1743 1330 1782 p.
1350 1728 1565 1782 loquitur,

97 1781 447 1837 quandoquidem
481 1782 581 1835 lege
615 1796 722 1824 mos,
754 1781 941 1822 nondum
979 1783 1255 1838 promulgata
1294 1793 1466 1840 peccata
1506 1784 1563 1824 ab

96 1837 344 1879 hominihus
366 1838 595 1880 commissa
616 1845 718 1878 sunt
738 1841 778 1885 3,
803 1839 917 1890 14.)‚
954 1838 1039 1879 nisi
1060 1854 1137 1896 per
1159 1841 1298 1894 legem
1323 1855 1429 1884 mos.
1455 1844 1563 1895 (non

96 1891 205 1934 vitio
231 1893 326 1951 ejus
355 1894 492 1947 legis,
529 1894 605 1936 sed
627 1895 894 1949 impuritatis
914 1895 1149 1947 humanae,
1188 1901 1235 1937 ut
1259 1895 1461 1953 deinceps
1485 1912 1563 1937 ex·-

95 1950 253 2007 plicat)
273 1949 326 1990 ad
349 1949 609 2006 peccandum
630 1951 912 1992 sollicitatum
934 1951 1091 1993 fuisset
1114 1953 1165 2006 (i.
1186 1967 1224 1994 e.
1246 1953 1284 1993 si
1305 1954 1442 1993 minus
1463 1967 1505 2009 p.
1529 1953 1563 1995 l.

97 2021 154 2050 m.
174 2020 214 2049 a.
237 2021 280 2062 p.
304 2007 587 2047 sollicitatum
612 2006 802 2058 fnisset).
873 2005 1080 2062 Plerique
1111 2009 1375 2063 interpretes
1404 2011 1564 2065 (nuper

96 2061 282 2114 Rueck„
321 2062 517 2113 Koelln„
558 2061 735 2113 Rea-h„
776 2062 827 2102 de
848 2061 1047 2114 Wettins,
1095 2065 1317 2106 Daehnius
1346 2065 1562 2110 (Ξηῐιυίςῗεῐ.

95 2133 142 2176 p.
162 2120 257 2171 41.)
289 2119 400 2160 hunc
432 2119 464 2161 l.
495 2118 557 2159 sic
586 2124 901 2174 exposuerunt:
955 2117 1041 2160 imo
1068 2121 1236 2174 peccati
1264 2122 1452 2162 rationes
1479 2136 1563 2162 non

96 2189 319 2231 coquorum
351 2176 414 2228 (h.
435 2189 474 2218 e.
507 2175 649 2215 minus
680 2180 880 2217 accurate
907 2188 1138 2229 cognoram
1167 2178 1208 2228 2,
1230 2178 1297 2220 12.
1321 2178 1434 2232 sq.),
1473 2175 1564 2219 uisi

95 2246 177 2289 per
201 2232 340 2285 legem
374 2246 484 2275 mos.
515 2231 832 2283 cognovissem.
895 2229 1064 2289 Nempe
1088 2238 1163 2274 aut
1185 2233 1364 2274 honeste
1385 2238 1460 2274 aut
1483 2233 1564 2274 mi-

95 2302 180 2330 nus
210 2288 390 2330 honeste
419 2288 630 2329 nonnulla
663 2289 757 2329 lieri
784 2291 1032 2345 putassem,
1079 2303 1189 2344 quae
1221 2290 1416 2346 improbe
1447 2304 1564 2331 com-

95 2345 214 2387 mitti
244 2344 384 2386 Musis
411 2345 482 2386 lex
512 2343 718 2387 ostendit.
795 2346 862 2386 At
889 2344 995 2386 haec
1024 2345 1238 2387 sententia
1273 2346 1382 2388 satis
1414 2345 1562 2402 inepte

94 2401 244 2446 verbis
273 2416 297 2442 a
327 2399 380 2444 P.
410 2402 565 2443 locatis
591 2401 816 2442 enuntiata
846 2405 986 2453 esset,
1023 2416 1133 2458 quae
1159 2402 1228 2444 his
1251 2417 1289 2444 v.
1312 2406 1413 2472 apte
1432 2408 1476 2444 et
1495 2401 1565 2444 di-

93 2458 238 2501 lucide
259 2457 427 2514 concipi
447 2459 667 2514 potuisset
691 2455 805 2499 ἀλλά
836 2455 885 2499 τὸ
915 2458 1109 2514 πονηρὸν
1138 2460 1195 2511 (ε.
1215 2458 1264 2500 τὸ
1288 2459 1464 2514 θελημα
1484 2456 1564 2500 τοῦ

94 2516 208 2558 θεοῦ
237 2515 279 2566 2,
301 2516 391 2567 18.)
419 2515 496 2556 οὐκ
528 2512 661 2568 ἔγνων
681 2518 764 2558 etc.
830 2513 1019 2556 Accedit
1045 2515 1159 2571 quod
1186 2509 1212 2568 ἡ
1237 2510 1446 2569 Ἁμαρτιά
1468 2529 1563 2556 eam

94 2572 181 2613 vim
200 2577 242 2613 et
259 2572 476 2613 notionem
502 2571 659 2612 haheat
681 2585 859 2613 necesse
878 2576 961 2622 est,
981 2586 1107 2627 quam
1128 2585 1168 2616 ν.
1182 2573 1275 2615 8-
1291 2574 1358 2615 ll.
1379 2571 1563 2613 obtinet.

57 2655 60 2658 ι
94 2627 185 2670 Sed
217 2628 444 2683 disputant
470 2628 540 2669 ilii
571 2628 858 2685 interpretes,
909 2635 1053 2670 utrum
1083 2631 1131 2671 ut
1165 2635 1370 2685 quantum
1405 2628 1565 2669 emolu-

94 2686 228 2727 menti
253 2684 571 2738 (Theodoret.,
601 2685 760 2728 Heum.
782 2689 827 2726 et
850 2685 976 2726 multi
998 2685 1096 2740 alii)
1121 2699 1175 2727 an
1200 2688 1406 2741 quantum
1430 2682 1564 2725 delri-

95 2743 229 2783 menta·
254 2741 457 2795 (Rueck,
486 2741 685 2793 Koelln.,
716 2741 887 2794 Reich.)
914 2741 983 2783 lex
1007 2756 1098 2784 mos
1119 2743 1267 2797 generi
1293 2743 1475 2782 hutmino
1498 2745 1565 2780 at-

95 2798 254 2839 tulisse
275 2798 520 2839 declararet.
545 2798 634 2854 Ap.
658 2794 771 2839 ἀλλὰ
790 2823 844 2828 —-—
865 2795 938 2838 διὰ
969 2793 1105 2851 νόμου
1137 2798 1382 2855 scripserit.
1441 2797 1565 2849 φιιεω

95 2852 338 2911 disputatio
371 2856 438 2897 vel
467 2860 700 2912 propterea
719 2855 864 2899 inanis
885 2860 981 2909 est,
1019 2855 1133 2912 quod
1156 2856 1268 2898 falsa
1290 2855 1446 2896 nititur
1469 2866 1565 2895 ver-

138 2923 323 2957 Fritzsclae
341 2922 406 2968 Ep.
429 2924 470 2958 ad
490 2923 596 2961 Rom.
615 2923 656 2957 P.
680 2923 723 2959 11.
1106 2912 1118 2926 ¹
